4409 6017
420 715 481 779 248
957 711 1116 778 Troisibmo
1137 713 1239 779 annde.

421 864 511 930 Petri
528 863 689 945 conditio,
706 884 816 929 mores
826 872 865 935 ,et
881 863 1011 932 merita,
1021 871 1098 929 sunt
1118 863 1250 929 notiora
1266 883 1367 948 quam
1380 862 1488 945 nobis,
1504 872 1541 929 et
1566 863 1624 950 qui
1644 863 1767 951 proinde

421 971 522 1033 rerba
538 969 609 1053 ejus
631 968 664 1032 in
681 967 799 1033 eadem
817 967 1050 1033 informatione
1065 974 1228 1032 contenta
1242 966 1350 1032 notari
1367 967 1487 1033 melius
1510 975 1548 1032 et
1572 967 1766 1055 interpretari

420 1072 543 1137 rectius
569 1071 705 1157 poteris,
722 1092 780 1156 per
803 1071 964 1136 dilectum
981 1070 1085 1135 filium
1102 1068 1281 1135 Matheum
1297 1069 1340 1136 de
1355 1070 1506 1153 Varenis,
1521 1071 1668 1138 militem
1689 1080 1766 1137 tuum

421 1186 456 1241 et
481 1176 647 1254 nuntium,
663 1175 887 1240 exhibitorem
910 1174 1127 1261 presentium,
1149 1173 1366 1257 destinamus,
1391 1195 1458 1241 nec
1477 1175 1671 1242 omittimus
1693 1175 1767 1261 quod

422 1280 530 1365 ipsum
547 1279 682 1344 fratrem
699 1278 836 1343 Petrum
853 1300 911 1364 per
924 1280 1154 1364 juramentum
1169 1277 1448 1363 interrogavimus
1461 1299 1505 1344 an
1521 1280 1636 1365 aliqua
1651 1280 1765 1346 fecisset

422 1383 455 1447 in
470 1382 497 1447 F
499 1382 625 1448 landria
641 1384 694 1447 rel
710 1382 857 1463 dixisset,
869 1403 929 1469 per
944 1404 1009 1467 que
1027 1381 1248 1447 Flandrenses
1263 1381 1425 1448 deberent
1439 1383 1592 1449 duriores
1601 1381 1766 1468 quomodo

422 1488 504 1553 libet
525 1486 612 1552 effici
638 1496 696 1552 aut
723 1487 757 1551 in
778 1487 943 1553 discordia
967 1507 1027 1552 seu
1049 1486 1234 1573 pertinacia
1258 1494 1420 1553 consueta
1434 1487 1564 1567 nutriri,
1580 1488 1638 1572 qui
1659 1488 1767 1573 juratus

422 1591 561 1655 asseruit
586 1612 621 1655 se
645 1611 709 1656 nec
732 1589 850 1656 fecisse
865 1592 933 1655 tale
949 1591 1074 1675 aliquid
1090 1611 1155 1657 nec
1175 1590 1306 1656 dixisse.
1328 1590 1381 1656 Tu
1405 1611 1495 1676 ergn,
1520 1591 1579 1673 fili,
1600 1591 1767 1678 predictam

422 1695 695 1760 informationem
721 1695 833 1760 ridere
858 1697 912 1760 rel
937 1694 1051 1760 audire
1075 1715 1152 1760 com
1179 1694 1352 1779 diligentia
1376 1695 1513 1780 poteris,
1532 1694 1691 1780 quicquid
1705 1692 1768 1759 inde

420 1799 482 1864 tibi
507 1797 675 1864 ridebitur
699 1799 796 1864 nobis
816 1799 968 1863 celeriter
991 1798 1220 1884 rescripturus,
1237 1805 1274 1863 ut
1288 1797 1410 1864 exinde
1430 1799 1579 1865 collecto
1603 1806 1663 1863 tue
1684 1801 1768 1864 bene·

421 1903 547 1989 placito
562 1903 798 1982 voluntatisin
815 1902 879 1967 hiis
895 1923 959 1987 que
975 1923 1053 1987 erga
1064 1902 1193 1968 dictum
1209 1902 1345 1967 fratrem
1361 1902 1498 1968 Petrum
1507 1902 1639 1987 agenda
1654 1901 1768 1980 hierint,

423 2008 607 2072 consultius
622 2006 852 2092 procedamus.
869 2006 947 2071 Dat.
963 2006 1064 2072 Asin.
1082 2026 1099 2069 2
1125 2005 1169 2071 id.
1186 2005 1385 2092 septembris
1398 2016 1413 2041 ⁰
1428 2007 1487 2093 (¹).
1503 2028 1522 2070 1

456 2145 515 2202 trop.
528 2146 586 2193 l'm.
601 2148 654 2194 lull.
667 2145 685 2192 f.
699 2146 751 2194 1511,
764 2159 789 2192 n.
802 2146 849 2191 11115
862 2160 867 2200 ;
882 2144 939 2192 l'at.
955 2146 1006 2200 llo,
1019 2159 1079 2207 pars
1091 2143 1111 2203 1,
1124 2144 1143 2194 f.
1156 2146 1195 2204 ll,
1207 2158 1232 2192 n.
1244 2146 1300 2192 241.
1314 2171 1344 2180 -
1357 2145 1464 2204 Coulon,
1476 2160 1503 2195 11.
1516 2149 1565 2195 706
1577 2147 1684 2210 (texte).

465 2313 581 2398 636.
1384 2329 1480 2410 1318,
1496 2348 1539 2411 14
1554 2330 1737 2417 septembre.

468 2433 607 2517 Hugoni
633 2433 675 2498 de
699 2434 824 2501 Sancto
839 2433 1007 2516 Amando,
1024 2435 1202 2520 capellano
1226 2443 1261 2498 et
1284 2434 1437 2499 familiari
1456 2433 1559 2517 Petri,
1581 2436 1615 2502 S.
1637 2435 1772 2502 Suranue

422 2538 595 2624 presbiteri
621 2536 806 2619 cardinalis,
828 2538 998 2604 confertur
1023 2537 1239 2624 parrochialis
1263 2538 1404 2604 ecclesia
1428 2537 1471 2604 de
1495 2536 1672 2622 Fontanis,
1686 2539 1773 2605 Seno

423 2642 536 2705 nensis
546 2641 698 2721 diocesis,
709 2662 833 2707 uacans
844 2663 904 2727 per
919 2642 1048 2706 obitum
1059 2640 1209 2721 Roberti,
1220 2642 1359 2708 rectoris
1373 2641 1524 2726 ejusdem
1534 2643 1689 2726 ecclesie,
1699 2641 1775 2730 apud

424 2744 545 2809 Sedem
560 2745 780 2830 apostolicam
796 2745 956 2826 defuncti,
972 2765 1040 2809 non
1057 2748 1214 2810 obstante
1237 2745 1327 2830 quod
1342 2744 1586 2831 parrochialem
1613 2745 1776 2814 ecclesiam

424 2848 466 2913 de
488 2849 651 2914 Calastria
677 2851 823 2935 reposita
850 2858 885 2914 et
912 2849 945 2914 in
961 2849 992 2915 S.
1008 2849 1184 2933 Gangerici
1203 2849 1393 2915 Haltrensis
1410 2849 1654 2916 canonicatum
1667 2859 1703 2916 et
1715 2869 1776 2937 pre

423 2952 626 3030 henrlarn,ac
641 2963 839 3038 perpetuam
855 2953 1075 3038 capellaniam
1085 2953 1197 3017 altaris
1213 2952 1244 3017 S.
1257 2952 1399 3018 Dionisii
1415 2952 1469 3018 siti
1486 2951 1521 3018 in
1537 2954 1735 3039 parrochiali
1743 2951 1777 3018 de

425 3055 597 3136 Solennes,
610 3077 744 3122 necnon
757 3065 791 3121 et
808 3057 840 3120 in
858 3057 889 3122 S.
901 3056 989 3121 Petri
1006 3054 1199 3137 Insolensis,
1215 3056 1305 3122 dicte
1312 3056 1524 3137 Senonensis,
1538 3055 1777 3124 Cameracensis

422 3169 457 3224 et
482 3160 706 3225 Tomaceusis
732 3160 914 3241 diocesum,
931 3160 1079 3226 ecclesiis
1106 3160 1342 3226 canonicatum
1367 3162 1426 3225 sub
1452 3161 1693 3246 expectatione
1716 3181 1775 3248 pre·

424 3265 534 3329 beude
551 3265 692 3328 obtinet.

469 3367 690 3450 Suffragantia
706 3368 799 3433 tibi...

470 3472 546 3537 Dat.
562 3473 662 3538 Ario.
683 3475 719 3537 18
736 3472 801 3537 kal.
818 3472 966 3537 octobris
981 3493 1071 3537 anno
1089 3492 1118 3556 3.

469 3576 507 3639 111
534 3599 563 3640 e.
590 3598 634 3641 nr.
659 3576 756 3661 priori
785 3578 820 3641 S.
839 3576 1018 3641 salvatoris
1041 3597 1146 3662 prope
1169 3577 1342 3656 Secanam,
1359 3577 1564 3644 Senonensis
1587 3578 1735 3657 diocesis,
1748 3583 1773 3639 et

424 3680 558 3744 :lmlree
581 3681 624 3744 de
642 3679 822 3759 Florentia,
845 3679 1057 3760 Seuonensis,
1082 3699 1122 3744 ac
1146 3680 1318 3766 Stephano
1336 3679 1471 3762 Morini,
1490 3679 1660 3748 Metensis
1685 3679 1771 3746 eccle·

425 3804 545 3847 siarum
562 3803 741 3846 canonicis.

460 3920 517 3976 liefr.
535 3923 581 3966 ,lu
597 3923 631 3966 ll.
646 3921 662 3966 f.
678 3923 718 3966 0¹¹3*
731 3936 735 3966 :
750 3921 806 3967 l'ut.
823 3924 862 3976 1121,
878 3921 894 3967 l'.
908 3924 957 3970 thil.
972 3936 996 3968 11.
1009 3923 1048 3969 δῖ.

470 4103 582 4188 637.
1016 4119 1021 4126 '
1385 4124 1480 4205 1318,
1498 4141 1542 4206 17
1556 4125 1736 4211 septembre.

471 4221 641 4287 Bemardo
657 4223 830 4301 Guidonis,
848 4225 1031 4309 inquisitori
1057 4225 1204 4290 heretice
1227 4226 1400 4310 pravitatis
1415 4225 1449 4290 in
1465 4247 1572 4313 regno
1590 4226 1731 4304 Francie,
1742 4227 1766 4286 et

428 4325 611 4390 Beruumlo
626 4328 668 4391 de
686 4328 797 4405 Turre,
814 4350 904 4393 sacre
921 4329 1091 4411 theologie
1115 4330 1283 4413 magistro,
1300 4330 1451 4396 ministro
1476 4332 1673 4417 proxinciali
1686 4324 1765 4413 nqui-

426 4429 526 4500 tanic.
544 4431 668 4495 nunriis
685 4432 886 4516 apostolicis,
904 4432 1080 4497 mandatur
1095 4444 1260 4517 quatenus
1273 4434 1522 4520 Compendium
1533 4436 1589 4502 die
1599 4457 1664 4521 qua
1673 4425 1764 4500 Gallici

425 4543 458 4597 et
478 4532 698 4599 flandrenses
714 4536 893 4601 convenire
911 4534 1045 4610 debent,
1062 4537 1279 4620 personaliter
1295 4545 1373 4602 eant
1392 4547 1426 4603 et
1442 4538 1574 4605 litteras
1589 4536 1764 4627 apostolica

426 4636 473 4700 eis
489 4647 693 4721 presentent.

458 4787 482 4816 n.
499 4770 555 4815 ihu.
569 4773 582 4812 :l
596 4769 629 4815 id.
646 4770 795 4829 siper-mines
811 4787 857 4832 eegr.
873 4773 882 4818 1
889 4774 925 4818 111.

462 4973 706 5034 l.liupr-ndum
732 4975 748 5020 il
769 4975 840 5032 <agir
857 4977 921 5022 dan-
936 4989 1004 5025 orte
1024 4978 1098 5025 lettre
1116 4993 1263 5034 communen
1277 4978 1422 5041 lcljuillet
1442 4973 1759 5045 13111;ιιοιιειεῐιῃοὲἅωῐῐε
1806 4975 1811 4998 ³

428 5056 462 5102 lc-
480 5067 556 5103 netes.
570 5058 608 5102 l'f.
624 5056 724 5102 llnluzv.
746 5056 911 5106 1111111111,
925 5058 962 5106 ol.
982 5060 1073 5118 Mau-i,
1088 5072 1106 5108 t.
1123 5060 1154 5108 ll.
1168 5076 1192 5122 p.
1205 5063 1260 5110 251.
1276 5061 1351 5109 t'rttt·
1371 5062 1447 5111 leura
1466 5062 1522 5111 doit
1542 5063 1599 5115 ὀίω
1616 5065 1648 5114 dc
1665 5064 1687 5111 la
1702 5053 1758 5106 1111111

428 5153 517 5184 11’1“111“1“.
