4409 6017
735 1098 1059 1201 snrrrbmn
1108 1098 1336 1225 nunes.
1434 1089 1438 1096 ’

459 1373 597 1467 1322,
626 1373 658 1458 5
687 1373 1052 1472 septembre-
1080 1370 1220 1469 1323,
1249 1370 1282 1450 4
1312 1369 1616 1469 septembre.
1657 1395 1660 1401 ·

399 1712 549 1795 1086.
1339 1744 1434 1806 1322,
1447 1742 1471 1806 5
1485 1725 1675 1811 septembre.

398 1829 551 1897 Gerardo
575 1829 765 1897 Benvenuti
790 1831 959 1898 confertur
981 1829 1199 1896 canonicatus
1221 1828 1361 1904 ecclesie
1388 1827 1430 1893 de
1453 1827 1484 1893 S.
1508 1826 1715 1906 Andomam,

352 1932 563 2002 Morinensis
587 1933 739 2017 diocesis,
755 1938 816 2002 sub
831 1934 1070 2021 expectatione
1093 1933 1276 2021 prebende.

402 2038 598 2104 Honestate
613 2058 787 2105 morum...

402 2142 482 2207 Dat.
498 2142 598 2209 Avin.
614 2162 693 2209 non.
709 2143 910 2229 septembris
925 2161 1017 2207 anno
1033 2159 1064 2226 7.

403 2245 444 2312 In
470 2267 500 2312 e.
525 2267 569 2311 m.
592 2246 753 2332 magistro
778 2246 888 2313 Bindo
911 2245 954 2312 de
984 2246 1088 2328 Senis,
1119 2245 1291 2333 preposito
1324 2245 1466 2312 ecclesie
1502 2241 1723 2323 Coloniensis‚

354 2350 492 2417 notario
507 2370 604 2436 pape,
625 2358 660 2416 et
682 2350 714 2417 S.
734 2349 902 2428 Johannis
918 2348 1122 2416 Morinensis
1139 2369 1181 2416 ac
1202 2350 1234 2416 S.
1250 2348 1378 2415 Bertini
1401 2348 1444 2415 de
1468 2349 1499 2414 S.
1519 2346 1723 2417 Andomaro,

356 2455 565 2522 Morinensis
580 2455 734 2539 diocesis,
750 2455 1032 2522 monasteriorum
1052 2454 1239 2522 abbatibus.

393 2600 454 2661 neg.
469 2601 518 2648 av.
531 2600 569 2660 18,
581 2599 599 2649 r.
612 2600 656 2649 arv
669 2615 674 2658 ;
686 2600 746 2651 vat.
756 2602 796 2661 74,
807 2601 826 2652 r.
836 2604 888 2661 aar,
898 2615 925 2651 n.
936 2603 976 2651 rs.

406 2772 553 2855 1087.
993 2802 996 2807 “
1342 2810 1437 2872 1322,
1453 2809 1474 2875 9
1490 2787 1680 2875 septembre.

404 2889 605 2957 Vicecomiti
635 2888 678 2956 de
709 2889 982 2974 Vicecomitibus,
1017 2893 1134 2979 nepoti
1164 2892 1269 2959 felicis
1293 2892 1535 2959 recordationis
1567 2889 1718 2975 Gregorii

358 3016 449 3081 pape
479 2993 522 3076 X,
546 2994 722 3080 capellano
750 3014 848 3081 pape,
878 2996 1125 3081 sexagesimum
1161 2995 1262 3063 etatis
1290 3016 1349 3062 sue
1379 3015 1506 3062 annum
1542 2986 1725 3080 peragenti,

360 3100 553 3185 indulgetur
568 3106 606 3163 ut
621 3095 799 3165 residendo
815 3100 850 3164 in
865 3100 976 3185 aliqua
991 3101 1134 3167 ecclesia
1152 3101 1185 3166 in
1201 3121 1268 3186 qua
1282 3100 1502 3167 beneficiatus
1518 3106 1579 3178 est,
1600 3097 1725 3164 fructus

361 3202 612 3290 prebendarum·
630 3222 712 3286 quas
741 3203 874 3269 obtinet
901 3203 935 3268 in
963 3203 1173 3286 Camotensi,
1197 3203 1402 3271 Tornacensi
1429 3212 1464 3270 et
1489 3204 1520 3268 S.
1547 3201 1724 3267 Trinitatis
1785 3288 1788 3295 Ι

361 3304 642 3372 Cathalaunensis
664 3305 823 3389 ecclesiis,
861 3328 1001 3393 quarum
1030 3308 1212 3375 canonicus
1236 3307 1359 3391 existit,
1383 3308 1427 3376 ad
1459 3305 1724 3393 quinquennium

362 3411 538 3497 percipere
553 3410 675 3474 valeat.

411 3524 501 3587 Dum
517 3521 560 3587 ad
576 3540 796 3605 personam...

410 3626 606 3694 Dat-rivin.
624 3644 641 3711 5
658 3625 702 3691 id.
719 3621 918 3709 septembris
933 3642 1023 3687 anno
1039 3638 1069 3705 7.

411 3731 452 3797 In
468 3752 498 3796 e.
514 3751 559 3795 m.
570 3729 700 3795 decano
715 3736 750 3793 et
765 3726 893 3793 cantori
911 3726 1105 3793 Parisiensis
1119 3747 1159 3793 ac
1171 3723 1379 3793 Manuelide
1397 3726 1541 3809 Flischo,
1558 3727 1727 3793 canonico

366 3834 617 3903 Attrebateusis
632 3832 859 3900 ecclesiarum.

400 3975 461 4036 lieg.
473 3977 521 4024 Av.
535 3976 573 4034 18,
587 3975 605 4024 t.
626 3974 685 4030 87';
699 3972 757 4021 Vnt.
770 3972 810 4030 74,
824 3971 842 4019 t.
858 3969 895 4029 18,
909 3983 935 4019 n.
947 3971 970 4018 8.

414 4152 561 4236 1088.
1326 4186 1422 4249 1322,
1438 4168 1483 4231 18
1498 4168 1687 4254 septembre.

413 4271 515 4336 Petro
545 4271 587 4336 de
622 4268 824 4335 Houtkerke
859 4268 1028 4334 confertur
1058 4268 1276 4335 canonicatus
1305 4270 1447 4335 ecclesie
1478 4270 1526 4336 S.l
1540 4270 1727 4357 Walburgis

371 4374 561 4455 Furnensis,
573 4373 777 4439 Morinensis
785 4372 938 4454 diocesis,
949 4375 1009 4437 sub
1023 4372 1259 4459 expectatione
1269 4373 1449 4459 prebende,
1461 4374 1729 4440 consideratione

370 4479 493 4559 Caroli,
516 4478 602 4563 regis
618 4477 767 4557 Francis,
792 4496 860 4540 non
877 4479 1034 4542 obstante
1057 4476 1148 4562 quod
1164 4477 1198 4541 in
1214 4477 1357 4543 ecclesia
1380 4477 1411 4543 S.
1428 4477 1517 4542 Petri
1535 4477 1728 4559 lnsulensis,

371 4584 595 4649 Tornacensis
610 4581 762 4661 diocesis,
778 4581 1014 4646 canonicatum
1031 4589 1066 4645 et
1081 4581 1287 4667 prebendam
1303 4581 1446 4646 obtinet.

417 4686 623 4772 Multiplicia
638 4695 735 4751 tue...

412 4792 496 4884 Dat.
512 4791 669 4875 Avin..14
686 4791 752 4857 kal.
768 4790 914 4858 octobris
930 4810 1019 4854 anno
1037 4809 1065 4872 7.
1606 4845 1608 4849 ,
1642 4876 1643 4879 ¹

417 4894 458 4960 ln
474 4916 503 4961 e.
526 4917 571 4959 m.
588 4893 735 4980 Iprensis
759 4905 794 4961 et
821 4894 961 4960 Loensis
986 4894 1277 4975 monasteriorum,
1305 4893 1507 4961 Morinensis
1521 4894 1675 4975 diocesis,
1693 4905 1727 4962 et

371 4998 514 5066 ecclesie
531 4997 731 5082 Maguntine
746 4998 934 5085 prepositis.

410 5145 473 5215 Reg,
487 5148 535 5195 Av.
551 5146 588 5203 19,
602 5145 619 5194 i.
635 5146 681 5192 454
695 5160 700 5201 ;
713 5144 771 5194 Vat.
787 5147 826 5205 75,
838 5145 856 5193 i.
871 5146 939 5203 243¹,
953 5159 979 5193 n.
993 5144 1063 5198 1649,
