4409 6017
510 699 572 763 544
1046 696 1203 761 11111νί11111
1224 697 1326 761 annea.

557 843 701 928 1468.
1447 886 1449 888 ’
1479 877 1574 943 1324,
1591 858 1639 920 28
1654 859 1841 922 decembre.

555 963 704 1029 Vedasto
733 961 775 1027 de
803 962 981 1030 Villaribus
1016 962 1184 1030 Colliresti
1213 964 1385 1030 confertur
1419 960 1640 1029 canonicatus
1678 961 1831 1027 ecclesie
1852 962 1877 1025 S.

510 1066 705 1147 Audomari,
722 1064 927 1133 Morinensis
941 1067 1094 1147 diocesis,
1105 1069 1165 1133 sub
1181 1067 1419 1154 expectatione
1434 1065 1615 1153 prebende,
1632 1084 1710 1131 non
1727 1067 1878 1131 obstante

511 1171 602 1256 quod
620 1169 863 1257 parrochialem
879 1170 1057 1237 ecclesiam
1072 1171 1115 1238 de
1139 1173 1270 1256 Aynart
1288 1191 1329 1236 ac
1352 1171 1588 1237 canonicatum
1613 1176 1650 1235 et
1672 1169 1878 1254 prebendam

511 1275 652 1343 ecclesie
663 1275 694 1340 S.
709 1274 822 1341 Albini
838 1275 881 1342 de
897 1274 1072 1362 Crispeyo,
1088 1275 1355 1361 Pampilonensis
1370 1286 1405 1342 et
1420 1272 1880 1355 Silvanectensisdiocesum,

512 1379 655 1461 obtinet,
667 1400 725 1445 seu
742 1379 832 1463 quod
855 1379 889 1444 in
913 1379 1053 1446 ecclesia
1076 1379 1109 1445 S.
1126 1378 1317 1446 Frambaldi
1341 1377 1601 1446 silvanectensis
1617 1377 1651 1442 in
1676 1377 1880 1444 canonicum

511 1487 572 1552 sub
585 1485 821 1572 expectatione
837 1484 1007 1571 prebende
1022 1493 1179 1571 receptus
1194 1493 1256 1551 est.
1908 1552 1909 1561 ,

554 1587 896 1674 Suffragantiatibi...
1679 1587 1683 1593 ’
1907 1614 1909 1697 p

554 1694 635 1759 Dat.
651 1693 751 1758 Avin.
770 1713 786 1777 5
804 1693 871 1760 kal.
883 1694 1023 1778 januarii
1040 1715 1130 1761 anno
1148 1716 1176 1776 9.
1908 1722 1909 1725 ¹

555 1796 596 1862 In
619 1819 648 1863 e.
670 1817 714 1863 m.
729 1794 934 1863 Morinensis
954 1807 989 1863 et
1005 1798 1264 1865 silvanectensis
1289 1798 1425 1866 decanis
1440 1818 1480 1864 ac
1503 1794 1651 1876 Johanni
1675 1795 1724 1862 de
1750 1797 1879 1879 Pennis,

511 1900 676 1969 canonico
693 1899 867 1967 Remensis
883 1901 1110 1968 ecclesiarum.

543 2038 605 2099 Itcg.
621 2039 668 2088 111.
683 2040 721 2097 22,
735 2038 753 2087 f.
768 2040 844 2092 377¹]
859 2038 916 2087 Vnt.
931 2041 970 2098 78,
984 2040 1002 2088 f.
1020 2041 1075 2099 199,
1090 2054 1115 2089 n.
1131 2042 1186 2090 602.

556 2213 702 2297 1469.
1523 2231 1842 2314 1325123111111111.
1907 2199 1909 2277 i

556 2330 719 2418 Magistro
742 2332 872 2411 Jacobo
887 2333 929 2399 de
954 2331 1092 2417 Lorgiis,
1109 2353 1202 2399 sacre
1226 2332 1397 2419 theologie
1423 2334 1563 2415 doctori,
1581 2335 1760 2402 confertur
1786 2358 1876 2404 cano

511 2437 643 2503 nicatus
663 2437 805 2503 ecclesie
827 2436 1058 2503 Laudunensis
1079 2440 1139 2503 sub
1166 2437 1404 2524 expectatione
1428 2438 1608 2523 prebende,
1628 2459 1700 2506 non
1727 2443 1875 2508 obstante

511 2541 601 2625 quod
617 2541 651 2605 in
661 2541 802 2606 ecclesia
813 2541 845 2606 S.
860 2539 973 2626 Begge
984 2540 1206 2621 Andanensis,
1220 2539 1577 2623 LeodiensisdiocesiS,
1594 2543 1875 2611 canonicatumet

511 2644 717 2732 prebendam
733 2665 773 2710 ac
788 2644 1031 2731 parrochialem
1053 2644 1229 2711 ecclesiam
1245 2645 1276 2712 S.
1295 2645 1470 2732 Gangerici
1486 2648 1725 2714 Atrebatensis
1741 2649 1874 2716 obtinet

557 2747 760 2814 Litterarum
784 2748 965 2818 scientia...

557 2852 635 2918 Dat.
650 2852 751 2919 Avin.
769 2874 786 2918 2
804 2852 848 2918 id.
856 2853 1001 2938 januarii
1018 2873 1110 2919 anno
1127 2875 1156 2935 9.

557 2957 597 3023 In
613 2978 643 3023 e.
659 2977 704 3022 m.
721 2957 881 3042 episcopo
897 2957 1110 3023 Atrebatensi
1127 2966 1162 3023 et
1178 2958 1210 3024 S.
1227 2957 1401 3024 Genovese
1428 2958 1622 3025 Parisiensis
1644 2979 1685 3025 ac
1711 2961 1745 3027 S.
1758 2959 1778 3040 J
1781 2962 1872 3029 ohan·

516 3061 569 3127 nis
584 3060 817 3127 Laudunensis
831 3060 1109 3128 monasteriorum
1126 3062 1310 3129 abbatibus.

493 3210 497 3220 ·
546 3201 609 3261 neg.
622 3202 670 3248 av.
683 3203 725 3259 11,
738 3200 755 3247 r.
768 3202 828 3247 151·
841 3216 847 3258 ;
859 3200 962 3260 Varus,
975 3201 993 3249 r.
1006 3203 1073 3260 rso,
1087 3216 1113 3251 n.
1128 3204 1184 3252 557.

563 3388 707 3469 1470.
1521 3426 1619 3487 1325,
1637 3427 1682 3469 12
1691 3410 1839 3490 5111111111.

558 3505 689 3570 Thome
706 3504 748 3570 de
773 3505 899 3570 Sancto
924 3505 1076 3591 Sulpitio,
1098 3505 1222 3571 clerico
1251 3507 1504 3592 Andegavensis
1523 3508 1679 3591 diocesis,
1697 3519 1874 3576 reservatur

515 3609 716 3676 beneficium
743 3610 1005 3675 ecclesiasticum
1030 3608 1072 3674 ad
1096 3610 1314 3675 collationem
1338 3612 1487 3698 episcopi
1514 3612 1783 3696 Cameracensis,
1810 3633 1874 3679 curn

515 3733 594 3779 cura
609 3716 663 3779 vel
679 3714 750 3779 sine
763 3734 841 3779 cura
854 3715 912 3799 (80
928 3715 982 3778 vel
998 3734 1039 3798 40
1055 3713 1112 3780 lib.
1122 3721 1186 3779 tur.
1197 3719 1314 3800 paru).

559 3815 743 3883 Laudabile
759 3818 1031 3883 testimonium...

562 3920 640 3986 Dat.
656 3922 757 3986 Avin.
776 3943 793 3985 2
811 3921 854 3986 id.
868 3922 1008 4006 januarii
1025 3942 1115 3987 anno
1133 3942 1160 4001 9.

563 4023 655 4089 Ine.
680 4046 724 4088 m.
748 4025 908 4111 episcopo
930 4025 1144 4090 Atrebatensi
1173 4034 1208 4091 et
1235 4028 1348 4093 abbati
1374 4029 1567 4095 monasterii
1591 4030 1622 4095 S.
1647 4029 1824 4097 Genovefe
1845 4049 1877 4095 ac
1908 4038 1909 4042 ’

518 4126 648 4192 decano
664 4128 805 4194 ecclesie
822 4128 1024 4194 Parisiensis.

549 4265 611 4328 ch.
627 4269 675 4317 Ar.
691 4271 730 4326 22,
746 4268 763 4317 f.
779 4271 857 4326 :stou
872 4268 929 4318 l'nt.
947 4271 985 4328 ta,
1000 4270 1017 4317 f.
1036 4272 1129 4329 111111.
1146 4271 1200 4320 587.

563 4439 696 4520 1471.
1533 4476 1629 4538 1325,
1647 4462 1842 4542 1231111111.

563 4556 748 4624 Guillelmo
763 4558 804 4624 de
822 4556 1025 4639 Marchiant,
1041 4559 1135 4624 dicto
1151 4558 1199 4624 Le
1224 4558 1345 4641 Borne,
1362 4559 1531 4625 confertur
1545 4561 1769 4629 canonicatus
1783 4562 1878 4628 eccle·

519 4659 566 4726 sie
595 4660 846 4728 Cameracensis
872 4665 931 4727 sub
964 4662 1201 4747 expectatione
1235 4662 1414 4748 prebende,
1450 4684 1518 4728 non
1546 4666 1706 4731 obstante
1738 4665 1827 4752 quod
1849 4664 1876 4727 in

519 4766 660 4830 ecclesia
673 4765 938 4831 Autisiodorensi
956 4766 1193 4831 canonicatum
1204 4769 1263 4832 sub
1280 4767 1520 4853 expectatione
1536 4769 1707 4853 prebende
1724 4791 1766 4836 ac
1780 4768 1877 4854 digni·

519 4869 598 4933 tatis
614 4890 672 4933 seu
687 4877 884 4955 personatus
900 4870 954 4933 vel
970 4869 1071 4935 officii
1090 4870 1228 4934 obtinet.

562 4971 733 5038 Nobilitas
748 4973 917 5057 generis...

561 5074 641 5141 Dat.
657 5075 756 5139 Avin.
771 5095 787 5139 2
805 5077 848 5140 id.
856 5077 994 5160 januarii
1010 5097 1100 5141 anno
1112 5097 1140 5156 9.
