4409 6017
419 688 482 754 462
961 689 1110 757 Huitieme
1129 688 1234 754 anate.
1286 735 1292 748 .

466 837 601 919 1241.
1432 869 1602 935 132319
1616 847 1735 915 octobm

463 956 649 1036 Boniiacio,
665 956 735 1022 filio
761 956 883 1021 nobilis
908 955 968 1019 viri
996 956 1148 1035 Antonii,
1163 955 1357 1022 condomini
1382 955 1427 1021 de
1452 953 1605 1041 Bargiis,
1628 953 1707 1019 ooui

419 1062 638 1128 canonicatus
674 1061 816 1126 ecclesie
859 1059 1084 1127 Tomacensis
1121 1063 1182 1126 sub
1220 1059 1460 1146 expectatione
1499 1058 1690 1145 prebende,

419 1168 576 1231 obstante
592 1164 682 1250 quod
698 1165 731 1229 in
746 1165 973 1230 Anthoniensi
990 1166 1228 1230 canonicatum
1251 1173 1286 1229 et
1308 1163 1520 1250 prebendam
1549 1163 1688 1228 obtinet
1700 1159 1748 1225 et’

419 1270 602 1348 vaellensi,
618 1267 868 1334 Cameracensis
883 1277 918 1333 et
935 1268 1157 1333 Eboracensis
1182 1267 1364 1353 diocesum,
1380 1266 1540 1332 ecclesiis
1556 1269 1625 1331 sub

419 1373 513 1438 tione
529 1371 701 1458 prebende
716 1372 749 1436 in
766 1373 968 1438 canonicum
984 1380 1036 1436 est
1051 1381 1217 1456 receptus.

465 1474 650 1541 Laudabile
665 1476 941 1541 testimonium...

465 1579 544 1645 Dat.
559 1580 660 1645 Avin.
677 1600 716 1664 14
734 1579 800 1648 kal.
818 1580 1010 1644 novembris
1025 1600 1117 1645 anno
1133 1582 1163 1644 8.

465 1680 505 1747 In
521 1704 550 1746 e.
566 1704 612 1748 m.
627 1684 788 1769 episcopo
805 1681 982 1749 Bellicensi
1010 1697 1045 1749 et
1069 1685 1169 1770 priori
1197 1684 1239 1749 de
1268 1683 1394 1747 Albino
1419 1702 1461 1747 ac
1487 1681 1634 1746 decano
1657 1680 1722 1745 eccl
1749 1677 1754 1688 ’

421 1785 453 1850 S.
465 1785 600 1851 Andree
616 1788 649 1850 in
667 1786 841 1866 Sabaudia,
857 1786 1173 1875 Gratianopolitane
1188 1787 1341 1852 diocesis.

457 1923 516 1985 Reg.
534 1928 579 1972 Ar.
594 1928 633 1973 21).
646 1926 663 1972 i.
682 1928 723 1972 lll
739 1942 744 1974 ;
758 1926 817 1975 vat.
833 1927 872 1985 iti,
883 1926 900 1974 i.
913 1929 953 1975 56.
970 1942 995 1975 n.
1013 1928 1066 1974 131.

466 2103 607 2185 1242.
1406 2141 1504 2203 1323,
1521 2141 1545 2183 2
1567 2119 1746 2183 novembre.

466 2229 613 2308 Johanni
638 2230 680 2295 de
706 2229 824 2309 Pratis,
851 2230 963 2313 legum
990 2229 1180 2314 professori,
1207 2232 1377 2298 confertur
1400 2231 1635 2298 canonicatus
1662 2230 1729 2295 eccl
1756 2224 1762 2235 '

423 2333 703 2399 Cathalaunensis
728 2334 790 2398 sub
814 2333 1053 2417 expectatione
1076 2336 1257 2420 prebende,
1284 2335 1561 2402 consideratione
1590 2328 1755 2398 Clemen‘

422 2439 540 2502 relicte
556 2435 729 2516 Ludovici,
744 2436 831 2521 regis
847 2435 997 2518 Francie,
1013 2459 1082 2504 non
1098 2441 1258 2504 obstante
1273 2439 1363 2524 quod
1379 2439 1412 2503 in
1432 2437 1649 2503 Belvacensi
1672 2447 1707 2502 et
1728 2431 1775 2498 No

424 2541 587 2605 viomensi
604 2539 755 2605 ecclesiis
770 2538 987 2606 canonicatus
1002 2550 1037 2606 et
1053 2542 1250 2627 prebendas,
1265 2564 1306 2608 ac
1321 2550 1542 2627 personatum
1568 2540 1619 2606 de
1646 2538 1776 2610 Helles&

424 2645 495 2709 sine
511 2666 600 2725 cura,
616 2643 867 2709 Cameracensis
881 2644 1034 2724 diocesis,
1050 2648 1110 2729 (30
1126 2647 1183 2710 lib.
1199 2647 1312 2731 paris.)
1329 2645 1472 2712 obtinet.

472 2745 674 2812 Litterarum
690 2749 871 2813 scientia...

471 2852 551 2915 Dat.
566 2853 667 2917 Avin.
683 2875 703 2936 4
719 2873 798 2917 non.
815 2852 1006 2916 novembris
1020 2872 1111 2917 anno
1127 2854 1157 2915 8.

469 2951 509 3017 In
532 2975 562 3018 e.
578 2975 623 3019 m.
639 2955 751 3020 abbati
767 2956 960 3020 monasterii
978 2955 1009 3019 S.
1027 2955 1169 3020 Luciani
1183 2956 1279 3039 juxta
1291 2953 1473 3021 Belvacum
1490 2965 1528 3019 et
1546 2956 1691 3021 deoeno
1712 2950 1780 3019 Part

425 3058 542 3122 siensis
555 3079 595 3124 ac
610 3058 739 3124 cantori
757 3058 1016 3124 silvanectensis
1037 3057 1264 3124 ecclesiarum.

460 3204 521 3263 Reg.
534 3208 581 3253 Ar.
596 3208 635 3252 2⁰.
648 3205 666 3250 i.
681 3207 743 3251 lm:
759 3203 815 3250 l'at.
829 3206 866 3251 iti.
879 3204 898 3250 i.
913 3207 964 3260 55¹,
977 3218 1002 3249 n.
1017 3205 1070 3249 127.

476 3378 614 3462 1243.
1414 3412 1510 3475 1323,
1528 3416 1551 3476 4
1570 3394 1755 3458 novembre.

469 3499 622 3576 Amator,
647 3497 828 3562 canonicus
854 3496 1061 3576 Leodiensis,
1087 3496 1120 3559 in
1146 3496 1408 3561 subdiaconatus
1435 3497 1556 3562 ordine
1582 3498 1783 3564 constitutus

426 3615 645 3683 promovetur
670 3601 713 3665 ad
737 3601 970 3686 episcopatum
1008 3599 1232 3664 Namiensem
1259 3610 1437 3665 vacantem
1462 3621 1524 3685 per
1550 3601 1691 3667 obitum
1715 3592 1783 3663 Petri

426 3703 588 3789 episcopi,
604 3705 693 3790 apud
709 3705 830 3769 Sedem
846 3704 1068 3789 apostolicam
1085 3704 1246 3769 defuncti.

473 3808 637 3891 Regimini
656 3810 892 3873 universalis...

473 3913 550 3976 Dat.
566 3914 667 3975 Avin.
686 3934 702 3975 2
722 3934 800 3977 non.
817 3912 1008 3978 novembris
1024 3931 1114 3975 anno
1130 3913 1160 3975 8.

473 4018 512 4082 ln
530 4038 559 4080 e.
576 4037 620 4079 m.
636 4018 785 4101 capitulo
801 4016 944 4080 ecclesie
961 4014 1158 4079 Namiensis
1174 4037 1182 4091 ;
1200 4014 1291 4077 clero
1307 4023 1342 4077 ct
1363 4014 1491 4097 populo
1507 4015 1665 4084 civitatis
1682 4033 1717 4085 et
1732 4018 1788 4083 dio

428 4122 516 4187 cesis
534 4118 740 4185 Namiensis

466 4260 523 4314 liefr.
540 4261 587 4304 Ar.
604 4261 643 4313 20,
659 4259 676 4305 i.
692 4260 738 4304 355,
753 4274 758 4304 :
774 4258 829 4304 l'nr.
848 4259 884 4312 513,
901 4258 916 4302 i.
933 4259 989 4305 tif».
1004 4270 1029 4301 n.
1046 4256 1100 4301 8035.

477 4442 619 4522 1244.
1396 4471 1413 4512 1
1414 4469 1459 4532 32
1455 4470 1491 4531 3,
1510 4472 1552 4532 13
1572 4458 1756 4521 ηουεηιὸνε.

474 4560 617 4625 Matheo
642 4560 683 4623 de
709 4555 893 4632 ll'arennis,
919 4553 1059 4619 domino
1087 4553 1129 4617 de
1157 4552 1360 4628 llanevalle,
1389 4551 1615 4621 Lexoviensis
1650 4556 1788 4624 diocesis.

431 4664 541 4728 Caroli
558 4665 643 4747 regis
662 4660 801 4725 Franeie
817 4659 926 4732 militi,
950 4658 1141 4741 indulgetur
1161 4666 1198 4720 ut
1223 4653 1368 4732 Jacobus
1395 4655 1438 4719 de
1464 4653 1592 4738 Fossis,
1617 4661 1789 4728 canonicus

428 4767 568 4831 ecclesie
586 4767 616 4830 S.
634 4764 773 4828 Servatii
791 4761 1024 4845 Trajectensis,
1050 4759 1244 4823 leodiensis
1266 4758 1418 4837 diocesis,
1443 4768 1478 4822 et
1506 4759 1632 4828 Petrus
1654 4764 1699 4829 de
1715 4762 1789 4828 Cali-

428 4869 589 4946 dobecc0,
606 4870 746 4934 clericus
765 4865 1047 4946 Rothomagensis
1063 4863 1214 4941 diocesis,
1232 4863 1341 4926 clerici
1367 4863 1415 4926 sui
1437 4862 1621 4931 domestici
1648 4879 1685 4933 et
1709 4866 1789 4933 lami·

428 4974 535 5052 liares,
551 4977 621 5057 ejus
648 4969 815 5054 obsequiis
839 4968 1041 5036 insistentes.
1068 4966 1192 5030 fructus
1217 4966 1367 5029 omnium
1391 4967 1640 5035 beneficiorum
1667 4990 1788 5037 suorum

428 5080 552 5160 absque
568 5075 748 5141 residentia
764 5073 806 5137 ad
823 5070 1003 5134 triennium
1019 5070 1192 5155 percipere
1208 5070 1354 5133 valeant.
