4409 6017
502 688 558 754 162
1035 687 1193 755 Deuxitmo
1214 689 1316 755 annea

502 837 581 903 facit
603 839 763 904 mirabilia
785 858 905 923 magna
928 839 1027 918 solus,
1050 846 1088 902 ut
1118 857 1195 903 cum
1226 858 1310 923 opus
1341 837 1603 925 imperfectionis
1633 838 1776 923 ignoret,
1808 838 1861 922 qui

502 941 592 1026 cepit
617 942 688 1028 ipse
712 943 871 1028 perficiat,
894 951 931 1007 ut
956 941 1111 1025 relegatis
1133 941 1218 1006 odiis
1242 963 1281 1007 ac
1308 942 1501 1008 rancoribus
1527 941 1710 1028 extirpatis,
1731 952 1863 1028 spargat

502 1044 735 1111 unanimitatis
751 1046 857 1112 solide
873 1046 1011 1124 semina,
1023 1065 1082 1131 per
1098 1043 1188 1129 quod
1204 1044 1238 1109 in
1254 1046 1408 1126 turribus,
1419 1045 1453 1110 in
1469 1045 1571 1112 seculi
1588 1045 1716 1111 scilicet
1727 1065 1863 1129 magna-

502 1149 600 1231 tibus,
624 1150 658 1213 in
681 1150 828 1215 caritatis
853 1150 976 1214 virtute
1001 1169 1066 1234 pax
1091 1149 1151 1214 liat
1174 1149 1283 1234 sitque
1309 1150 1536 1216 multitudinis
1567 1149 1777 1215 credentium
1808 1168 1863 1214 cor

503 1273 606 1318 unum
622 1261 656 1318 et
679 1253 791 1318 anima
807 1274 884 1333 una,
901 1252 934 1317 in
952 1253 1100 1317 Domino
1127 1255 1215 1317 bene
1238 1263 1273 1319 et
1291 1255 1449 1339 jocunde,
1465 1253 1592 1320 utiliter
1618 1272 1658 1318 ac
1682 1252 1864 1318 delectabi-

502 1357 576 1420 liter
592 1357 759 1422 habitetur
775 1367 788 1391 ⁰
806 1357 838 1421 in
866 1377 980 1432 unum,
1001 1356 1063 1442 piis
1087 1357 1243 1441 operibus
1267 1357 1373 1443 possit
1395 1358 1525 1423 intendi
1550 1357 1683 1422 liberius
1698 1376 1738 1421 ac
1763 1354 1864 1420 Terre

502 1459 623 1524 Sancte
638 1460 810 1545 negotium
829 1460 955 1525 felicius
970 1461 1170 1545 promoveri,
1187 1460 1229 1526 ad
1241 1461 1331 1545 quod
1348 1461 1518 1527 exanimo
1534 1461 1717 1547 aspiramus
1732 1458 1753 1525 ⁶.
1765 1457 1864 1523 Cete-

500 1583 573 1627 rum
589 1563 615 1627 si
631 1565 758 1646 regales
775 1571 810 1628 et
824 1562 1047 1629 Flandrenses
1062 1564 1171 1629 nuntii
1187 1584 1287 1650 super
1297 1566 1530 1632 securitatibus
1545 1565 1588 1631 de
1603 1564 1695 1649 pacis
1707 1561 1863 1628 Flandrie

499 1667 604 1732 solida
634 1667 872 1732 observatione
904 1667 1090 1753 prestandis
1122 1668 1164 1732 ad
1194 1676 1355 1749 nostram,
1381 1679 1418 1734 ut
1448 1667 1632 1754 scripsistis,
1657 1666 1862 1752 presentiam

499 1770 646 1850 veniant,
663 1772 829 1852 volumus,
847 1770 933 1836 sicut
951 1780 986 1836 et
1002 1792 1109 1856 nuper
1120 1792 1180 1857 per
1196 1772 1276 1837 alias
1292 1781 1424 1838 nostras
1437 1773 1564 1838 litteras
1580 1771 1626 1854 (¹)
1642 1770 1739 1840 vobis
1756 1770 1863 1854 injun-

500 1875 585 1938 xisse
611 1875 799 1955 recolimus,
817 1884 855 1939 ut
880 1877 981 1940 ambo
1008 1875 1064 1960 qui
1093 1877 1173 1941 estis
1189 1876 1231 1941 de
1258 1876 1360 1962 ipsius
1384 1876 1508 1962 negotii
1535 1873 1798 1941 circumstantiis
1820 1873 1863 1938 ad

498 1978 635 2062 plenum
651 1977 814 2058 instructi,
831 1978 874 2043 ad
890 1999 952 2044 nos
968 1979 1083 2043 venire
1100 1979 1251 2045 similiter
1273 1981 1465 2046 nullatenus
1488 1978 1662 2058 omittatis,
1679 1977 1760 2042 licet
1783 1976 1864 2042 alias

498 2079 713 2145 annuerimus
729 2080 821 2165 quod
837 2089 884 2161 tu,
898 2081 999 2146 frater
1014 2082 1274 2169 archiepiscope,
1292 2084 1335 2149 ad
1358 2093 1452 2149 tuam
1470 2084 1611 2149 deberes
1627 2079 1805 2146 ecclesiam
1829 2088 1864 2144 te

498 2182 659 2248 conferre.
676 2184 756 2250 Dat.
774 2184 872 2251 Avin.
888 2208 908 2269 4
925 2185 991 2251 kal.
1009 2188 1211 2253 novembris.
1229 2208 1246 2249 n

532 2320 592 2379 lieg.
606 2320 664 2369 Vat.
678 2324 730 2377 loa,
743 2323 761 2369 i.
774 2324 814 2380 99,
828 2337 853 2371 n.
866 2325 913 2371 lltl
924 2339 930 2380 ;
943 2323 1002 2372 Vnt.
1017 2327 1070 2377 110.
1083 2339 1142 2388 pars
1154 2325 1174 2382 1,
1187 2325 1252 2380 193,
1266 2340 1291 2373 n.
1304 2327 1400 2373 3311-
1413 2324 1519 2385 Coulon,
1532 2339 1558 2373 n.
1571 2325 1618 2372 425
1627 2322 1735 2385 (texte).

543 2483 660 2567 447-
1487 2515 1582 2580 1317,
1601 2516 1618 2560 1
1636 2496 1821 2561 novembre.

545 2602 646 2667 Petro
661 2600 797 2682 Bruerii,
813 2602 864 2668 cui
881 2624 997 2689 nuper,
1014 2605 1158 2668 obtentu
1180 2602 1351 2687 quondam
1368 2600 1518 2680 Roberti,
1529 2598 1744 2686 primogeniti
1759 2617 1862 2682 quon-

501 2705 578 2771 dam
601 2704 757 2785 Othonis
773 2706 906 2771 comitis
927 2704 1117 2791 Burgundie
1143 2706 1304 2786 Palatine,
1320 2704 1538 2770 canonicatus
1561 2702 1702 2769 ecclesie
1725 2699 1861 2766 Nanne-

501 2809 614 2889 tensis,
630 2811 690 2874 sub
707 2810 942 2894 expectatione
958 2810 1128 2896 prebende
1144 2830 1182 2875 ac
1204 2808 1375 2895 dignitatis
1391 2828 1449 2873 seu
1464 2813 1663 2892 personatus
1679 2806 1734 2870 vel
1752 2803 1860 2883 officii,

501 2913 644 2978 collatus
659 2920 720 2993 est,
736 2932 805 2976 non
822 2915 978 2978 obstante
994 2913 1084 2997 quod
1100 2914 1134 2978 in
1157 2913 1298 2979 ecclesia
1321 2912 1352 2976 S.
1368 2911 1504 2976 Andree
1521 2908 1740 2976 Camotensis
1764 2928 1860 2974 cano

502 3015 652 3081 nicatum
668 3023 702 3080 et
718 3016 933 3100 prebendam,
950 3037 989 3082 ac
1004 3016 1247 3102 parrochialem
1263 3016 1439 3081 ecclesiam
1454 3014 1496 3079 de
1511 3012 1675 3080 Marcona
1684 3031 1819 3078 necnon
1829 3019 1861 3075 et

502 3119 721 3204 capellaniam
738 3120 836 3184 castri
851 3119 1083 3201 Hisdiniensis,
1095 3121 1167 3186 sine
1184 3139 1272 3200 cura,
1290 3117 1492 3183 Morinensis
1507 3116 1659 3197 diocesiS,
1675 3115 1861 3195 obtinebat,

501 3243 578 3288 cum
603 3222 806 3306 obligatione
831 3233 868 3289 ut
893 3224 1044 3310 predicta
1068 3224 1231 3290 beneficia
1258 3222 1445 3288 dimitteret
1470 3222 1529 3306 (²),
1553 3221 1745 3305 indulgetur
1770 3227 1807 3284 ut
1833 3217 1860 3282 ei

500 3334 686 3391 reservetur
706 3325 849 3410 dignitas
865 3348 923 3392 seu
939 3336 1137 3413 personatus
1159 3328 1213 3391 vel
1237 3325 1383 3391 officium
1404 3325 1438 3389 in
1457 3324 1547 3391 dicta
1564 3324 1706 3390 ecclesia
1724 3322 1862 3388 Nanne-

501 3429 597 3509 tensi,
613 3449 676 3493 nec
691 3437 845 3494 teneatur
860 3431 1010 3515 predicta
1026 3430 1189 3495 beneficia
1205 3430 1384 3495 dimittere.

545 3531 681 3596 Dudum
697 3535 740 3598 ob
757 3534 976 3599 laudabilia...

545 3634 622 3701 Dat.
638 3636 739 3702 Avin.
756 3635 821 3702 kal.
839 3639 1030 3703 novembris
1046 3658 1137 3702 anno
1156 3658 1185 3703 2.

545 3737 690 3805 inem.
707 3740 837 3805 decano
854 3741 1069 3807 Camotensis
1085 3750 1121 3805 et
1137 3739 1266 3807 cantori
1284 3739 1479 3805 Parisiensis
1503 3761 1541 3805 ac
1566 3738 1726 3825 magistro
1743 3737 1864 3803 Frede-

475 3898 480 3908 .
500 3840 569 3906 rico
583 3841 626 3907 de
643 3841 771 3920 Parma,
788 3845 952 3911 canonico
968 3844 1270 3911 Autissiodorensis
1286 3843 1514 3909 ecclesiarum.

534 3974 594 4034 ch.
607 3976 653 4023 Av.
666 3979 688 4030 8,
701 3976 719 4023 i.
732 3979 778 4023 2⁸4
792 3993 797 4024 :
811 3976 869 4024 var.
882 3980 921 4029 br,
934 3978 951 4025 f.
966 3979 1019 4035 185,
1035 3992 1059 4026 n.
1072 3981 1128 4026 627.

543 4136 801 4221 448-449.
1485 4174 1583 4239 1317,
1595 4176 1620 4238 3
1637 4160 1822 4224 novembre.

546 4254 684 4340 Hugoni
699 4255 719 4333 J
722 4257 847 4337 ordani,
864 4257 934 4322 lilio
951 4258 1072 4323 nobilis
1094 4258 1154 4322 viri
1171 4257 1350 4325 Bertrandi
1368 4258 1388 4337 J
1391 4259 1508 4325 ordani
1533 4260 1576 4325 de
1593 4258 1717 4338 insula,
1736 4262 1864 4328 cantori

502 4361 640 4425 ecclesie
666 4359 880 4438 Morinensis,
909 4361 1100 4445 indulgetur
1124 4371 1160 4427 ut
1186 4384 1291 4447 usque
1317 4364 1360 4429 ad
1390 4363 1656 4448 quinquennium
1684 4364 1739 4448 jus
1769 4364 1866 4429 civile

501 4463 615 4528 audire
635 4466 746 4529 valeat
770 4486 832 4530 nec
856 4464 899 4529 ad
922 4466 1110 4549 superiores
1136 4466 1268 4532 ordines
1292 4467 1479 4554 promoveri
1504 4475 1670 4548 teneatur,
1680 4467 1866 4534 dummodo

502 4567 653 4633 ordinem
670 4568 928 4633 subdiaconatus
944 4570 1119 4653 receperit.

533 4794 558 4829 u.
575 4778 725 4826 habilitotnr
736 4796 786 4843 roo.
803 4782 856 4830 lllll.
878 4809 908 4814 ·-
920 4781 941 4830 h.
957 4784 1101 4844 rolrinnunr
1113 4798 1163 4845 rep.
1182 4784 1234 4835 109.

504 4968 599 4973 —-...-<
703 4969 723 4973 -
752 4968 794 4974 —.-
813 4969 819 4973 -
841 4968 983 4975 ---——-.-
1010 4970 1064 4975 .-...
1079 4970 1205 4976 -.-—-—-..

535 5109 555 5154 l.
569 5106 635 5167 l'oy.
647 5121 672 5157 n.
694 5109 749 5157 438.
776 5137 795 5142 -
808 5113 830 5157 2.
846 5109 910 5169 loy.
925 5123 950 5157 n.
964 5111 1003 5157 72.
