4409 6017
877 710 1041 791 convennis
1063 744 1103 758 -·
1125 708 1266 775 buciaco

420 866 517 929 bien,
540 867 713 933 Narbonen„
735 866 953 935 claromonten,
977 868 1047 922 Con·

422 964 571 1003 venarum
593 959 622 1002 et
648 947 791 1013 Parisien,
817 966 879 1007 can.
904 949 958 1004 sub
984 966 1046 1014 exp.

422 1029 513 1095 preb.
537 1030 729 1093 Cameracen,
753 1036 813 1092 289.
838 1035 899 1096 290,
924 1035 984 1088 001.

395 1113 581 1175 ammireo,
608 1110 758 1175 cenceny,

395 1190 536 1256 aversi,
555 1190 710 1257 Philippus,
730 1192 797 1248 cler.
820 1192 950 1258 Philippi,
970 1192 1045 1256 regis

426 1272 562 1337 Francie,
592 1289 655 1327 can.
687 1272 767 1337 preb,
799 1272 959 1337 Ebroicen,
990 1274 1047 1326 Au·

417 1353 619 1417 tissiodoren,
635 1353 817 1412 Suessionen.
834 1363 862 1410 et
878 1352 1047 1426 Tornacen.,

425 1439 494 1491 904·
760 1496 763 1500 .

396 1517 520 1581 opinus
533 1516 570 1568 de
585 1516 679 1579 Hoyo.

396 1598 570 1661 oquerello,
593 1598 733 1652 Firminus
754 1598 798 1660 de,
821 1614 884 1652 can.
905 1598 959 1651 sub
982 1614 1044 1662 exp.

417 1679 507 1745 preb.
532 1679 561 1736 S,
586 1678 700 1733 Nicolai
721 1678 901 1745 Ambianen,
925 1684 985 1741 113,

396 1770 512 1830 oquet,
534 1760 633 1812 Petrus
654 1761 701 1823 du,
717 1776 785 1836 can.
807 1760 860 1814 sub
883 1777 946 1825 exp.
965 1760 1044 1825 preb.

425 1840 626 1903 cameracen,
649 1850 742 1897 rector
764 1842 893 1907 parroch.
922 1842 990 1903 eccl,
1015 1841 1044 1899 S.

424 1921 521 1986 Elicii
534 1922 712 1985 Noviomen,
726 1921 828 1987 capell.
846 1922 874 1984 S,
890 1921 1002 1976 Nicolai
1015 1922 1045 1977 in

422 2003 538 2067 palatio
568 2002 722 2066 episcopali
752 2002 931 2066 Noviomen,
965 2007 1043 2062 15³³.

395 2080 534 2147 brbaria,
551 2082 707 2138 Corbieres.

395 2162 553 2224 orbavien,
575 2161 698 2216 Krbava.

396 2247 517 2297 orben
537 2238 722 2305 (Corbolium),
738 2238 936 2311 francedep.
950 2238 1044 2293 Seine

398 2318 547 2386 ‘et-Oise,
567 2319 639 2373 dioc.
662 2319 748 2377 Paris.

396 2429 413 2439 —
436 2400 522 2453 Eccl.
551 2400 613 2458 coll.
642 2401 670 2453 S.
701 2401 844 2465 Exuperii,
875 2430 908 2440 -
936 2412 1043 2467 cantor,

420 2487 490 2544 498,
512 2487 573 2537 499.

395 2593 414 2602 -
437 2563 523 2619 Eccl.
544 2562 609 2620 coll.
632 2563 660 2626 S,
687 2563 787 2626 Marie,
811 2592 845 2604 -
867 2580 929 2622 can.
952 2565 1042 2629 preb,

422 2644 565 2697 Matbeus
583 2644 668 2710 Scoti,
689 2644 824 2699 Nicolaus
843 2646 881 2699 de
902 2645 1043 2711 Caillone;

421 2755 461 2764 -
482 2724 583 2789 capell.
600 2725 758 2790 capelleS.
780 2726 923 2790 Ludovici,
943 2727 1044 2790 Johan·

421 2822 480 2860 nes
503 2806 627 2870 Giboiny
648 2806 685 2861 de
708 2807 841 2861 lorriaco
863 2807 893 2863 in
914 2807 1043 2863 Vestino.

395 2888 513 2953 ssorbeil,
529 2888 681 2954 Johannes,
699 2889 763 2945 cler.
782 2888 940 2946 Tornacen.
961 2888 1042 2956 dioc,

422 2974 492 3025 706.

395 3050 513 3111 ἷοῐδείΙ,
535 3050 641 3111 Simon,
665 3067 727 3103 can.
750 3051 804 3103 sub
828 3068 890 3115 exp.
914 3051 992 3115 preb.
1015 3052 1041 3105 S.

423 3130 551 3184 Dionisii
569 3131 712 3193 Leodien,
732 3136 793 3189 705.

395 3213 528 3276 lorberia,
546 3211 703 3267 Corbieres.

395 3293 513 3356 tmbeta,
536 3291 680 3346 Corbetta.

395 3382 540 3432 torbetta
564 3374 707 3438 (enecta).
732 3374 820 3437 ltalie,
845 3375 918 3429 dioc.
944 3375 1041 3433 Milan.

395 3449 414 3492 -’
438 3455 521 3522 Eccl.
540 3454 602 3513 coll.
622 3454 651 3509 S.
670 3454 801 3514 Victoris,
822 3483 856 3493 -
875 3472 936 3514 can.
955 3456 1041 3520 preb,

422 3534 553 3599 Jacobus
573 3535 610 3588 de
633 3536 729 3589 Insula
751 3537 788 3590 de
812 3537 899 3601 Urbe,
924 3538 1043 3601 Raynal·

423 3617 482 3669 dus
498 3616 535 3668 de
551 3615 617 3670 tiliis
636 3616 711 3670 Ursi.

395 3697 519 3773 lorbano,
541 3695 652 3753 Corbie.

395 3785 504 3834 lorble
528 3777 676 3843 (Cortona),
697 3779 813 3836 Franco,
833 3780 899 3844 dep.
918 3781 1041 3846 Somme,

425 3858 652 3916 dioc-Amicus,
725 3896 727 3899 -

412 3971 418 3975 -
443 3939 650 3994 Monasterium
666 3941 694 3997 S.
712 3942 795 4012 Petri,
816 3970 848 3980 —
865 3942 962 4001 abbas.
981 3949 1040 4004 113,

428 4026 497 4082 025;
514 4023 672 4085 -capell,
691 4022 866 4076 Simonettus
882 4024 918 4076 de
933 4023 1040 4079 Villari.

395 4105 554 4159 lorblbres
580 4102 731 4166 (Cerberin,
757 4099 902 4169 Cerberia),
928 4106 1042 4158 contree

426 4183 492 4246 pres
515 4183 552 4234 de
577 4183 740 4237 Narbonne.

396 4293 419 4299 --
439 4263 697 4317 Archidiacnnatus
720 4267 748 4319 in
773 4267 840 4320 eccl.
867 4266 1040 4331 Narbonen,
1068 4251 1070 4273 ¹

428 4363 452 4401 r,
483 4344 648 4402 Narbonne.

395 4506 554 4569 l’orbolium,
574 4506 695 4560 Corbeil.

1691 710 1753 775 689

1106 866 1296 930 canopum,
1318 865 1462 930 Quimper,

1101 956 1244 1005 Corneto
1265 945 1411 1012 (Gornate),
1438 946 1526 1010 Italic,
1553 946 1625 1001 dioc.
1654 945 1749 1003 Milan.

1105 1056 1136 1063 -
1157 1026 1235 1081 Eccl.
1258 1027 1320 1087 coll.
1344 1028 1373 1083 S.
1398 1027 1523 1092 Georgii,
1548 1056 1582 1067 -
1605 1028 1756 1091 archipres-

1143 1107 1224 1172 biter,
1247 1113 1325 1175 1570,
1349 1113 1433 1174 1592;
1457 1138 1489 1147 -
1511 1125 1573 1163 can.
1596 1108 1685 1175 preb,
1707 1107 1757 1161 Ca·

1143 1188 1276 1243 thenolus
1290 1190 1327 1243 de
1346 1189 1474 1244 Medicis.

1105 1268 1277 1332 Cornazano,
1299 1270 1455 1327 Balduinus
1476 1272 1519 1335 de,
1543 1287 1604 1324 can.
1628 1271 1756 1326 Camera-

1123 1366 1214 1414 ,cen.,
1232 1355 1294 1410 800.

1104 1428 1277 1496 Comazano,
1303 1430 1484 1488 Bartholinus
1509 1432 1553 1495 de,
1580 1461 1613 1470 -·
1639 1431 1700 1494 ejus
1725 1432 1756 1486 li-

1142 1512 1204 1577 lius,
1225 1512 1370 1566 Pantale0.

1105 1592 1277 1657 Cornazano,
1308 1592 1475 1648 Guillelmus
1506 1595 1549 1655 de,
1582 1611 1643 1647 can.
1677 1595 1754 1657 preb.

1143 1674 1171 1732 S.
1191 1675 1346 1728 Donatiani
1367 1675 1491 1738 Brugen.
1514 1686 1541 1729 et
1565 1677 1661 1729 Sancti
1681 1677 1756 1729 Don-

1143 1753 1209 1819 nini,
1229 1771 1292 1810 can.
1313 1756 1367 1809 sub
1390 1773 1452 1820 exp.
1475 1756 1553 1820 preb.
1576 1753 1603 1809 S.
1626 1756 1697 1811 Piati
1719 1758 1755 1810 de

1143 1836 1258 1890 Siclinio
1275 1847 1303 1890 et
1321 1836 1481 1900 Meneven,
1501 1842 1563 1894 741.
1740 1903 1741 1906 ¹

1104 1917 1276 1980 Comvano,
1291 1916 1488 1972 Manlredinus
1503 1919 1547 1983 de,
1561 1919 1628 1972 cler.
1643 1919 1755 1972 Guillel-

1143 1997 1180 2052 mi
1217 1999 1246 2051 S.
1277 1998 1388 2054 Nicolai
1416 2000 1444 2053 in
1474 1999 1595 2053 Carcere
1624 2000 1755 2055 Tulliano

1143 2079 1215 2133 diac.
1242 2079 1328 2143 card,
1356 2095 1417 2133 can
1447 2080 1525 2144 preb.
1556 2079 1754 2144 Harlebacen,

1143 2159 1167 2213 F
1168 2176 1275 2223 urnen,
1291 2160 1421 2219 Parmen.
1440 2172 1467 2215 et
1485 2161 1513 2215 S.
1531 2160 1622 2216 Marie
1639 2162 1675 2214 de
1692 2162 1755 2214 For·

1126 2256 1223 2312 novo,
1240 2246 1282 2305 43,
1300 2245 1361 2307 770,
1379 2246 1441 2297 777.

1104 2322 1276 2387 Cornazano‚
1293 2322 1430 2377 Pantaleo
1447 2323 1491 2383 de,
1510 2340 1572 2377 can.
1591 2323 1670 2387 preb,
1689 2324 1712 2377 F
1715 2341 1755 2378 ur-

1140 2420 1214 2470 nen,
1235 2404 1364 2462 Parmen,
1386 2415 1414 2457 et
1434 2404 1585 2470 Veronen,
1610 2410 1670 2466 775,
1692 2411 1752 2460 778.

1103 2475 1275 2548 Cornazano,
1303 2485 1449 2537 Rolandus
1476 2485 1673 2553 (Rolandinus)
1709 2486 1753 2553 de,

1142 2581 1204 2621 can.
1226 2565 1305 2630 preb,
1329 2565 1477 2629 Morlnen.,
1502 2566 1630 2621 Parmen.
1655 2577 1682 2620 et
1705 2567 1755 2619 Ca·

1141 2662 1291 2711 meracen,
1313 2652 1374 2709 300,
1396 2652 1458 2705 875.

1104 2728 1276 2793 cornazano,
1297 2728 1444 2782 Rolandus
1464 2729 1509 2792 de,
1534 2757 1565 2765 -
1588 2729 1649 2791 ejus
1669 2729 1753 2794 lilius,

1142 2809 1348 2864 Manlredinus.

1097 2891 1509 2963 Cornellmiineterllnden.)‚
1523 2890 1625 2944 Prusse
1642 2892 1751 2945 Rhena-

1140 2987 1184 3035 ηε,
1203 2972 1275 3024 dioc.
1296 2970 1432 3035 Cologne.
1532 2992 1533 2995 ¹

1102 3081 1135 3090 -
1156 3043 1360 3107 Monasterium
1384 3054 1413 3111 S.
1438 3054 1569 3115 Cornelii,
1598 3084 1629 3090 —
1654 3056 1752 3119 abbas,

1141 3138 1202 3198 799,
1224 3139 1302 3192 1035,
1325 3140 1403 3193 1234,
1429 3139 1505 3198 1489,
1529 3140 1607 3189 1518.

1101 3212 1238 3284 Conigia,
1259 3216 1317 3268 Azo
1336 3215 1380 3275 de,
1398 3216 1558 3279 prepositus
1577 3216 1605 3267 S.
1627 3216 1751 3269 Donnini

1140 3296 1177 3349 de
1193 3296 1297 3360 Burg0,
1315 3313 1376 3352 can.
1395 3296 1475 3361 preb.
1494 3298 1621 3357 Parmen,
1640 3309 1666 3350 et
1685 3298 1751 3349 Leo-

1139 3376 1397 3442 dien.,806‚1399.
1426 3406 1430 3414 ·

1101 3456 1237 3526 corrigia,
1250 3457 1383 3511 Gibeitus
1403 3458 1447 3521 de,
1460 3488 1491 3494 —
1504 3458 1563 3520 ejus
1580 3456 1665 3520 tilius,
1684 3460 1750 3512 Azo.

1096 3545 1299 3609 Cortenberg
1324 3538 1557 3607 (Corttenberplie)¹
1599 3539 1745 3602 Belgique.

1139 3634 1217 3683 prov.
1245 3619 1379 3682 Brabant,
1408 3619 1480 3677 dioc.
1512 3620 1652 3680 Cambrai,

1098 3728 1132 3737 -
1152 3699 1359 3754 Monasterium
1379 3700 1415 3757 0.
1437 3701 1466 3759 S,
1492 3702 1533 3762 B„
1557 3707 1618 3759 733.

1099 3780 1314 3847 Oorltenberalie,
1332 3780 1516 3846 Cortcnberg.

1100 3860 1240 3924 Corvillet,
1260 3861 1411 3924 Johannes,
1432 3879 1494 3915 can.
1515 3863 1569 3915 sub
1590 3881 1652 3926 exp,
1673 3863 1750 3927 preb.

1139 3941 1306 4006 Tomacen,
1333 3948 1411 4001 1605.

1100 4021 1254 4090 Cossonay,
1279 4026 1372 4087 Aymo
1396 4024 1440 4086 de,
1465 4042 1552 4088 nepos
1577 4025 1690 4079 Ottonis
1714 4027 1750 4078 de

1140 4104 1341 4167 Grandissono,
1361 4122 1422 4158 can.
1444 4106 1496 4157 sub
1519 4123 1580 4168 exp,
1602 4106 1679 4169 preb.
1703 4105 1751 4157 Ca

1138 4201 1287 4248 meracen,
1308 4191 1369 4244 288.

1100 4264 1190 4329 (tosta,
1206 4266 1293 4329 Italic,
1310 4267 1382 4319 dioc¹
1400 4267 1525 4325 Salernc,

522 4426 527 4435 Ι
1067 4385 1069 4451 ¹
1101 4377 1132 4383 —
1153 4347 1258 4400 Rector
1272 4350 1348 4411 cccl,
1366 4349 1456 4401 Lucas
1475 4348 1627 4402 Christiani
1637 4350 1674 4401 de
1685 4350 1750 4402 Tre·

395 4454 419 4465 -
440 4425 677 4492 Archipresbiter,
703 4428 846 4482 Amaldus
875 4429 970 4491 Regis.
1067 4452 1069 4523 ⁴
1138 4428 1189 4482 bis.

1067 4533 1069 4567 ι
1098 4509 1191 4570 Coste,
1234 4511 1426 4572 Raymundus.
1468 4512 1584 4563 sacn'sta
1617 4512 1749 4578 Vauren,

395 4586 591 4656 sordomnier
616 4587 774 4643 Ric'hardus
797 4592 843 4650 Le,
865 4609 889 4643 v.
913 4590 953 4643 Le
975 4592 1039 4645 Cor·
1067 4575 1069 4649 i
1137 4595 1198 4645 747.

421 4670 569 4723 doennier.
628 4742 631 4746 ι

395 4757 538 4806 lordoue
553 4748 733 4819 (Corduben),
753 4752 895 4815 Espagne.

396 4858 413 4863 -
435 4828 506 4882 Can.
526 4829 579 4880 sub
598 4846 660 4892 exp.
677 4830 919 4900 preb.,Bobonus
938 4831 1038 4894 Johan-
1066 4881 1068 4905 ,

426 4907 469 4959 nis
490 4904 624 4959 Bobonis.

395 4990 548 5054 Sorduben,
565 4990 706 5049 Cordoue.

395 5079 540 5130 lorlnthe
559 5072 758 5135 (Coriallum).
775 5073 874 5131 Grecc,

1067 4650 1069 4738 i
1098 4670 1222 4733 Cotallis,
1239 4671 1388 4723 Albericus
1406 4671 1449 4728 de.
1469 4672 1505 4723 de
1522 4670 1675 4738 Placentia,
1695 4692 1749 4727 rec-

1138 4763 1182 4805 tor
1202 4752 1331 4815 parroch.
1355 4754 1422 4824 eccl.
1450 4752 1480 4813 Β,
1506 4754 1596 4807 llarie
1619 4753 1749 4807 deVilla-

1134 4834 1282 4897 si0‚1339,

1094 4920 1245 4970 Cotentln
1272 4915 1514 4977 (Constantinum),
1542 4913 1749 4990 archidiacona-

1066 5033 1068 5036 -
1138 5005 1182 5046 tus
1205 4995 1233 5046 in
1258 4995 1324 5046 eccl.
1352 4994 1553 5072 Constantien,
1579 5014 1603 5048 v.
1630 4997 1748 5050 Coutan·

1137 5090 1193 5127 CCS.

396 5183 417 5190 ·-
440 5153 510 5207 Can.
533 5154 621 5222 preb,
644 5154 728 5207 Oddo
749 5157 785 5207 dc
807 5155 981 5209 Senneneto
1066 5138 1068 5190 i
1098 5154 1247 5210 couciaco,
1273 5157 1414 5209 Robertus
1438 5159 1481 5213 lle.
1507 5177 1569 5211 can.
1595 5161 1673 5222 preb,
1698 5162 1749 5232 ‚Ca-
