4409 6017
521 739 561 807 20
1062 743 1210 813 Premiere
1231 743 1334 811 eunte.

519 891 665 976 magistri
694 891 783 956 Petri
806 892 951 974 Berardi,
968 894 1049 961 civis
1076 896 1119 961 de
1148 894 1250 975 Urbe,
1278 892 1441 979 capellani
1468 891 1617 978 ejusdem
1643 891 1823 958 cardinalis
1848 902 1882 958 et

518 994 703 1079 apostolice
719 996 812 1061 Sedis
827 998 1005 1083 scriptoris,
1023 1001 1056 1063 in
1073 998 1224 1085 partibus
1241 996 1342 1064 Urbis
1357 996 1516 1062 defuncti.

563 1098 615 1162 Ex
631 1098 726 1164 claris
741 1100 914 1167 virtutum.
925 1154 948 1167 ..

564 1202 641 1267 Dat.
659 1201 810 1288 Lugduni
829 1224 847 1288 7
864 1206 907 1271 id.
924 1207 1122 1292 septembris
1138 1226 1228 1275 armo
1247 1225 1274 1269 1.

552 1348 611 1409 fleg.
624 1351 672 1397 Ar.
689 1351 709 1406 1,
723 1350 741 1399 f.
756 1351 803 1397 380
815 1366 820 1404 ;
833 1349 893 1398 Var.
906 1354 944 1411 134,
959 1353 975 1400 l.
990 1355 1056 1406 2251,
1068 1366 1094 1401 11.
1111 1353 1181 1400 1614.

561 1538 642 1620 66.
1500 1551 1594 1635 1316,
1613 1569 1632 1634 7
1647 1552 1839 1638 septembre.

561 1654 723 1740 Magistro
739 1655 839 1722 Petro
856 1655 1028 1743 Margariti
1044 1658 1086 1723 de
1104 1656 1220 1738 Reate,
1237 1655 1389 1741 scriptori
1414 1675 1510 1739 pape,
1527 1655 1703 1739 capellano
1726 1664 1763 1718 et
1788 1653 1881 1718 fami·

516 1759 586 1823 liari
610 1757 740 1840 Jacobi,
758 1760 788 1824 S.
821 1759 954 1845 Georgii
979 1760 1022 1827 ad
1046 1760 1166 1825 Velum
1192 1780 1328 1824 aureum
1352 1757 1484 1823 diaconi
1506 1757 1691 1839 cardinalis
1712 1756 1881 1822 confertur

515 1862 731 1928 canonicatus
754 1863 894 1928 ecclesie
919 1864 950 1929 S.
975 1863 1149 1929 Gertrudis
1174 1862 1207 1928 N
1210 1862 1387 1942 mellensis,
1413 1860 1608 1927 Leodiensis
1632 1860 1788 1942 diocesis,
1819 1863 1878 1926 sub

514 1966 750 2050 expectatione
772 1967 941 2051 prebende
963 1961 1100 2052 integre,
1122 1987 1189 2033 non
1215 1964 1440 2044 sacerdotalis,
1457 1984 1524 2029 non
1551 1966 1707 2030 obstante
1731 1963 1824 2049 quod
1845 1963 1875 2027 in

514 2067 544 2131 S.
566 2069 685 2153 Angeli
710 2068 850 2134 Reatine
872 2079 906 2135 et
928 2070 959 2135 S.
982 2070 1150 2135 Laurentii
1172 2090 1276 2156 prope
1300 2067 1497 2149 Malianum,
1514 2067 1705 2132 Sabinensis
1724 2066 1874 2148 diocesis,

513 2172 671 2252 ecclesiis,
688 2174 906 2238 canonicatus
921 2184 955 2238 et
971 2174 1159 2259 prebendas
1176 2177 1233 2257 (κο
1249 2172 1320 2238 flor.
1337 2172 1423 2256 auri)
1441 2171 1582 2237 obtinet.
1682 2160 1688 2172 ’

559 2273 677 2361 Nuper
692 2276 858 2342 videlicet.
868 2327 892 2341 ..

559 2377 636 2444 Dat.
653 2378 804 2463 Lugduni
822 2399 840 2464 7
858 2380 900 2445 id.
918 2380 1117 2465 septembris
1132 2400 1222 2445 anno
1242 2400 1268 2444 1.

556 2480 595 2545 Iu
612 2503 640 2548 e.
657 2504 700 2548 m.
717 2484 954 2550 archidiacono
973 2483 1152 2564 Modiensi,
1165 2482 1382 2563 Conchensis,
1400 2493 1434 2549 et
1453 2481 1599 2548 Berardo
1615 2479 1748 2548 Mathei
1766 2481 1873 2548 Infan-

511 2584 563 2664 tis,
577 2584 880 2668 Xanctonensis,ac
892 2586 1034 2653 Matheo
1044 2587 1086 2652 de
1100 2586 1217 2667 Reate,
1225 2586 1455 2652 Laudunensis
1465 2585 1634 2652 canonicis
1649 2586 1872 2652 ecclesiarum.

544 2730 606 2792 neg.
619 2734 667 2781 AV.
680 2737 702 2792 5,
715 2734 733 2781 r.
746 2736 778 2791 s;
792 2733 849 2781 vu.
863 2735 901 2784 111.
914 2733 932 2781 r.
945 2734 1015 2792 2181,
1033 2748 1058 2782 n.
1074 2734 1143 2782 1811.

558 2922 636 3003 67.
1495 2936 1590 3018 1316,
1608 2951 1627 3018 7
1642 2936 1833 3022 septembre.

556 3036 744 3104 Manisseto
760 3039 852 3104 dicto
868 3038 1011 3117 Janotto
1026 3038 1068 3103 de
1084 3038 1163 3103 villa
1179 3037 1339 3117 Blesensi,
1356 3038 1478 3102 clerico
1493 3035 1512 3114 J
1515 3037 1622 3119 acobi,
1639 3037 1671 3102 S.
1687 3036 1823 3123 Georgii
1834 3038 1874 3103 ad

514 3140 633 3207 Velum
649 3164 786 3207 aureum
810 3143 944 3208 diaconi
970 3142 1155 3223 cardinalis,
1183 3142 1350 3207 confertur
1377 3141 1593 3207 canonicatus
1632 3149 1666 3206 et
1705 3142 1875 3227 prebenda

510 3246 651 3310 ecclesie
678 3246 709 3311 S.
736 3246 907 3312 Hermetis
933 3245 1166 3325 Rosnacensis,
1189 3244 1438 3310 Cameracensis
1458 3244 1611 3323 diocesis,
1632 3253 1795 3311 vacantes
1817 3265 1875 3332 per

511 3349 640 3413 obitum
663 3349 810 3414 Silvestri
832 3350 874 3415 de
895 3350 1007 3431 Adria,
1029 3370 1098 3415 non
1120 3351 1276 3414 obstante
1301 3347 1392 3433 quod
1417 3349 1449 3412 in
1474 3348 1615 3415 ecclesia
1638 3348 1669 3413 S.
1696 3347 1874 3415 Michaelis

511 3449 739 3518 Laudunensis
763 3452 929 3537 quandam
954 3462 1150 3539 perpetuam
1176 3452 1397 3537 capellaniam
1422 3452 1562 3532 obtinet,
1580 3472 1679 3537 quam
1704 3451 1873 3517 dimittere

511 3556 688 3622 tenebitur.

554 3660 640 3725 Cum
656 3660 795 3747 pridem.
805 3711 828 3725 ..

553 3764 630 3829 Dat.
648 3762 800 3848 Lugduni
819 3783 837 3847 7
854 3763 897 3829 id.
915 3764 1113 3849 septembris
1130 3784 1219 3828 anno
1239 3784 1265 3826 1.

551 3865 591 3932 In
607 3888 635 3932 e.
652 3887 696 3931 m.
715 3867 874 3951 magistro
891 3866 925 3933 N
928 3867 1102 3952 eapoleoni
1118 3866 1160 3931 de
1178 3867 1252 3931 tiliis
1270 3865 1359 3946 Ursi,
1376 3865 1612 3931 archidiacono
1627 3866 1669 3931 de
1685 3866 1872 3952 Campinia,

506 3969 710 4050 Leodiensis
726 3991 813 4056 pape
828 3971 969 4051 notario,
986 3979 1020 4035 et
1036 3972 1209 4056 preposito
1231 3969 1482 4035 Cameracensis
1502 3990 1543 4035 ac
1563 3968 1598 4035 N
1601 3970 1710 4036 icolao
1728 3970 1770 4035 de
1789 3969 1872 4036 Cec-

506 4093 602 4154 cano,
618 4074 783 4140 canonico
798 4075 1030 4140 Atrebatensis
1047 4075 1272 4140 ecclesiarum.

539 4219 599 4281 neg.
612 4221 659 4268 nv.
672 4224 694 4278 s,
707 4220 725 4268 r.
740 4222 797 4268 1151r
809 4235 814 4276 ;
828 4220 886 4269 vat.
899 4222 938 4281 or,
950 4221 969 4269 1.
981 4223 1036 4279 311,
1050 4235 1074 4268 n.
1089 4223 1158 4268 1915.

550 4405 631 4488 68.
1490 4422 1583 4504 1316,
1601 4438 1620 4505 7
1635 4424 1824 4509 septembre.

547 4523 658 4605 Petro,
674 4531 755 4589 nato
778 4524 900 4589 nobilis
921 4524 981 4587 viri
1006 4523 1235 4589 Bartholomei
1258 4523 1421 4589 Guidonis
1441 4524 1483 4589 de
1505 4524 1702 4610 PaparisciS,
1727 4547 1869 4593 consan-

503 4626 625 4709 guineo
639 4625 768 4706 Jacobi,
786 4626 817 4691 S.
834 4626 969 4711 Georgii
986 4626 1029 4692 ad
1046 4625 1166 4691 Velum
1193 4647 1329 4692 aureum
1349 4627 1481 4692 diaconi
1498 4628 1684 4710 cardinalis,
1700 4630 1870 4696 confertur

503 4730 722 4796 canonicatus
738 4730 879 4795 ecclesie
896 4730 927 4795 S.
949 4729 1143 4810 Audomari,
1164 4729 1366 4796 Morinensis
1386 4731 1538 4812 diocesis,
1555 4734 1614 4797 sub
1633 4734 1870 4818 expectatione

503 4833 681 4917 prebende.

547 4935 620 5002 Tua
636 4945 671 5003 et
686 4946 830 5002 tuorum.
841 4989 864 5001 ..

549 5040 627 5106 Dat.
646 5039 798 5125 Lugduni
817 5060 835 5124 7
852 5040 895 5105 id.
912 5041 1109 5126 septembris
1125 5062 1215 5106 anno
1235 5062 1261 5107 1.

548 5141 588 5207 In
612 5164 641 5209 e.
664 5165 709 5210 m.
736 5144 895 5228 magistro
920 5142 1120 5229 Pandulpho
1144 5144 1187 5209 de
1211 5144 1354 5226 Sabello,
1381 5144 1638 5231 Chableyarum‚
1664 5146 1695 5212 S.
1728 5145 1866 5214 Martini
