4409 6017
974 692 1121 759 lluitieme
1142 694 1244 759 annea.
1732 691 1794 755 475

473 841 620 926 1283.
1433 877 1528 942 1324,
1544 876 1587 920 22
1604 853 1748 935 jonvier.

471 959 658 1027 Guillelmo
681 961 724 1028 de
748 961 897 1027 Ferraria
920 962 1137 1028 conferuntur
1159 962 1378 1029 canonicatus
1400 969 1435 1026 et
1457 959 1628 1047 prebenda
1650 955 1792 1024 ecclesie

413 1062 454 1128 S.
474 1062 654 1148 Gaugerici
670 1064 932 1132 Cameracensis.

472 1223 646 1289 «Dilecto
669 1224 738 1289 filio
761 1224 943 1291 Guillelmo
966 1225 1008 1291 de
1033 1224 1192 1306 Ferraria,
1216 1227 1381 1292 canonico
1404 1222 1544 1290 ecclesie
1567 1222 1598 1287 S.
1615 1218 1790 1304 Gaugerici

415 1325 690 1407 Cameracensis
715 1329 867 1394 salutem.
893 1329 1074 1395 Probitatis
1097 1329 1268 1395 merita...
1292 1330 1378 1394 Sane
1401 1327 1522 1415 petitio
1543 1347 1606 1413 pro
1621 1333 1716 1410 parte
1731 1331 1791 1388 tua

415 1431 525 1495 nobis
539 1430 689 1496 exhibita
705 1433 900 1497 continebat
927 1433 1018 1518 quod
1044 1433 1170 1499 dudum
1194 1433 1395 1498 canonicatu
1411 1440 1445 1497 et
1460 1429 1632 1518 prebenda
1648 1425 1790 1493 ecclesie

415 1535 454 1600 S.
479 1533 655 1619 Gaugerici
680 1533 942 1617 Cameracensis,
966 1558 1050 1621 quos
1072 1537 1272 1602 venerabilis
1295 1537 1396 1602 frater
1418 1544 1532 1601 noster
1557 1531 1788 1618 Ingerrandus,

417 1638 699 1724 archiepiscopus
723 1639 902 1726 Capuanus
932 1643 990 1725 (Ι),
1024 1643 1106 1707 olim
1136 1641 1318 1708 canonicus
1345 1641 1495 1727 ejusdem
1522 1637 1674 1717 ecclesie,
1702 1634 1789 1700 obti-

417 1753 545 1809 nuerat
561 1745 593 1808 in
610 1745 740 1824 eadem,
755 1766 814 1830 per
830 1746 932 1831 ipsius
947 1747 1196 1831 promotionem
1221 1756 1255 1812 et
1275 1745 1565 1812 consecrationem
1580 1739 1787 1818 vacantibus

416 1847 466 1912 de
482 1847 547 1913 illis
563 1848 623 1913 fuit
639 1849 764 1914 dilecto
781 1849 849 1914 filio
867 1849 1019 1915 Riccario
1044 1851 1087 1916 de
1114 1851 1227 1932 Stella,
1249 1851 1380 1931 clerico,
1399 1849 1489 1914 fratri
1511 1846 1660 1932 ejusdem
1683 1842 1788 1910 archi·

417 1951 585 2036 episcopi,
601 1953 787 2038 apostolica
801 1953 1001 2019 auctoritate
1022 1955 1205 2038 provisum,
1221 1955 1378 2040 quodque
1394 1953 1507 2019 dilecti
1524 1951 1581 2016 filii
1595 2002 1618 2017 ..
1641 1950 1788 2015 decanus

417 2063 458 2119 et
485 2055 670 2140 capitulum
697 2056 845 2140 ejusdem
871 2057 1011 2123 ecclesie
1046 2067 1081 2123 et
1108 2056 1282 2135 Johannes
1308 2057 1351 2123 de
1377 2056 1612 2142 Grandiprato,
1640 2052 1695 2139 qui
1726 2071 1788 2138 pro

417 2158 592 2223 canonico
618 2160 767 2244 ejusdem
791 2160 931 2225 ecclesie
946 2181 982 2225 se
998 2163 1137 2245 gerebat
1160 2162 1284 2247 quique
1300 2161 1343 2228 ad
1359 2182 1394 2227 se
1410 2160 1646 2228 canonicatum
1663 2165 1698 2222 et
1713 2175 1786 2242 pre·

416 2261 569 2327 bendam
592 2263 762 2348 predictos
785 2272 936 2350 spectare
959 2264 1105 2345 dicebat,
1121 2265 1165 2332 ad
1180 2265 1300 2332 Sedem
1317 2265 1541 2351 apostolicam
1564 2262 1786 2349 appellarunt,

418 2386 552 2450 nosque
568 2366 757 2451 hujusmodi
774 2368 1011 2454 appellationis
1034 2390 1170 2435 causam
1193 2379 1227 2434 et
1251 2370 1377 2455 negotii
1393 2367 1585 2456 principalis
1600 2363 1781 2430 venerabili
1814 2368 1817 2374 '

417 2469 515 2534 fratri
541 2469 738 2550 Bertrand0,
766 2472 1019 2558 archiepiscopo
1046 2472 1288 2554 Ebredunensi,
1311 2482 1393 2539 tunc
1416 2472 1590 2558 capellano
1612 2478 1728 2535 nostro
1751 2474 1785 2532 et

416 2573 567 2639 auditori
592 2595 765 2641 causarum
789 2576 903 2661 palatii
927 2577 1042 2657 nostri,
1066 2576 1269 2642 audiendam
1294 2576 1521 2644 commisimus
1536 2583 1572 2640 et
1587 2574 1653 2639 fine
1669 2571 1786 2639 debito

417 2678 680 2760 terminandam,
709 2681 776 2765 qui,
803 2681 1073 2767 comparentibus
1103 2683 1253 2767 partibus
1283 2702 1395 2748 coram
1426 2701 1477 2762 e0,
1509 2679 1653 2765 cognitis
1683 2677 1786 2764 ipsius

418 2802 523 2848 cause
550 2784 678 2849 meritis
700 2793 735 2849 et
754 2785 835 2869 juris
858 2784 974 2850 ordine
999 2788 1189 2866 observato,
1213 2787 1438 2872 provisionem
1462 2785 1584 2851 iactam
1599 2783 1692 2849 dicto
1708 2781 1785 2848 Ric-

418 2886 512 2953 cario
528 2886 570 2952 de
586 2889 787 2953 canonicatu
810 2897 845 2953 et
869 2889 1040 2974 prebenda
1065 2889 1225 2975 predictis
1244 2890 1343 2956 fuisse
1359 2899 1394 2956 et
1409 2910 1483 2955 esse
1498 2888 1695 2955 canonicam
1710 2897 1733 2966 ⁰,
1749 2894 1785 2951 et

416 3011 483 3077 pro
509 3000 604 3076 parte
628 2991 794 3057 dictorum
821 2993 938 3059 decani
964 3003 999 3058 et
1025 2993 1165 3080 capituli
1191 3002 1224 3059 et
1249 2993 1414 3072 Johannis
1438 2993 1528 3059 male
1549 2999 1584 3057 et
1608 3010 1783 3077 perperam

416 3095 627 3180 appellatum
644 3096 889 3161 sententialiter
904 3096 1072 3177 diffinivit,
1097 3097 1206 3162 eidem
1222 3083 1371 3175 Johanni
1388 3117 1487 3182 super
1503 3096 1567 3162 illis
1582 3102 1783 3181 perpetuum

416 3199 591 3264 silentium
608 3199 812 3285 inponendo,
830 3199 885 3281 Et,
901 3200 981 3293 licet
997 3221 1057 3286 pro
1073 3209 1168 3287 parte
1191 3201 1272 3267 dicti
1295 3200 1314 3279 J
1318 3201 1460 3267 ohannis
1476 3199 1651 3266 dumtaxat
1667 3198 1796 3263 fuisset>

415 3304 461 3367 ab
479 3301 667 3386 hujusmodi
684 3303 852 3368 sententia
867 3302 910 3369 ad
925 3312 1075 3370 nostram
1091 3305 1297 3370 audientiam
1313 3305 1530 3391 appellatum,
1542 3311 1657 3368 tamen
1667 3300 1780 3366 dilecti

417 3405 479 3469 filii
496 3406 643 3490 magistri
660 3404 679 3483 J
683 3406 833 3472 ohannes
849 3407 891 3472 de
909 3407 988 3488 Ros,
1005 3408 1154 3489 secundi,
1171 3418 1205 3473 et
1229 3410 1472 3493 subsequenter
1486 3404 1654 3471 Amaldus
1671 3401 1781 3489 Regis,

417 3509 511 3575 tertii
527 3510 688 3595 graduum
716 3532 888 3577 causarum
916 3511 1066 3596 ejusdem
1093 3513 1207 3598 palatii
1233 3512 1410 3593 auditores,
1438 3510 1556 3596 quibus
1582 3508 1781 3589 successive,

418 3634 499 3680 cum
515 3613 603 3678 idem
619 3613 793 3692 Johaunes
814 3637 833 3680 a
857 3616 1025 3681 sententia
1048 3616 1198 3697 ejusdem
1220 3617 1368 3702 magistri
1392 3614 1558 3693 Johannis
1580 3613 1622 3679 de
1647 3609 1716 3678 Ros
1739 3611 1782 3678 ad

419 3739 484 3783 nos
499 3717 610 3783 denuo
625 3721 837 3804 appellasset,
851 3741 984 3786 causam
997 3721 1187 3806 hujusmodi
1200 3722 1401 3788 audiendam
1418 3719 1647 3787 commisimus
1663 3727 1697 3783 et
1714 3717 1780 3782 fine

418 3821 537 3888 debito
553 3823 809 3905 terminandam,
834 3825 1020 3910 predictam
1048 3826 1251 3891 sententiam
1277 3826 1383 3891 latam
1398 3846 1458 3911 per
1472 3825 1600 3891 dictum
1625 3821 1780 3888 Bertran·

418 3927 512 4007 dum,
536 3928 692 4011 exigente
712 3929 851 4012 justitia,
874 3929 1127 3996 confirmarunt.
1152 3929 1237 3995 Cum
1264 3939 1377 3995 autem
1400 3928 1618 3995 canonicatus
1642 3935 1677 3992 et
1706 3945 1780 4012 pre-

417 4030 531 4096 benda
553 4030 693 4115 predicti
710 4031 797 4116 apud
821 4032 945 4098 dictam
967 4032 1087 4098 Sedem
1115 4054 1156 4098 ex
1179 4055 1220 4099 eo
1243 4054 1361 4100 vacare
1384 4040 1566 4098 noscantur
1585 4031 1627 4097 ad
1643 4050 1780 4117 presens

422 4133 546 4221 [quod]
568 4134 737 4200 Riccarius
753 4156 811 4220 per
827 4144 1074 4220 procuratorem
1099 4159 1194 4203 suum
1271 4138 1507 4203 canonicatum
1523 4144 1557 4201 et
1574 4134 1778 4221 prebendam

417 4238 589 4324 predictos
605 4259 772 4322 omneque
785 4240 838 4323 jus
854 4239 915 4304 sibi
932 4249 1130 4325 competens
1154 4242 1186 4305 in
1210 4241 1337 4307 eisdem
1361 4242 1392 4305 in
1417 4241 1570 4305 manibus
1588 4238 1702 4305 dilecti
1720 4237 1777 4302 filii

416 4344 522 4408 nostri
546 4343 696 4421 Arnaldi,
721 4344 751 4407 S.
771 4343 941 4408 liustaclrii
959 4343 1090 4409 diaconi
1108 4346 1293 4425 cardinalis,
1310 4345 1500 4430 recipientis
1519 4343 1777 4427 resignationem

416 4449 607 4533 hujusmodi
624 4449 666 4512 de
683 4448 844 4511 mandato
860 4456 974 4512 nostro
990 4448 1050 4511 sibi
1068 4448 1161 4514 sacto
1184 4451 1318 4514 oraculo
1341 4449 1417 4512 vive
1433 4448 1536 4528 vociS,
1552 4446 1640 4531 apud
1656 4443 1776 4510 Sedent

415 4551 559 4618 eandem
575 4552 670 4616 duxit
687 4553 789 4614 libere
805 4550 1031 4635 resignandos,
1053 4554 1230 4637 nullusque
1249 4553 1290 4618 de
1318 4552 1380 4617 illis
1396 4561 1506 4637 preter
1523 4572 1583 4617 nos
1598 4550 1777 4636 disponere
1795 4567 1800 4576 ·

415 4656 590 4741 possit,‚..
622 4676 750 4734 uos,...
782 4655 951 4740 predictos
981 4655 1215 4720 canonicatum
1244 4664 1278 4720 et
1303 4655 1507 4740 prebendam
1534 4655 1580 4721 sic
1606 4661 1776 4732 vacantes,

415 4760 548 4825 etiamsi
570 4759 660 4823 dicte
684 4759 853 4844 prebende
866 4779 943 4823 cura
956 4759 1129 4824 immineat
1140 4760 1324 4825 animarum
1342 4761 1394 4824 rel
1411 4759 1629 4825 sacerdotalis
1644 4757 1776 4835 existat,

448 4936 473 4966 u.
491 4922 643 4967 taurionicum
663 4936 711 4980 rap.

425 5056 578 5064 *-

451 5141 471 5188 1,
492 5137 660 5196 Enmuuraml
673 5138 705 5184 dt·
718 5138 806 5187 Stella.
819 5137 920 5185 nommei
933 5138 955 5185 lc
968 5140 999 5186 23
1010 5138 1067 5200 juin
1082 5138 1153 5189 1312.
