4409 6017
502 717 563 780 500
1044 712 1192 779 Ηο10000
1214 709 1316 776 anna.

500 861 677 929 conferant
704 862 826 930 Beroni
857 862 976 951 Longo
1000 862 1246 952 preposituram
1272 881 1312 926 ac
1338 858 1576 926 canonicatum
1600 865 1636 923 et
1659 851 1868 942 prebendam

501 966 642 1033 ecclesie
658 966 857 1053 Upsalensis
871 969 970 1035 simul
985 988 1147 1048 annexos,
1168 973 1329 1033 vacantes
1348 984 1409 1050 per
1434 963 1564 1029 obitum
1592 957 1784 1038 Laurentii,
1800 974 1867 1041 pre-

502 1071 603 1159 positi
619 1071 710 1139 dicte
725 1073 877 1155 ecclesie,
894 1073 1038 1140 Parisius
1052 1070 1203 1138 defuncti
1219 1092 1228 1150 ;
1250 1089 1314 1154 que
1338 1068 1549 1155 prepositura
1572 1071 1750 1140 reservata
1767 1060 1867 1126 fuerat

504 1177 664 1262 magistro
691 1176 726 1243 N
729 1177 838 1244 icolao
865 1177 1019 1264 Sigvasti,
1047 1176 1100 1243 oui
1127 1195 1233 1262 nuper
1258 1174 1302 1239 de
1317 1172 1592 1240 archidiaconatu
1606 1191 1648 1236 ao
1664 1165 1867 1235 canonicatu
1908 1226 1909 1233 ,

504 1291 539 1348 et
551 1281 721 1369 prebenda
730 1281 832 1369 ipsius
845 1281 1044 1369 Upsalensis
1059 1279 1199 1348 ecclesie
1209 1277 1380 1367 provisum
1397 1285 1449 1342 est
1461 1277 1507 1362 (¹)
1519 1284 1555 1341 et
1568 1274 1624 1360 qui
1637 1293 1711 1339 non
1728 1265 1867 1336 intendit

504 1389 749 1476 preposituram
764 1387 950 1475 predictam
964 1387 1116 1475 recipere
1130 1407 1139 1468 ;
1155 1387 1392 1451 nonobstante
1407 1382 1499 1468 quod
1513 1382 1622 1448 dictus
1632 1378 1725 1445 Bero
1737 1373 1867 1444 canoni·

504 1505 617 1563 catum
648 1503 683 1562 et
704 1494 913 1582 prebendam
935 1493 969 1560 in
991 1493 1083 1560 dicta
1106 1491 1257 1572 ecclesia,
1288 1511 1327 1556 ac
1357 1488 1599 1576 parrochialem
1624 1483 1809 1552 ecclesiam
1830 1479 1867 1545 de

503 1600 728 1681 Thorstunn⁴,
754 1598 952 1685 Upsalensis
973 1597 1126 1679 diocesis,
1153 1595 1294 1674 obtinet,
1320 1598 1404 1679 quos
1424 1592 1662 1660 canonicatum
1678 1598 1716 1656 et
1731 1593 1866 1677 preben-

503 1703 581 1769 dam
597 1724 638 1769 ac
651 1704 896 1790 parrochialem
911 1700 1087 1769 ecclesiam
1102 1699 1272 1767 dimittere
1287 1697 1467 1763 tenebitur.

549 1807 719 1875 Virtutum
735 1806 974 1894 multiplicia...

550 1914 629 1979 Dat.
646 1914 747 1978 Avin.
766 1933 783 1997 5
800 1912 844 1978 id.
857 1911 942 1998 junii
958 1931 1050 1976 anno
1066 1913 1096 1977 8.

540 2049 600 2110 Reg.
618 2050 666 2097 Ar.
678 2050 717 2107 21,
730 2048 748 2097 i.
763 2049 808 2097 137
819 2063 825 2105 ;
837 2046 898 2100 Vnt.
913 2050 951 2107 77,
964 2047 983 2096 t.
995 2049 1063 2107 110',
1078 2062 1105 2096 n.
1119 2048 1190 2096 1349.

554 2200 701 2285 1344.
1587 2235 1683 2300 1324,
1707 2237 1730 2303 9
1741 2217 1830 2299 juin.

550 2321 793 2388 Executoribus
808 2320 988 2386 mandatur
1003 2329 1169 2408 quatenus
1188 2320 1363 2386 conferant
1388 2323 1548 2408 magistro
1565 2321 1715 2389 Nicolao
1731 2318 1869 2406 Sigvasti

504 2426 827 2506 archidiaconatum,
843 2424 1085 2491 canonicatum
1100 2430 1136 2489 et
1150 2424 1358 2511 prebendam
1374 2432 1536 2494 vacantes
1551 2427 1586 2493 in
1603 2425 1750 2493 ecclesia
1765 2423 1871 2512 Upsa-

506 2533 604 2599 lensi.

552 2687 772 2754 «Venerabili
797 2685 926 2752 fratri..
952 2686 1112 2773 episcopo
1136 2685 1308 2752 Arosiensi
1336 2692 1371 2752 et
1396 2687 1529 2756 dilectis
1556 2689 1672 2756 filiis..
1699 2689 1872 2777 preposito

507 2791 763 2879 Strengonensis
778 2811 818 2858 ac
834 2788 998 2856 Manuelli
1018 2790 1062 2856 de
1078 2788 1200 2873 Flisco,
1216 2791 1382 2858 canonico
1397 2792 1630 2861 attrebatensis
1645 2794 1872 2861 ecclesiarum.

508 2899 563 2965 Ad
579 2898 712 2964 illorum
727 2895 997 2983 provisionem...
1017 2895 1105 2961 Sane
1118 2894 1233 2962 dilecti
1251 2895 1306 2960 lilii
1322 2896 1472 2982 magistri
1488 2896 1625 2966 Nicolai
1640 2899 1799 2985 Sigvasti,
1821 2920 1872 2965 ca·

510 3003 623 3070 nonici
644 2999 852 3089 Upsalensis,
868 3000 966 3067 nobis
981 3000 1094 3066 oblata
1110 2998 1232 3086 petitio
1256 2999 1454 3068 continebat
1480 3001 1571 3086 quod
1597 3004 1678 3070 olim
1702 3006 1873 3092 quondam

511 3106 612 3173 Erico
639 3106 770 3191 Bugeri‚
797 3104 1036 3171 archidiacono
1063 3102 1256 3198 Upsalensi,
1281 3104 1316 3169 in
1342 3103 1527 3172 minoribus
1551 3106 1725 3175 ordinibus
1752 3113 1874 3180 consti·

510 3220 595 3293 tuto,
622 3210 739 3276 habitu
755 3217 790 3275 et
805 3217 943 3275 tonsura
969 3208 1114 3275 clericali
1144 3207 1287 3275 dimissis
1312 3229 1351 3274 ac
1376 3209 1419 3275 de
1445 3230 1581 3277 suorum
1607 3213 1873 3300 propinquorum

509 3315 650 3381 consilio
660 3322 695 3380 et
706 3334 853 3395 assensu,
870 3334 906 3379 se
921 3311 964 3379 ad
979 3320 1106 3379 statum
1122 3320 1157 3377 et
1168 3311 1321 3378 habitum
1337 3312 1471 3380 laicales
1487 3323 1522 3380 et
1538 3315 1582 3381 ad
1596 3324 1710 3403 partes
1726 3334 1874 3392 remotas

509 3419 611 3485 etiam
637 3417 859 3485 transferente
883 3437 923 3483 ac
949 3416 1259 3483 archidiaconatum
1282 3416 1424 3483 ecclesie
1449 3416 1647 3504 Upsalensis
1673 3431 1710 3488 et
1734 3429 1871 3495 canoni·

510 3531 623 3589 catum
653 3532 689 3589 et
710 3521 916 3609 prehendam
951 3520 1062 3587 eidem
1090 3519 1377 3587 archidiaconatui
1402 3542 1562 3605 annexos,
1587 3544 1672 3611 quos
1696 3527 1732 3593 in
1757 3532 1873 3598 eadem

511 3626 654 3692 ecclesia
669 3626 855 3706 obtinebat,
870 3624 1023 3692 totaliter
1037 3624 1248 3709 relinquente
1267 3633 1302 3690 et
1326 3645 1387 3711 pro
1414 3625 1583 3694 derelictis
1597 3628 1760 3715 habente,
1776 3657 1874 3701 vene·

511 3731 624 3796 rabilis
650 3731 752 3797 frater
774 3738 930 3795 noster..
955 3728 1228 3815 archiepiscopus
1254 3737 1289 3794 et
1309 3729 1423 3796 dilecti
1439 3731 1497 3796 lilii
1510 3782 1537 3798 ..
1563 3733 1751 3820 capitulum
1769 3738 1874 3827 Upsa-

512 3838 614 3917 lense,
644 3834 688 3900 ad
711 3854 796 3919 quos
820 3833 1044 3899 communiter
1072 3832 1240 3899 dictorum
1268 3833 1570 3917 archidiaconatus,
1601 3841 1824 3910 canonicatus
1844 3854 1875 3909 et

512 3938 682 4026 prebende
699 3938 835 4005 collatio
851 3938 1051 4024 pertinebat,
1067 3945 1264 4024 reputantes
1279 3938 1469 4021 hujusmodi
1486 3939 1682 4008 dimissione
1697 3943 1835 4014 habitus
1843 3956 1875 4011 et

511 4053 649 4110 tonsure
670 4041 832 4108 clericalis
847 4047 882 4107 et
898 4040 1112 4128 susceptione
1128 4040 1262 4107 habitus
1277 4041 1403 4108 laicalis
1419 4042 1525 4125 factis,
1551 4052 1588 4110 ut
1610 4046 1807 4132 predicitur,
1822 4070 1875 4137 per

511 4147 655 4213 eundem
674 4146 819 4227 Ericum,
835 4145 964 4213 dictum
990 4146 1302 4212 archidiaconatum
1324 4166 1455 4227 vacare,
1472 4147 1566 4214 illum
1581 4170 1659 4215 cum
1675 4155 1874 4222 canonicatu

512 4263 548 4319 et
571 4251 743 4340 prebenda
764 4250 924 4338 predictis
947 4250 1058 4316 eidem
1081 4250 1116 4316 N
1119 4251 1263 4332 ichola0,
1279 4260 1358 4318 ante
1375 4251 1477 4339 ipsius
1494 4251 1580 4320 Erici
1597 4255 1742 4341 obitum,
1758 4260 1874 4327 eodem

513 4357 613 4423 Erico
629 4355 733 4420 etiam
748 4376 817 4421 non
832 4363 967 4438 vocat0,
982 4375 1048 4421 neo
1063 4354 1145 4422 alias
1158 4355 1303 4442 privat0,
1324 4356 1505 4422 liberaliter
1530 4360 1761 4445 contulerunt,
1788 4364 1875 4449 cujus

512 4460 803 4527 archidiaconatus
834 4459 1081 4545 possessionem
1108 4458 1198 4525 idem
1229 4458 1400 4541 Nicotaus,
1424 4481 1485 4547 pro
1508 4463 1664 4549 eoquod
1687 4464 1873 4552 hujusmodi

511 4564 657 4645 collati0,
672 4564 765 4630 dicto
783 4562 884 4630 Erico
900 4584 968 4630 non
985 4564 1092 4630 citato
1108 4584 1172 4630 nec
1188 4565 1329 4652 privato,
1345 4584 1409 4630 nec
1432 4565 1747 4637 archidiaconatum
1770 4571 1873 4658 ipsum

510 4668 702 4753 resignante
727 4687 892 4755 expresse,
918 4668 977 4734 sed
1001 4689 1043 4734 eo
1067 4668 1214 4750 vivente,
1230 4670 1344 4735 extitit
1370 4669 1432 4735 sibi
1456 4669 1554 4752 facta,
1570 4692 1640 4738 non
1656 4675 1798 4762 recepit,
1815 4694 1873 4740 nec

512 4794 586 4838 eam
610 4772 706 4838 aliter
740 4772 942 4858 acceptavit,
974 4773 1055 4839 licet
1077 4773 1286 4839 consenserit
1312 4772 1483 4839 collationi
1523 4775 1662 4860 prefate,
1691 4788 1873 4865 expectans

544 4945 568 4977 a.
587 4928 769 4975 Thorstamum
783 4941 832 4990 req.
851 4926 905 4974 l'al.

516 5049 1212 5063 ——u———m

546 5130 566 5177 l.
587 5127 649 5189 l'oy.
666 5142 691 5176 0.
710 5128 780 5175 1344.
