4409 6017
514 718 578 784 330
1052 711 1220 788 Quatrieme
1242 710 1343 775 anne‘e.

557 869 666 953 815.
1383 874 1505 961 [avant
1528 875 1558 939 le
1579 894 1604 958 5
1628 878 1702 941 mai
1721 876 1828 962 1320]⁸

558 989 744 1057 Gaucelmo
759 986 917 1054 cardinali
942 984 1096 1051 scribitur
1118 990 1156 1047 ut
1182 981 1225 1047 ad
1245 1001 1364 1068 pacem
1390 980 1587 1047 firmandam
1612 981 1761 1047 studium
1783 1002 1859 1047 suun

514 1098 681 1166 adhibeat.

560 1278 740 1344 «Dilecto
777 1273 846 1341 filio
876 1272 1114 1360 G[aucelmo],
1145 1271 1233 1339 tituli
1266 1271 1466 1336 Sanctorum
1497 1263 1686 1334 Marcellini
1725 1278 1761 1336 et
1790 1270 1860 1336 Petn'

513 1385 698 1472 presbitero
722 1382 892 1462 cardinali,
916 1382 1010 1449 Sedis
1035 1380 1222 1470 apostolice
1246 1379 1376 1447 nuntio
1401 1376 1584 1444 Innotuere
1606 1376 1706 1442 nobis
1730 1384 1798 1458 tue,
1818 1377 1861 1454 fili,

513 1490 626 1557 littere
650 1510 766 1577 nuper,
793 1510 833 1556 ac
868 1490 1109 1574 subsequenter
1139 1487 1322 1554 novissime
1351 1485 1449 1552 nobis
1472 1485 1573 1552 misse
1603 1486 1748 1571 qualiter
1773 1489 1862 1555 tonna

513 1595 702 1662 securitatis
726 1615 885 1661 concesse
914 1594 1030 1660 comiti
1055 1593 1253 1660 Flandrensi
1283 1592 1464 1658 resonnata
1494 1599 1529 1656 et
1559 1590 1630 1657 dies
1659 1592 1722 1658 srbi
1754 1593 1862 1681 prefira

512 1701 644 1767 fuerant
664 1708 862 1785 prorogata;
878 1720 1074 1786 responsum
1090 1721 1224 1784 quoque
1248 1699 1388 1765 dilatum
1412 1691 1537 1762 diutius
1560 1702 1595 1762 te
1618 1696 1795 1784 recepisse,
1809 1718 1862 1764 non

511 1808 637 1890 absque
664 1826 723 1891 spe
748 1804 982 1872 confidentiori
1007 1805 1107 1871 solito
1134 1805 1243 1871 exitus
1277 1803 1425 1889 prosperi
1458 1801 1585 1887 negotii
1616 1802 1708 1887 quod
1738 1803 1863 1882 venans,
1899 1831 1901 1878 ε

512 1931 645 1977 necnon
662 1918 696 1975 et
713 1911 919 1995 diligentiam
947 1910 1096 1977 sedulam
1120 1932 1220 1995 quam
1242 1910 1329 1976 circa
1354 1907 1490 1991 negotia
1512 1906 1712 1974 dilectorum
1736 1908 1864 1974 liliorum

512 2016 675 2083 nobilium
698 2016 842 2081 viromm
859 2014 1027 2101 B[emldi]
1045 2016 1088 2082 de
1105 2015 1274 2083 Mereorio
1293 2023 1328 2081 et
1343 2012 1483 2092 Jordani
1506 2013 1549 2078 de
1569 2010 1692 2093 Insula,
1708 2012 1864 2079 familiaris
1899 2027 1901 2040 ¹

513 2121 628 2199 nostri,
644 2141 684 2187 ac
710 2122 812 2187 etiam
836 2120 985 2205 magistri
1010 2119 1179 2207 Radulphi
1204 2121 1246 2187 de
1268 2120 1407 2186 Perellis
1431 2117 1591 2185 adhibere
1616 2125 1677 2184 tua
1700 2117 1863 2205 prudentia

512 2224 650 2303 studuit,
669 2226 849 2292 novissima
864 2226 1034 2293 reseravit.
1051 2227 1127 2310 Que
1142 2235 1255 2294 autem
1281 2246 1342 2312 pro
1362 2233 1457 2311 parte
1481 2223 1572 2305 regia
1591 2223 1729 2308 prelatis
1753 2244 1863 2291 convo

513 2330 596 2396 catis
612 2329 755 2397 Parisios
779 2332 950 2417 proposita
977 2332 1110 2397 fuerunt
1135 2332 1258 2416 quidve
1282 2350 1480 2417 responsum
1506 2327 1606 2394 fuerit
1632 2348 1694 2414 per
1719 2330 1863 2415 prelatos,

511 2442 652 2519 utraque
675 2435 786 2501 littera
810 2436 853 2502 ad
876 2444 1025 2502 nostram
1050 2435 1206 2502 notitiam
1229 2436 1395 2502 deducere
1410 2432 1613 2520 properavit.
1629 2433 1737 2519 Super
1759 2435 1863 2520 quibus

511 2545 604 2604 tuam
620 2539 867 2607 solicitudinem
883 2540 1137 2619 comendantes,
1154 2543 1311 2609 obtamus
1326 2549 1360 2606 et
1377 2539 1542 2605 instanter
1558 2537 1722 2604 instamus
1737 2547 1775 2605 ut
1791 2539 1863 2605 circa

511 2644 781 2728 prosecutionem
798 2645 990 2731 principalis
1004 2645 1131 2728 negotii
1155 2654 1214 2712 tua
1230 2644 1402 2727 diligentia
1417 2663 1486 2708 non
1501 2649 1666 2728 tepescat,
1683 2642 1743 2709 sed
1765 2643 1863 2731 potius

511 2747 671 2812 continue
687 2748 877 2826 incalescat,
894 2751 1034 2815 sciturus
1050 2749 1140 2834 quod
1164 2749 1243 2816 licet
1259 2758 1318 2816 tua
1339 2748 1484 2815 libenter
1497 2746 1667 2832 presentia
1682 2746 1862 2819 frueremur,

511 2850 638 2918 fructus
662 2860 777 2920 tamen
802 2853 1009 2921 desideratus
1035 2875 1135 2938 quem
1164 2877 1205 2920 ex
1230 2855 1381 2922 absentia
1406 2871 1578 2940 speramus
1595 2852 1763 2939 subsequi,
1778 2852 1863 2919 nobis

511 2953 618 3040 ipsam
651 2958 839 3025 absentiam
874 2958 984 3025 reddit
1015 2966 1155 3038 gratam.
1182 2959 1298 3025 Persta
1325 2979 1414 3044 ergo,
1440 2957 1497 3039 fili,
1525 2955 1673 3023 studiose
1706 2957 1860 3045 inceptis:

509 3079 680 3146 speramus
704 3061 860 3146 equidem
885 3063 919 3129 in
945 3062 1038 3149 pacis
1060 3071 1175 3130 actore
1191 3064 1292 3148 quod,
1308 3070 1513 3150 cooperante
1528 3060 1601 3148 ipso
1625 3069 1661 3128 et
1683 3082 1860 3129 sennonem

508 3172 603 3230 tuum
634 3165 865 3248 confirmante,
897 3176 1033 3255 optatus
1064 3168 1174 3234 exitus
1204 3171 1424 3253 subsequetur
1461 3168 1586 3251 sicque,
1618 3164 1660 3230 ad
1698 3186 1761 3233 nos
1797 3186 1860 3233 cum

508 3272 715 3338 exultatione
731 3272 880 3352 veniens,
895 3271 1072 3339 reverteris
1087 3280 1226 3358 portans
1241 3272 1333 3359 pacis
1348 3272 1454 3339 solide
1469 3270 1659 3357 manipulos
1674 3269 1708 3335 in
1721 3272 1861 3338 manibus

508 3374 583 3453 tuis,
600 3396 664 3442 nec
688 3377 753 3443 alia
777 3377 927 3444 dimittas
954 3377 1110 3463 prosequi
1134 3378 1166 3441 in
1194 3378 1312 3462 quibus
1336 3386 1430 3443 tuam
1449 3376 1655 3461 diligentiam
1678 3398 1777 3463 posse
1800 3397 1861 3464 per·

508 3480 635 3565 ceperis
650 3482 774 3567 aliquid
790 3481 928 3568 operari.
945 3482 1060 3548 Gratia
1074 3481 1137 3548 Dei
1154 3483 1196 3548 sit
1212 3491 1336 3559 tecum,
1351 3482 1406 3558 fili,
1423 3488 1455 3546 et
1473 3502 1548 3547 cnm
1566 3481 1781 3548 familiaribus
1795 3482 1860 3548 tuis.

508 3583 585 3649 Sani
610 3606 740 3652 eramus
767 3588 799 3651 in
825 3586 1038 3653 confectione
1063 3587 1270 3670 presentium
1298 3607 1358 3671 per
1375 3585 1438 3651 Dei
1462 3584 1737 3664 misericordiam,
1753 3608 1812 3652 nos
1832 3594 1859 3650 et

508 3687 632 3754 fratres.
651 3690 702 3754 De
718 3691 943 3756 reservatione
959 3690 1092 3756 abbatie
1108 3690 1150 3755 de
1164 3711 1228 3775 qna
1244 3690 1341 3755 nobis
1357 3689 1515 3774 scripsisti
1530 3690 1703 3756 omisimus
1719 3692 1859 3767 scribere,

507 3792 583 3876 quia
600 3793 632 3857 in
649 3794 802 3880 proximo
817 3815 886 3860 non
902 3797 1096 3880 sperabatur
1112 3816 1232 3860 vacare
1250 3794 1307 3878 (¹).
1325 3815 1342 3856 n

541 3926 600 3984 ch.
616 3927 673 3975 Vnt.
689 3931 742 3986 1111,
754 3943 812 3991 pars
824 3929 861 3988 11,
875 3931 892 3978 l.
908 3933 943 3979 12.
957 3945 982 3978 n.
996 3929 1234 3987 (πὶ-0001000,
1249 3932 1306 3977 11131
1324 3930 1430 3990 (texte).

551 4094 659 4175 816.
1587 4132 1684 4196 1320,
1709 4134 1730 4200 7
1752 4138 1826 4181 maa

549 4212 697 4291 Jobanni
724 4214 816 4281 dicto
840 4214 1011 4283 Rombaut
1037 4216 1079 4281 de
1104 4214 1190 4296 Lira,
1207 4216 1329 4282 clerico
1345 4216 1597 4282 Cameracensis
1623 4217 1777 4301 diocesis,
1793 4238 1861 4285 con·

506 4316 609 4382 fertur
624 4318 861 4385 tabellionatus
877 4319 1036 4385 officium.

550 4420 605 4486 Ne
628 4433 903 4488 contractuum...

551 4526 630 4592 Dat.
647 4526 746 4590 Avin.
764 4548 843 4594 non.
860 4528 937 4592 maii
954 4548 1044 4592 anno
1060 4550 1090 4612 4.

538 4662 598 4722 Reg.
612 4663 670 4710 l'at.
683 4666 720 4713 711,
735 4664 752 4710 t.
766 4666 833 4720 dliv,
845 4679 870 4712 n.
885 4667 975 4712 rolla

549 4842 655 4924 817.
1581 4882 1678 4945 1320,
1749 4864 1825 4928 mni.

549 4970 693 5035 (lsficiali
726 4971 959 5036 Cameracensi
999 4975 1194 5039 conceditur
1232 4975 1372 5041 facultas
1404 4976 1596 5042 conferendi
1628 4882 1861 5043 tabeilionatus

541 5177 561 5222 l.
577 5180 651 5225 t'cttc
665 5177 739 5223 lettre
752 5192 777 5224 se
789 5178 850 5225 date
861 5191 959 5224 «renunc
973 5178 994 5224 la
1009 5177 1172 5240 precedente.
