<?xml version="1.0" encoding="UTF-8"?>
<!DOCTYPE html PUBLIC "-//W3C//DTD XHTML 1.0 Transitional//EN"
    "http://www.w3.org/TR/xhtml1/DTD/xhtml1-transitional.dtd">
<html xmlns="http://www.w3.org/1999/xhtml" xml:lang="en" lang="en">
 <head>
  <title>
</title>
<meta http-equiv="Content-Type" content="text/html;charset=utf-8" />
  <meta name='ocr-system' content='tesseract 3.04.00' />
  <meta name='ocr-capabilities' content='ocr_page ocr_carea ocr_par ocr_line ocrx_word'/>
</head>
<body>
  <div class='ocr_page' id='page_1' title='image "./lettresdejeanxx00xxiigoog_0258.png"; bbox 0 0 4409 6017; ppageno 0'>
   <div class='ocr_carea' id='block_1_1' title="bbox 500 708 1314 777">
    <p class='ocr_par' dir='ltr' id='par_1_1' title="bbox 500 708 1314 777">
     <span class='ocr_line' id='line_1_1' title="bbox 500 708 1314 777; baseline 0.002 -2"><span class='ocrx_word' id='word_1_1' title='bbox 500 712 556 776; x_wconf 80' lang='lat'>172</span> <span class='ocrx_word' id='word_1_2' title='bbox 1032 708 1190 776; x_wconf 80' lang='lat' dir='ltr'>Deuxibme</span> <span class='ocrx_word' id='word_1_3' title='bbox 1212 712 1314 777; x_wconf 75' lang='lat' dir='ltr'>annia.</span> 
     </span>
    </p>
   </div>
   <div class='ocr_carea' id='block_1_2' title="bbox 500 859 1907 2807">
    <p class='ocr_par' dir='ltr' id='par_1_2' title="bbox 500 859 1907 2292">
     <span class='ocr_line' id='line_1_2' title="bbox 500 859 1851 947; baseline 0.001 -21"><span class='ocrx_word' id='word_1_4' title='bbox 500 863 593 947; x_wconf 92' lang='lat' dir='ltr'>scopi</span> <span class='ocrx_word' id='word_1_5' title='bbox 608 860 810 940; x_wconf 86' lang='lat' dir='ltr'>Aniciensis,</span> <span class='ocrx_word' id='word_1_6' title='bbox 825 881 894 925; x_wconf 90' lang='lat' dir='ltr'>uon</span> <span class='ocrx_word' id='word_1_7' title='bbox 910 862 1066 926; x_wconf 89' lang='lat' dir='ltr'>obstante</span> <span class='ocrx_word' id='word_1_8' title='bbox 1082 859 1172 944; x_wconf 90' lang='lat' dir='ltr'>quod</span> <span class='ocrx_word' id='word_1_9' title='bbox 1193 860 1303 927; x_wconf 93' lang='lat' dir='ltr'>dictus</span> <span class='ocrx_word' id='word_1_10' title='bbox 1324 862 1522 928; x_wconf 89' lang='lat' dir='ltr'>Guillelmus</span> <span class='ocrx_word' id='word_1_11' title='bbox 1548 862 1581 927; x_wconf 91' lang='lat' dir='ltr'>in</span> <span class='ocrx_word' id='word_1_12' title='bbox 1605 862 1802 929; x_wconf 87' lang='lat' dir='ltr'>Camotensi</span> <span class='ocrx_word' id='word_1_13' title='bbox 1822 872 1851 927; x_wconf 90' lang='lat' dir='ltr'>et</span> 
     </span>
     <span class='ocr_line' id='line_1_3' title="bbox 501 962 1853 1049; baseline -0.001 -21"><span class='ocrx_word' id='word_1_14' title='bbox 501 965 532 1030; x_wconf 87' lang='lat' dir='ltr'>S.</span> <span class='ocrx_word' id='word_1_15' title='bbox 549 964 701 1049; x_wconf 79' lang='lat' dir='ltr'>Quintini</span> <span class='ocrx_word' id='word_1_16' title='bbox 719 964 752 1028; x_wconf 92' lang='lat' dir='ltr'>in</span> <span class='ocrx_word' id='word_1_17' title='bbox 770 963 994 1040; x_wconf 86' lang='lat' dir='ltr'>Viromandia,</span> <span class='ocrx_word' id='word_1_18' title='bbox 1012 962 1047 1029; x_wconf 84' lang='lat' dir='ltr'>N</span> <span class='ocrx_word' id='word_1_19' title='bbox 1049 964 1253 1029; x_wconf 88' lang='lat' dir='ltr'>oviomensis</span> <span class='ocrx_word' id='word_1_20' title='bbox 1268 965 1420 1047; x_wconf 89' lang='lat' dir='ltr'>diocesis,</span> <span class='ocrx_word' id='word_1_21' title='bbox 1437 964 1588 1032; x_wconf 87' lang='lat' dir='ltr'>ecclesiis</span> <span class='ocrx_word' id='word_1_22' title='bbox 1597 964 1816 1029; x_wconf 89' lang='lat' dir='ltr'>canonicatus</span> <span class='ocrx_word' id='word_1_23' title='bbox 1823 972 1853 1028; x_wconf 91' lang='lat' dir='ltr'>et</span> 
     </span>
     <span class='ocr_line' id='line_1_4' title="bbox 501 1067 1855 1153; baseline -0.001 -22"><span class='ocrx_word' id='word_1_24' title='bbox 501 1068 687 1153; x_wconf 90' lang='lat' dir='ltr'>prebendas</span> <span class='ocrx_word' id='word_1_25' title='bbox 696 1068 827 1133; x_wconf 92' lang='lat' dir='ltr'>obtinet</span> <span class='ocrx_word' id='word_1_26' title='bbox 843 1067 923 1132; x_wconf 89' lang='lat' dir='ltr'>etei</span> <span class='ocrx_word' id='word_1_27' title='bbox 939 1088 1045 1152; x_wconf 87' lang='lat' dir='ltr'>nuper</span> <span class='ocrx_word' id='word_1_28' title='bbox 1060 1068 1102 1132; x_wconf 91' lang='lat' dir='ltr'>de</span> <span class='ocrx_word' id='word_1_29' title='bbox 1119 1068 1290 1152; x_wconf 91' lang='lat' dir='ltr'>prebenda</span> <span class='ocrx_word' id='word_1_30' title='bbox 1304 1068 1343 1135; x_wconf 90' lang='lat' dir='ltr'>B.</span> <span class='ocrx_word' id='word_1_31' title='bbox 1361 1068 1500 1135; x_wconf 89' lang='lat' dir='ltr'>Martini</span> <span class='ocrx_word' id='word_1_32' title='bbox 1523 1067 1729 1134; x_wconf 81' lang='lat' dir='ltr'>Turonensis</span> <span class='ocrx_word' id='word_1_33' title='bbox 1755 1067 1855 1151; x_wconf 87' lang='lat' dir='ltr'>provi-</span> 
     </span>
     <span class='ocr_line' id='line_1_5' title="bbox 502 1170 1858 1258; baseline -0.002 -22"><span class='ocrx_word' id='word_1_34' title='bbox 502 1193 576 1236; x_wconf 91' lang='lat' dir='ltr'>sum</span> <span class='ocrx_word' id='word_1_35' title='bbox 599 1181 651 1237; x_wconf 92' lang='lat' dir='ltr'>est</span> <span class='ocrx_word' id='word_1_36' title='bbox 674 1180 709 1236; x_wconf 91' lang='lat' dir='ltr'>et</span> <span class='ocrx_word' id='word_1_37' title='bbox 732 1170 822 1255; x_wconf 93' lang='lat' dir='ltr'>quod</span> <span class='ocrx_word' id='word_1_38' title='bbox 845 1179 1042 1256; x_wconf 90' lang='lat' dir='ltr'>procurator</span> <span class='ocrx_word' id='word_1_39' title='bbox 1064 1172 1136 1255; x_wconf 88' lang='lat' dir='ltr'>ejus</span> <span class='ocrx_word' id='word_1_40' title='bbox 1167 1172 1335 1255; x_wconf 87' lang='lat' dir='ltr'>quandam</span> <span class='ocrx_word' id='word_1_41' title='bbox 1364 1173 1499 1258; x_wconf 86' lang='lat' dir='ltr'>majoris</span> <span class='ocrx_word' id='word_1_42' title='bbox 1522 1170 1729 1237; x_wconf 80' lang='lat' dir='ltr'>Turonensis</span> <span class='ocrx_word' id='word_1_43' title='bbox 1758 1170 1858 1234; x_wconf 89' lang='lat' dir='ltr'>eccle·</span> 
     </span>
     <span class='ocr_line' id='line_1_6' title="bbox 502 1272 1859 1361; baseline -0.003 -22"><span class='ocrx_word' id='word_1_44' title='bbox 502 1276 634 1355; x_wconf 90' lang='lat' dir='ltr'>siarum,</span> <span class='ocrx_word' id='word_1_45' title='bbox 651 1276 683 1339; x_wconf 91' lang='lat' dir='ltr'>in</span> <span class='ocrx_word' id='word_1_46' title='bbox 702 1295 766 1359; x_wconf 91' lang='lat' dir='ltr'>qua</span> <span class='ocrx_word' id='word_1_47' title='bbox 777 1274 959 1339; x_wconf 90' lang='lat' dir='ltr'>canonicus</span> <span class='ocrx_word' id='word_1_48' title='bbox 969 1276 1029 1339; x_wconf 88' lang='lat' dir='ltr'>sub</span> <span class='ocrx_word' id='word_1_49' title='bbox 1043 1275 1280 1360; x_wconf 85' lang='lat' dir='ltr'>expectatione</span> <span class='ocrx_word' id='word_1_50' title='bbox 1292 1277 1461 1361; x_wconf 88' lang='lat' dir='ltr'>prebende</span> <span class='ocrx_word' id='word_1_51' title='bbox 1473 1276 1649 1352; x_wconf 82' lang='lat' dir='ltr'>existebat,</span> <span class='ocrx_word' id='word_1_52' title='bbox 1659 1272 1859 1359; x_wconf 83' lang='lat' dir='ltr'>prebendam</span> 
     </span>
     <span class='ocr_line' id='line_1_7' title="bbox 503 1375 1861 1464; baseline -0.002 -23"><span class='ocrx_word' id='word_1_53' title='bbox 503 1387 682 1445; x_wconf 84' lang='lat' dir='ltr'>vacantem</span> <span class='ocrx_word' id='word_1_54' title='bbox 707 1378 909 1464; x_wconf 86' lang='lat' dir='ltr'>acceptavit,</span> <span class='ocrx_word' id='word_1_55' title='bbox 933 1399 1033 1462; x_wconf 91' lang='lat' dir='ltr'>quam</span> <span class='ocrx_word' id='word_1_56' title='bbox 1063 1379 1234 1444; x_wconf 87' lang='lat' dir='ltr'>dimittere</span> <span class='ocrx_word' id='word_1_57' title='bbox 1265 1381 1444 1459; x_wconf 81' lang='lat' dir='ltr'>tenebitur,</span> <span class='ocrx_word' id='word_1_58' title='bbox 1482 1400 1541 1445; x_wconf 90' lang='lat' dir='ltr'>seu</span> <span class='ocrx_word' id='word_1_59' title='bbox 1579 1377 1671 1462; x_wconf 93' lang='lat' dir='ltr'>quod</span> <span class='ocrx_word' id='word_1_60' title='bbox 1704 1378 1739 1441; x_wconf 91' lang='lat' dir='ltr'>iu</span> <span class='ocrx_word' id='word_1_61' title='bbox 1776 1375 1861 1440; x_wconf 92' lang='lat' dir='ltr'>dicta</span> 
     </span>
     <span class='ocr_line' id='line_1_8' title="bbox 503 1478 1861 1567; baseline -0.004 -21"><span class='ocrx_word' id='word_1_62' title='bbox 503 1482 535 1547; x_wconf 79' lang='lat' dir='ltr'>S.</span> <span class='ocrx_word' id='word_1_63' title='bbox 552 1481 690 1547; x_wconf 90' lang='lat' dir='ltr'>Martini</span> <span class='ocrx_word' id='word_1_64' title='bbox 706 1482 951 1567; x_wconf 86' lang='lat' dir='ltr'>preposituram</span> <span class='ocrx_word' id='word_1_65' title='bbox 967 1503 1025 1546; x_wconf 93' lang='lat' dir='ltr'>seu</span> <span class='ocrx_word' id='word_1_66' title='bbox 1038 1481 1198 1563; x_wconf 89' lang='lat' dir='ltr'>officium,</span> <span class='ocrx_word' id='word_1_67' title='bbox 1215 1492 1250 1547; x_wconf 90' lang='lat' dir='ltr'>et</span> <span class='ocrx_word' id='word_1_68' title='bbox 1277 1483 1310 1547; x_wconf 92' lang='lat' dir='ltr'>iu</span> <span class='ocrx_word' id='word_1_69' title='bbox 1329 1482 1529 1548; x_wconf 87' lang='lat' dir='ltr'>Bituricensi</span> <span class='ocrx_word' id='word_1_70' title='bbox 1556 1479 1709 1547; x_wconf 88' lang='lat' dir='ltr'>ecclesiis</span> <span class='ocrx_word' id='word_1_71' title='bbox 1733 1478 1861 1545; x_wconf 88' lang='lat' dir='ltr'>canoni·</span> 
     </span>
     <span class='ocr_line' id='line_1_9' title="bbox 504 1585 1862 1671; baseline -0.004 -19"><span class='ocrx_word' id='word_1_72' title='bbox 504 1595 616 1652; x_wconf 92' lang='lat' dir='ltr'>catum</span> <span class='ocrx_word' id='word_1_73' title='bbox 632 1589 692 1651; x_wconf 90' lang='lat' dir='ltr'>sub</span> <span class='ocrx_word' id='word_1_74' title='bbox 709 1585 946 1671; x_wconf 84' lang='lat' dir='ltr'>expectatione</span> <span class='ocrx_word' id='word_1_75' title='bbox 963 1587 1132 1671; x_wconf 90' lang='lat' dir='ltr'>prebende</span> <span class='ocrx_word' id='word_1_76' title='bbox 1147 1586 1289 1667; x_wconf 87' lang='lat' dir='ltr'>obtinet,</span> <span class='ocrx_word' id='word_1_77' title='bbox 1305 1595 1363 1652; x_wconf 89' lang='lat' dir='ltr'>aut</span> <span class='ocrx_word' id='word_1_78' title='bbox 1379 1587 1405 1652; x_wconf 92' lang='lat' dir='ltr'>si</span> <span class='ocrx_word' id='word_1_79' title='bbox 1421 1585 1661 1652; x_wconf 88' lang='lat' dir='ltr'>canonicatum</span> <span class='ocrx_word' id='word_1_80' title='bbox 1677 1595 1713 1649; x_wconf 93' lang='lat' dir='ltr'>et</span> <span class='ocrx_word' id='word_1_81' title='bbox 1726 1585 1862 1669; x_wconf 91' lang='lat' dir='ltr'>preben-</span> 
     </span>
     <span class='ocr_line' id='line_1_10' title="bbox 503 1686 1864 1775; baseline -0.003 -21"><span class='ocrx_word' id='word_1_82' title='bbox 503 1689 591 1768; x_wconf 87' lang='lat' dir='ltr'>dam,</span> <span class='ocrx_word' id='word_1_83' title='bbox 609 1712 693 1775; x_wconf 93' lang='lat' dir='ltr'>quos</span> <span class='ocrx_word' id='word_1_84' title='bbox 708 1690 742 1755; x_wconf 92' lang='lat' dir='ltr'>in</span> <span class='ocrx_word' id='word_1_85' title='bbox 758 1690 901 1755; x_wconf 91' lang='lat' dir='ltr'>ecclesia</span> <span class='ocrx_word' id='word_1_86' title='bbox 917 1689 960 1754; x_wconf 93' lang='lat' dir='ltr'>de</span> <span class='ocrx_word' id='word_1_87' title='bbox 977 1689 1116 1770; x_wconf 91' lang='lat' dir='ltr'>Lileriis,</span> <span class='ocrx_word' id='word_1_88' title='bbox 1134 1689 1338 1757; x_wconf 89' lang='lat' dir='ltr'>Morineusis</span> <span class='ocrx_word' id='word_1_89' title='bbox 1353 1691 1507 1770; x_wconf 89' lang='lat' dir='ltr'>diocesis,</span> <span class='ocrx_word' id='word_1_90' title='bbox 1522 1690 1665 1774; x_wconf 92' lang='lat' dir='ltr'>adeptus</span> <span class='ocrx_word' id='word_1_91' title='bbox 1681 1688 1802 1767; x_wconf 88' lang='lat' dir='ltr'>fuerat,</span> <span class='ocrx_word' id='word_1_92' title='bbox 1824 1686 1864 1751; x_wconf 88' lang='lat' dir='ltr'>ad</span> 
     </span>
     <span class='ocr_line' id='line_1_11' title="bbox 504 1789 1864 1879; baseline -0.002 -21"><span class='ocrx_word' id='word_1_93' title='bbox 504 1815 587 1878; x_wconf 92' lang='lat' dir='ltr'>quos</span> <span class='ocrx_word' id='word_1_94' title='bbox 603 1794 820 1878; x_wconf 87' lang='lat' dir='ltr'>resignandos</span> <span class='ocrx_word' id='word_1_95' title='bbox 835 1814 935 1859; x_wconf 90' lang='lat' dir='ltr'>causa</span> <span class='ocrx_word' id='word_1_96' title='bbox 950 1795 1209 1879; x_wconf 87' lang='lat' dir='ltr'>permutationis</span> <span class='ocrx_word' id='word_1_97' title='bbox 1224 1795 1266 1860; x_wconf 91' lang='lat' dir='ltr'>de</span> <span class='ocrx_word' id='word_1_98' title='bbox 1282 1796 1347 1861; x_wconf 88' lang='lat' dir='ltr'>illis</span> <span class='ocrx_word' id='word_1_99' title='bbox 1362 1803 1397 1859; x_wconf 91' lang='lat' dir='ltr'>et</span> <span class='ocrx_word' id='word_1_100' title='bbox 1413 1794 1617 1860; x_wconf 90' lang='lat' dir='ltr'>canonicatu</span> <span class='ocrx_word' id='word_1_101' title='bbox 1637 1811 1678 1857; x_wconf 90' lang='lat' dir='ltr'>ac</span> <span class='ocrx_word' id='word_1_102' title='bbox 1696 1789 1864 1876; x_wconf 84' lang='lat' dir='ltr'>prebenda</span> 
     </span>
     <span class='ocr_line' id='line_1_12' title="bbox 504 1892 1907 1983; baseline -0.004 -21"><span class='ocrx_word' id='word_1_103' title='bbox 504 1908 539 1963; x_wconf 88' lang='lat' dir='ltr'>et</span> <span class='ocrx_word' id='word_1_104' title='bbox 569 1898 718 1983; x_wconf 87' lang='lat' dir='ltr'>prioratu</span> <span class='ocrx_word' id='word_1_105' title='bbox 745 1919 828 1982; x_wconf 87' lang='lat' dir='ltr'>quos</span> <span class='ocrx_word' id='word_1_106' title='bbox 855 1897 887 1962; x_wconf 89' lang='lat' dir='ltr'>iu</span> <span class='ocrx_word' id='word_1_107' title='bbox 915 1899 1056 1964; x_wconf 89' lang='lat' dir='ltr'>ecclesia</span> <span class='ocrx_word' id='word_1_108' title='bbox 1085 1897 1125 1964; x_wconf 90' lang='lat' dir='ltr'>B.</span> <span class='ocrx_word' id='word_1_109' title='bbox 1158 1897 1206 1963; x_wconf 91' lang='lat' dir='ltr'>M.</span> <span class='ocrx_word' id='word_1_110' title='bbox 1237 1899 1280 1964; x_wconf 91' lang='lat' dir='ltr'>de</span> <span class='ocrx_word' id='word_1_111' title='bbox 1311 1898 1445 1978; x_wconf 90' lang='lat' dir='ltr'>Lochis,</span> <span class='ocrx_word' id='word_1_112' title='bbox 1476 1894 1682 1962; x_wconf 87' lang='lat' dir='ltr'>Turonensis</span> <span class='ocrx_word' id='word_1_113' title='bbox 1713 1892 1863 1971; x_wconf 88' lang='lat' dir='ltr'>diocesis,</span> <span class='ocrx_word' id='word_1_114' title='bbox 1906 1899 1907 1906; x_wconf 75' lang='grc'>’</span> 
     </span>
     <span class='ocr_line' id='line_1_13' title="bbox 507 1997 1863 2088; baseline -0.002 -23"><span class='ocrx_word' id='word_1_115' title='bbox 507 2000 674 2067; x_wconf 89' lang='lat' dir='ltr'>Heuricus</span> <span class='ocrx_word' id='word_1_116' title='bbox 688 2001 731 2066; x_wconf 94' lang='lat' dir='ltr'>de</span> <span class='ocrx_word' id='word_1_117' title='bbox 747 2001 893 2066; x_wconf 87' lang='lat' dir='ltr'>Culento</span> <span class='ocrx_word' id='word_1_118' title='bbox 909 2001 1064 2081; x_wconf 89' lang='lat' dir='ltr'>habebat,</span> <span class='ocrx_word' id='word_1_119' title='bbox 1081 2001 1251 2085; x_wconf 89' lang='lat' dir='ltr'>quendam</span> <span class='ocrx_word' id='word_1_120' title='bbox 1278 2011 1529 2088; x_wconf 91' lang='lat' dir='ltr'>procuratorem</span> <span class='ocrx_word' id='word_1_121' title='bbox 1555 1997 1742 2077; x_wconf 90' lang='lat' dir='ltr'>constituit,</span> <span class='ocrx_word' id='word_1_122' title='bbox 1759 1997 1863 2063; x_wconf 91' lang='lat' dir='ltr'>adhuc</span> 
     </span>
     <span class='ocr_line' id='line_1_14' title="bbox 505 2101 1863 2190; baseline -0.003 -23"><span class='ocrx_word' id='word_1_123' title='bbox 505 2103 657 2168; x_wconf 92' lang='lat' dir='ltr'>obtiueat</span> <span class='ocrx_word' id='word_1_124' title='bbox 682 2105 735 2168; x_wconf 82' lang='lat' dir='ltr'>vel</span> <span class='ocrx_word' id='word_1_125' title='bbox 762 2104 871 2169; x_wconf 88' lang='lat' dir='ltr'>dictos</span> <span class='ocrx_word' id='word_1_126' title='bbox 891 2105 1085 2189; x_wconf 89' lang='lat' dir='ltr'>prioratum,</span> <span class='ocrx_word' id='word_1_127' title='bbox 1113 2106 1347 2171; x_wconf 90' lang='lat' dir='ltr'>canonicatum</span> <span class='ocrx_word' id='word_1_128' title='bbox 1372 2114 1406 2170; x_wconf 93' lang='lat' dir='ltr'>et</span> <span class='ocrx_word' id='word_1_129' title='bbox 1431 2103 1636 2190; x_wconf 87' lang='lat' dir='ltr'>prebendam</span> <span class='ocrx_word' id='word_1_130' title='bbox 1661 2101 1805 2167; x_wconf 75' lang='lat' dir='ltr'>ecclesie</span> <span class='ocrx_word' id='word_1_131' title='bbox 1826 2101 1863 2164; x_wconf 89' lang='lat' dir='ltr'>de</span> 
     </span>
     <span class='ocr_line' id='line_1_15' title="bbox 507 2206 1907 2292; baseline 0.001 -21"><span class='ocrx_word' id='word_1_132' title='bbox 507 2206 642 2272; x_wconf 89' lang='lat' dir='ltr'>Lochiis</span> <span class='ocrx_word' id='word_1_133' title='bbox 658 2208 801 2292; x_wconf 91' lang='lat' dir='ltr'>adeptus</span> <span class='ocrx_word' id='word_1_134' title='bbox 817 2209 869 2272; x_wconf 89' lang='lat' dir='ltr'>sit.</span> <span class='ocrx_word' id='word_1_135' title='bbox 1904 2283 1907 2290; x_wconf 25' lang='grc'>1</span> 
     </span>
    </p>

    <p class='ocr_par' dir='ltr' id='par_1_3' title="bbox 548 2312 1907 2435">
     <span class='ocr_line' id='line_1_16' title="bbox 548 2312 1907 2435; baseline 0 -62"><span class='ocrx_word' id='word_1_136' title='bbox 548 2312 745 2396; x_wconf 80' lang='lat' dir='ltr'>Apostolice</span> <span class='ocrx_word' id='word_1_137' title='bbox 762 2312 895 2377; x_wconf 87' lang='lat' dir='ltr'>Sedis...</span> <span class='ocrx_word' id='word_1_138' title='bbox 1904 2328 1907 2435; x_wconf 65' lang='grc'><em>1</em></span> 
     </span>
    </p>

    <p class='ocr_par' dir='ltr' id='par_1_4' title="bbox 550 2413 1201 2502">
     <span class='ocr_line' id='line_1_17' title="bbox 550 2413 1201 2502; baseline 0.005 -25"><span class='ocrx_word' id='word_1_139' title='bbox 550 2413 627 2478; x_wconf 93' lang='lat' dir='ltr'>Dat.</span> <span class='ocrx_word' id='word_1_140' title='bbox 645 2415 743 2478; x_wconf 81' lang='lat' dir='ltr'>Avin.</span> <span class='ocrx_word' id='word_1_141' title='bbox 762 2436 779 2498; x_wconf 82' lang='lat'>3</span> <span class='ocrx_word' id='word_1_142' title='bbox 797 2414 1049 2502; x_wconf 81' lang='lat' dir='ltr'>idnovembris</span> <span class='ocrx_word' id='word_1_143' title='bbox 1064 2436 1155 2480; x_wconf 90' lang='lat' dir='ltr'>anuo</span> <span class='ocrx_word' id='word_1_144' title='bbox 1172 2436 1201 2481; x_wconf 87' lang='lat'>2.</span> 
     </span>
    </p>

    <p class='ocr_par' dir='ltr' id='par_1_5' title="bbox 506 2514 1866 2807">
     <span class='ocr_line' id='line_1_18' title="bbox 551 2514 1866 2605; baseline 0.004 -26"><span class='ocrx_word' id='word_1_145' title='bbox 551 2514 590 2580; x_wconf 91' lang='lat' dir='ltr'>ln</span> <span class='ocrx_word' id='word_1_146' title='bbox 606 2538 636 2582; x_wconf 93' lang='lat' dir='ltr'>e.</span> <span class='ocrx_word' id='word_1_147' title='bbox 652 2539 696 2582; x_wconf 92' lang='lat' dir='ltr'>m.</span> <span class='ocrx_word' id='word_1_148' title='bbox 712 2520 874 2603; x_wconf 85' lang='lat' dir='ltr'>magistro</span> <span class='ocrx_word' id='word_1_149' title='bbox 890 2519 991 2585; x_wconf 91' lang='lat' dir='ltr'>Petro</span> <span class='ocrx_word' id='word_1_150' title='bbox 1008 2519 1117 2599; x_wconf 87' lang='lat' dir='ltr'>Fabri,</span> <span class='ocrx_word' id='word_1_151' title='bbox 1142 2521 1315 2605; x_wconf 90' lang='lat' dir='ltr'>preposito</span> <span class='ocrx_word' id='word_1_152' title='bbox 1343 2519 1533 2600; x_wconf 88' lang='lat' dir='ltr'>Furuensis,</span> <span class='ocrx_word' id='word_1_153' title='bbox 1549 2520 1682 2585; x_wconf 90' lang='lat' dir='ltr'>notario</span> <span class='ocrx_word' id='word_1_154' title='bbox 1706 2539 1807 2605; x_wconf 87' lang='lat' dir='ltr'>pape,</span> <span class='ocrx_word' id='word_1_155' title='bbox 1830 2540 1866 2584; x_wconf 85' lang='lat' dir='ltr'>ac</span> 
     </span>
     <span class='ocr_line' id='line_1_19' title="bbox 506 2620 1866 2704; baseline 0.002 -20"><span class='ocrx_word' id='word_1_156' title='bbox 506 2622 634 2684; x_wconf 89' lang='lat' dir='ltr'>cantori</span> <span class='ocrx_word' id='word_1_157' title='bbox 661 2620 698 2688; x_wconf 91' lang='lat' dir='ltr'>B.</span> <span class='ocrx_word' id='word_1_158' title='bbox 713 2621 821 2688; x_wconf 89' lang='lat' dir='ltr'>Marie</span> <span class='ocrx_word' id='word_1_159' title='bbox 853 2623 1047 2703; x_wconf 82' lang='lat' dir='ltr'>Loclrensis,</span> <span class='ocrx_word' id='word_1_160' title='bbox 1080 2622 1283 2690; x_wconf 88' lang='lat' dir='ltr'>Morineusis</span> <span class='ocrx_word' id='word_1_161' title='bbox 1313 2632 1348 2690; x_wconf 93' lang='lat' dir='ltr'>et</span> <span class='ocrx_word' id='word_1_162' title='bbox 1378 2623 1584 2689; x_wconf 87' lang='lat' dir='ltr'>Turonensis</span> <span class='ocrx_word' id='word_1_163' title='bbox 1612 2623 1799 2704; x_wconf 88' lang='lat' dir='ltr'>diocesurn,</span> <span class='ocrx_word' id='word_1_164' title='bbox 1830 2643 1866 2687; x_wconf 92' lang='lat' dir='ltr'>ac</span> 
     </span>
     <span class='ocr_line' id='line_1_20' title="bbox 509 2722 1583 2807; baseline 0.007 -20"><span class='ocrx_word' id='word_1_165' title='bbox 509 2722 690 2790; x_wconf 89' lang='lat' dir='ltr'>Guillelmo</span> <span class='ocrx_word' id='word_1_166' title='bbox 705 2726 747 2792; x_wconf 91' lang='lat' dir='ltr'>de</span> <span class='ocrx_word' id='word_1_167' title='bbox 760 2727 791 2792; x_wconf 78' lang='lat' dir='ltr'>S.</span> <span class='ocrx_word' id='word_1_168' title='bbox 810 2725 939 2807; x_wconf 90' lang='lat' dir='ltr'>Maura,</span> <span class='ocrx_word' id='word_1_169' title='bbox 955 2728 1120 2793; x_wconf 88' lang='lat' dir='ltr'>canonico</span> <span class='ocrx_word' id='word_1_170' title='bbox 1135 2727 1340 2794; x_wconf 88' lang='lat' dir='ltr'>Turonensis</span> <span class='ocrx_word' id='word_1_171' title='bbox 1355 2729 1583 2794; x_wconf 87' lang='lat' dir='ltr'>ecclesiarum.</span> 
     </span>
    </p>
   </div>
   <div class='ocr_carea' id='block_1_3' title="bbox 543 2862 1120 2924">
    <p class='ocr_par' dir='ltr' id='par_1_6' title="bbox 543 2862 1120 2924">
     <span class='ocr_line' id='line_1_21' title="bbox 543 2862 1120 2924; baseline 0.009 -16"><span class='ocrx_word' id='word_1_172' title='bbox 543 2862 602 2921; x_wconf 73' lang='lat' dir='ltr'>ch.</span> <span class='ocrx_word' id='word_1_173' title='bbox 615 2864 662 2911; x_wconf 80' lang='lat' dir='ltr'>Ar.</span> <span class='ocrx_word' id='word_1_174' title='bbox 675 2865 696 2922; x_wconf 88' lang='grc'>8,</span> <span class='ocrx_word' id='word_1_175' title='bbox 709 2864 728 2912; x_wconf 83' lang='lat' dir='ltr'>i.</span> <span class='ocrx_word' id='word_1_176' title='bbox 740 2866 786 2911; x_wconf 77' lang='lat'>207</span> <span class='ocrx_word' id='word_1_177' title='bbox 798 2880 803 2919; x_wconf 90' lang='lat'>;</span> <span class='ocrx_word' id='word_1_178' title='bbox 817 2864 875 2914; x_wconf 79' lang='lat' dir='ltr'>Vat.</span> <span class='ocrx_word' id='word_1_179' title='bbox 888 2866 1014 2924; x_wconf 57' lang='grc'><em>611611,</em></span> <span class='ocrx_word' id='word_1_180' title='bbox 1026 2880 1051 2914; x_wconf 91' lang='grc'>11.</span> <span class='ocrx_word' id='word_1_181' title='bbox 1065 2868 1120 2913; x_wconf 82' lang='grc'><em>231.</em></span> 
     </span>
    </p>
   </div>
   <div class='ocr_carea' id='block_1_4' title="bbox 507 3036 1879 4482">
    <p class='ocr_par' dir='ltr' id='par_1_7' title="bbox 549 3036 1829 3137">
     <span class='ocr_line' id='line_1_22' title="bbox 549 3036 1829 3137; baseline 0.001 -20"><span class='ocrx_word' id='word_1_182' title='bbox 549 3036 667 3120; x_wconf 79' lang='grc'>459.</span> <span class='ocrx_word' id='word_1_183' title='bbox 1471 3071 1566 3137; x_wconf 79' lang='grc'><em>1317,</em></span> <span class='ocrx_word' id='word_1_184' title='bbox 1584 3073 1624 3117; x_wconf 84' lang='lat'>21</span> <span class='ocrx_word' id='word_1_185' title='bbox 1643 3054 1829 3119; x_wconf 83' lang='lat' dir='ltr'>novembre.</span> 
     </span>
    </p>

    <p class='ocr_par' dir='ltr' id='par_1_8' title="bbox 507 3155 1875 3742">
     <span class='ocr_line' id='line_1_23' title="bbox 553 3155 1872 3243; baseline 0 -23"><span class='ocrx_word' id='word_1_186' title='bbox 553 3155 740 3235; x_wconf 89' lang='lat' dir='ltr'>Frederico,</span> <span class='ocrx_word' id='word_1_187' title='bbox 768 3158 927 3243; x_wconf 90' lang='lat' dir='ltr'>episcopo</span> <span class='ocrx_word' id='word_1_188' title='bbox 951 3157 1168 3242; x_wconf 89' lang='lat' dir='ltr'>Trajecteusi,</span> <span class='ocrx_word' id='word_1_189' title='bbox 1195 3165 1277 3223; x_wconf 91' lang='lat' dir='ltr'>tunc</span> <span class='ocrx_word' id='word_1_190' title='bbox 1302 3157 1333 3222; x_wconf 90' lang='lat' dir='ltr'>S.</span> <span class='ocrx_word' id='word_1_191' title='bbox 1359 3156 1449 3222; x_wconf 90' lang='lat' dir='ltr'>Petri</span> <span class='ocrx_word' id='word_1_192' title='bbox 1477 3156 1703 3241; x_wconf 90' lang='lat' dir='ltr'>Trajecteusis</span> <span class='ocrx_word' id='word_1_193' title='bbox 1728 3155 1872 3221; x_wconf 89' lang='lat' dir='ltr'>ecclesie</span> 
     </span>
     <span class='ocr_line' id='line_1_24' title="bbox 507 3260 1872 3347; baseline 0 -23"><span class='ocrx_word' id='word_1_194' title='bbox 507 3261 689 3345; x_wconf 89' lang='lat' dir='ltr'>preposito,</span> <span class='ocrx_word' id='word_1_195' title='bbox 720 3261 936 3326; x_wconf 89' lang='lat' dir='ltr'>confirmatur</span> <span class='ocrx_word' id='word_1_196' title='bbox 966 3262 1089 3327; x_wconf 92' lang='lat' dir='ltr'>electio</span> <span class='ocrx_word' id='word_1_197' title='bbox 1111 3263 1182 3345; x_wconf 74' lang='lat' dir='ltr'>eJ&#39;us</span> <span class='ocrx_word' id='word_1_198' title='bbox 1207 3262 1239 3325; x_wconf 92' lang='lat' dir='ltr'>in</span> <span class='ocrx_word' id='word_1_199' title='bbox 1268 3262 1462 3347; x_wconf 91' lang='lat' dir='ltr'>episcopum</span> <span class='ocrx_word' id='word_1_200' title='bbox 1501 3260 1764 3345; x_wconf 89' lang='lat' dir='ltr'>Trajectensem,</span> <span class='ocrx_word' id='word_1_201' title='bbox 1796 3282 1872 3325; x_wconf 93' lang='lat' dir='ltr'>cum</span> 
     </span>
     <span class='ocr_line' id='line_1_25' title="bbox 509 3363 1873 3450; baseline -0.001 -22"><span class='ocrx_word' id='word_1_202' title='bbox 509 3385 549 3428; x_wconf 90' lang='lat' dir='ltr'>ex</span> <span class='ocrx_word' id='word_1_203' title='bbox 568 3385 605 3448; x_wconf 82' lang='lat'>55</span> <span class='ocrx_word' id='word_1_204' title='bbox 624 3366 774 3450; x_wconf 86' lang='lat' dir='ltr'>personis</span> <span class='ocrx_word' id='word_1_205' title='bbox 789 3366 831 3431; x_wconf 90' lang='lat' dir='ltr'>ad</span> <span class='ocrx_word' id='word_1_206' title='bbox 847 3365 971 3431; x_wconf 91' lang='lat' dir='ltr'>dictam</span> <span class='ocrx_word' id='word_1_207' title='bbox 988 3367 1189 3431; x_wconf 88' lang='lat' dir='ltr'>electionem</span> <span class='ocrx_word' id='word_1_208' title='bbox 1206 3366 1494 3440; x_wconf 80' lang='lat' dir='ltr'>convenientibus,</span> <span class='ocrx_word' id='word_1_209' title='bbox 1521 3385 1560 3448; x_wconf 84' lang='lat'>39</span> <span class='ocrx_word' id='word_1_210' title='bbox 1586 3364 1620 3429; x_wconf 91' lang='lat' dir='ltr'>in</span> <span class='ocrx_word' id='word_1_211' title='bbox 1641 3364 1771 3429; x_wconf 88' lang='lat' dir='ltr'>dictum</span> <span class='ocrx_word' id='word_1_212' title='bbox 1795 3363 1873 3429; x_wconf 90' lang='lat' dir='ltr'>Fre-</span> 
     </span>
     <span class='ocr_line' id='line_1_26' title="bbox 508 3465 1875 3554; baseline -0.001 -22"><span class='ocrx_word' id='word_1_213' title='bbox 508 3467 656 3532; x_wconf 92' lang='lat' dir='ltr'>dericum</span> <span class='ocrx_word' id='word_1_214' title='bbox 672 3489 711 3533; x_wconf 91' lang='lat' dir='ltr'>ac</span> <span class='ocrx_word' id='word_1_215' title='bbox 733 3475 768 3532; x_wconf 89' lang='lat'>16</span> <span class='ocrx_word' id='word_1_216' title='bbox 785 3469 819 3533; x_wconf 90' lang='lat' dir='ltr'>iu</span> <span class='ocrx_word' id='word_1_217' title='bbox 837 3468 1023 3533; x_wconf 91' lang='lat' dir='ltr'>Heuricum</span> <span class='ocrx_word' id='word_1_218' title='bbox 1039 3469 1082 3534; x_wconf 94' lang='lat' dir='ltr'>de</span> <span class='ocrx_word' id='word_1_219' title='bbox 1098 3469 1292 3554; x_wconf 86' lang='lat' dir='ltr'>Spauheim,</span> <span class='ocrx_word' id='word_1_220' title='bbox 1309 3467 1346 3534; x_wconf 89' lang='lat' dir='ltr'>B.</span> <span class='ocrx_word' id='word_1_221' title='bbox 1365 3467 1473 3533; x_wconf 90' lang='lat' dir='ltr'>Marie</span> <span class='ocrx_word' id='word_1_222' title='bbox 1488 3468 1666 3551; x_wconf 69' lang='lat' dir='ltr'>Aquensis</span> <span class='ocrx_word' id='word_1_223' title='bbox 1677 3465 1875 3532; x_wconf 89' lang='lat' dir='ltr'>Leodieusis</span> 
     </span>
     <span class='ocr_line' id='line_1_27' title="bbox 508 3569 1875 3666; baseline -0.003 -28"><span class='ocrx_word' id='word_1_224' title='bbox 508 3572 660 3652; x_wconf 90' lang='lat' dir='ltr'>diocesis,</span> <span class='ocrx_word' id='word_1_225' title='bbox 679 3574 896 3659; x_wconf 87' lang='lat' dir='ltr'>prepositum,</span> <span class='ocrx_word' id='word_1_226' title='bbox 916 3581 996 3666; x_wconf 85' lang='lat' dir='ltr'>vota¹</span> <span class='ocrx_word' id='word_1_227' title='bbox 1021 3594 1079 3638; x_wconf 91' lang='lat' dir='ltr'>sua</span> <span class='ocrx_word' id='word_1_228' title='bbox 1101 3572 1321 3653; x_wconf 89' lang='lat' dir='ltr'>direxissent;</span> <span class='ocrx_word' id='word_1_229' title='bbox 1347 3594 1412 3657; x_wconf 89' lang='lat' dir='ltr'>que</span> <span class='ocrx_word' id='word_1_230' title='bbox 1434 3591 1516 3636; x_wconf 88' lang='lat' dir='ltr'>vero</span> <span class='ocrx_word' id='word_1_231' title='bbox 1543 3575 1579 3635; x_wconf 91' lang='lat'>16</span> <span class='ocrx_word' id='word_1_232' title='bbox 1595 3570 1817 3656; x_wconf 87' lang='lat' dir='ltr'>postmodum</span> <span class='ocrx_word' id='word_1_233' title='bbox 1833 3569 1875 3634; x_wconf 90' lang='lat' dir='ltr'>ad</span> 
     </span>
     <span class='ocr_line' id='line_1_28' title="bbox 508 3676 1106 3742; baseline 0 0"><span class='ocrx_word' id='word_1_234' title='bbox 508 3676 635 3742; x_wconf 90' lang='lat' dir='ltr'>dictum</span> <span class='ocrx_word' id='word_1_235' title='bbox 654 3676 865 3742; x_wconf 84' lang='lat' dir='ltr'>Fredericuur</span> <span class='ocrx_word' id='word_1_236' title='bbox 883 3686 1106 3742; x_wconf 88' lang='lat' dir='ltr'>accesserunt.</span> 
     </span>
    </p>

    <p class='ocr_par' dir='ltr' id='par_1_9' title="bbox 555 3779 945 3846">
     <span class='ocr_line' id='line_1_29' title="bbox 555 3779 945 3846; baseline -0.003 -2"><span class='ocrx_word' id='word_1_237' title='bbox 555 3779 648 3845; x_wconf 92' lang='lat' dir='ltr'>Inter</span> <span class='ocrx_word' id='word_1_238' title='bbox 663 3780 945 3846; x_wconf 88' lang='lat' dir='ltr'>sollicitudines...</span> 
     </span>
    </p>

    <p class='ocr_par' dir='ltr' id='par_1_10' title="bbox 554 3882 1249 3949">
     <span class='ocr_line' id='line_1_30' title="bbox 554 3882 1249 3949; baseline 0 -2"><span class='ocrx_word' id='word_1_239' title='bbox 554 3883 633 3949; x_wconf 88' lang='lat' dir='ltr'>Dat.</span> <span class='ocrx_word' id='word_1_240' title='bbox 650 3884 750 3948; x_wconf 81' lang='lat' dir='ltr'>Avin.</span> <span class='ocrx_word' id='word_1_241' title='bbox 771 3904 805 3947; x_wconf 91' lang='lat'>11</span> <span class='ocrx_word' id='word_1_242' title='bbox 825 3882 891 3948; x_wconf 89' lang='lat' dir='ltr'>kal.</span> <span class='ocrx_word' id='word_1_243' title='bbox 909 3883 1095 3949; x_wconf 90' lang='lat' dir='ltr'>decembris</span> <span class='ocrx_word' id='word_1_244' title='bbox 1112 3903 1202 3948; x_wconf 88' lang='lat' dir='ltr'>anuo</span> <span class='ocrx_word' id='word_1_245' title='bbox 1221 3904 1249 3947; x_wconf 94' lang='lat'>2.</span> 
     </span>
    </p>

    <p class='ocr_par' dir='ltr' id='par_1_11' title="bbox 510 3980 1879 4482">
     <span class='ocr_line' id='line_1_31' title="bbox 556 3980 1877 4069; baseline -0.003 -20"><span class='ocrx_word' id='word_1_246' title='bbox 556 3984 594 4050; x_wconf 91' lang='lat' dir='ltr'>In</span> <span class='ocrx_word' id='word_1_247' title='bbox 622 4007 650 4051; x_wconf 88' lang='lat' dir='ltr'>e.</span> <span class='ocrx_word' id='word_1_248' title='bbox 678 4007 722 4050; x_wconf 93' lang='lat' dir='ltr'>m.</span> <span class='ocrx_word' id='word_1_249' title='bbox 753 3987 897 4069; x_wconf 88' lang='lat' dir='ltr'>majoris,</span> <span class='ocrx_word' id='word_1_250' title='bbox 923 3985 1166 4064; x_wconf 63' lang='lat' dir='ltr'>§.salvatoris</span> <span class='ocrx_word' id='word_1_251' title='bbox 1199 3984 1230 4049; x_wconf 86' lang='lat' dir='ltr'>S.</span> <span class='ocrx_word' id='word_1_252' title='bbox 1262 3984 1362 4064; x_wconf 91' lang='lat' dir='ltr'>Petri,</span> <span class='ocrx_word' id='word_1_253' title='bbox 1394 3984 1425 4049; x_wconf 86' lang='lat' dir='ltr'>S.</span> <span class='ocrx_word' id='word_1_254' title='bbox 1451 3981 1616 4060; x_wconf 90' lang='lat' dir='ltr'>Johanuis</span> <span class='ocrx_word' id='word_1_255' title='bbox 1643 3991 1678 4046; x_wconf 91' lang='lat' dir='ltr'>et</span> <span class='ocrx_word' id='word_1_256' title='bbox 1700 3980 1740 4047; x_wconf 92' lang='lat' dir='ltr'>B.</span> <span class='ocrx_word' id='word_1_257' title='bbox 1767 3980 1877 4046; x_wconf 88' lang='lat' dir='ltr'>Marie</span> 
     </span>
     <span class='ocr_line' id='line_1_32' title="bbox 511 4083 1878 4174; baseline -0.002 -22"><span class='ocrx_word' id='word_1_258' title='bbox 511 4083 1878 4174; x_wconf 74' lang='lat' dir='ltr'>TrajecteusiuuracDarentriensis,ArnemeusisetAldeuzelensiS,Trajectensis</span> 
     </span>
     <span class='ocr_line' id='line_1_33' title="bbox 510 4186 1878 4278; baseline -0.004 -21"><span class='ocrx_word' id='word_1_259' title='bbox 510 4192 663 4269; x_wconf 88' lang='lat' dir='ltr'>diocesis,</span> <span class='ocrx_word' id='word_1_260' title='bbox 679 4193 855 4278; x_wconf 87' lang='lat' dir='ltr'>prepositis</span> <span class='ocrx_word' id='word_1_261' title='bbox 871 4202 905 4257; x_wconf 92' lang='lat' dir='ltr'>et</span> <span class='ocrx_word' id='word_1_262' title='bbox 921 4192 1105 4257; x_wconf 89' lang='lat' dir='ltr'>earundem</span> <span class='ocrx_word' id='word_1_263' title='bbox 1122 4192 1266 4277; x_wconf 90' lang='lat' dir='ltr'>maj0ris,</span> <span class='ocrx_word' id='word_1_264' title='bbox 1282 4191 1313 4255; x_wconf 87' lang='lat' dir='ltr'>S.</span> <span class='ocrx_word' id='word_1_265' title='bbox 1332 4190 1433 4270; x_wconf 90' lang='lat' dir='ltr'>Petri,</span> <span class='ocrx_word' id='word_1_266' title='bbox 1450 4191 1481 4255; x_wconf 85' lang='lat' dir='ltr'>S.</span> <span class='ocrx_word' id='word_1_267' title='bbox 1498 4188 1663 4266; x_wconf 90' lang='lat' dir='ltr'>Johanuis</span> <span class='ocrx_word' id='word_1_268' title='bbox 1679 4196 1714 4253; x_wconf 89' lang='lat' dir='ltr'>et</span> <span class='ocrx_word' id='word_1_269' title='bbox 1724 4188 1756 4253; x_wconf 85' lang='lat' dir='ltr'>S.</span> <span class='ocrx_word' id='word_1_270' title='bbox 1768 4186 1878 4252; x_wconf 90' lang='lat' dir='ltr'>Marie</span> 
     </span>
     <span class='ocr_line' id='line_1_34' title="bbox 511 4290 1879 4382; baseline -0.004 -21"><span class='ocrx_word' id='word_1_271' title='bbox 511 4296 646 4362; x_wconf 88' lang='lat' dir='ltr'>decanis</span> <span class='ocrx_word' id='word_1_272' title='bbox 662 4305 696 4360; x_wconf 93' lang='lat' dir='ltr'>et</span> <span class='ocrx_word' id='word_1_273' title='bbox 712 4296 866 4382; x_wconf 88' lang='lat' dir='ltr'>capitulis</span> <span class='ocrx_word' id='word_1_274' title='bbox 883 4296 1098 4361; x_wconf 88' lang='lat' dir='ltr'>ecclesiarum</span> <span class='ocrx_word' id='word_1_275' title='bbox 1115 4317 1122 4374; x_wconf 76' lang='lat'><em>3</em></span> <span class='ocrx_word' id='word_1_276' title='bbox 1140 4316 1180 4359; x_wconf 90' lang='lat' dir='ltr'>ac</span> <span class='ocrx_word' id='word_1_277' title='bbox 1197 4295 1287 4359; x_wconf 93' lang='lat' dir='ltr'>clero</span> <span class='ocrx_word' id='word_1_278' title='bbox 1304 4302 1338 4357; x_wconf 91' lang='lat' dir='ltr'>et</span> <span class='ocrx_word' id='word_1_279' title='bbox 1354 4294 1481 4378; x_wconf 92' lang='lat' dir='ltr'>populo</span> <span class='ocrx_word' id='word_1_280' title='bbox 1497 4291 1644 4358; x_wconf 89' lang='lat' dir='ltr'>civitatis</span> <span class='ocrx_word' id='word_1_281' title='bbox 1671 4299 1706 4355; x_wconf 90' lang='lat' dir='ltr'>et</span> <span class='ocrx_word' id='word_1_282' title='bbox 1733 4290 1879 4356; x_wconf 84' lang='lat' dir='ltr'>diocesis</span> 
     </span>
     <span class='ocr_line' id='line_1_35' title="bbox 511 4396 1527 4482; baseline -0.005 -18"><span class='ocrx_word' id='word_1_283' title='bbox 511 4399 733 4482; x_wconf 87' lang='lat' dir='ltr'>Trajecteusis</span> <span class='ocrx_word' id='word_1_284' title='bbox 746 4409 780 4465; x_wconf 90' lang='lat' dir='ltr'>et</span> <span class='ocrx_word' id='word_1_285' title='bbox 793 4399 954 4464; x_wconf 89' lang='lat' dir='ltr'>universis</span> <span class='ocrx_word' id='word_1_286' title='bbox 969 4399 1120 4464; x_wconf 85' lang='lat' dir='ltr'>vassallis</span> <span class='ocrx_word' id='word_1_287' title='bbox 1137 4399 1278 4464; x_wconf 88' lang='lat' dir='ltr'>ecclesie</span> <span class='ocrx_word' id='word_1_288' title='bbox 1294 4396 1527 4481; x_wconf 87' lang='lat' dir='ltr'>Trajectensis.</span> 
     </span>
    </p>
   </div>
   <div class='ocr_carea' id='block_1_5' title="bbox 511 4529 1878 4684">
    <p class='ocr_par' dir='ltr' id='par_1_12' title="bbox 511 4529 1878 4684">
     <span class='ocr_line' id='line_1_36' title="bbox 544 4529 1878 4599; baseline -0.007 -13"><span class='ocrx_word' id='word_1_289' title='bbox 544 4538 850 4599; x_wconf 70' lang='lat' dir='ltr'>Brag.Av.115,r.aotv;</span> <span class='ocrx_word' id='word_1_290' title='bbox 872 4537 1011 4594; x_wconf 67' lang='lat' dir='ltr'>vatam.</span> <span class='ocrx_word' id='word_1_291' title='bbox 1026 4540 1075 4594; x_wconf 68' lang='lat' dir='ltr'>W,</span> <span class='ocrx_word' id='word_1_292' title='bbox 1095 4550 1120 4583; x_wconf 94' lang='lat' dir='ltr'>u.</span> <span class='ocrx_word' id='word_1_293' title='bbox 1141 4538 1195 4582; x_wconf 76' lang='lat'>276.</span> <span class='ocrx_word' id='word_1_294' title='bbox 1217 4564 1231 4568; x_wconf 95' lang='lat'><em>-</em></span> <span class='ocrx_word' id='word_1_295' title='bbox 1266 4538 1296 4582; x_wconf 80' lang='lat' dir='ltr'>tl.</span> <span class='ocrx_word' id='word_1_296' title='bbox 1321 4535 1403 4592; x_wconf 71' lang='lat' dir='ltr'>ltrom,</span> <span class='ocrx_word' id='word_1_297' title='bbox 1425 4531 1576 4580; x_wconf 77' lang='lat' dir='ltr'>Brdlarium</span> <span class='ocrx_word' id='word_1_298' title='bbox 1601 4529 1767 4591; x_wconf 69' lang='lat' dir='ltr'>Trajecteaae,</span> <span class='ocrx_word' id='word_1_299' title='bbox 1791 4546 1816 4578; x_wconf 93' lang='grc'>11.</span> <span class='ocrx_word' id='word_1_300' title='bbox 1831 4533 1878 4577; x_wconf 71' lang='grc'>552</span> 
     </span>
     <span class='ocr_line' id='line_1_37' title="bbox 511 4614 1571 4684; baseline -0.008 -14"><span class='ocrx_word' id='word_1_301' title='bbox 511 4623 604 4684; x_wconf 88' lang='lat' dir='ltr'>(texte,</span> <span class='ocrx_word' id='word_1_302' title='bbox 614 4620 715 4684; x_wconf 68' lang='lat' dir='ltr'>‹l&#39;apriu</span> <span class='ocrx_word' id='word_1_303' title='bbox 726 4621 795 4668; x_wconf 84' lang='lat' dir='ltr'>deux</span> <span class='ocrx_word' id='word_1_304' title='bbox 808 4620 892 4668; x_wconf 76' lang='lat' dir='ltr'>bulles</span> <span class='ocrx_word' id='word_1_305' title='bbox 903 4620 1043 4679; x_wconf 76' lang='lat' dir='ltr'>originales</span> <span class='ocrx_word' id='word_1_306' title='bbox 1054 4634 1107 4666; x_wconf 83' lang='lat' dir='ltr'>aux</span> <span class='ocrx_word' id='word_1_307' title='bbox 1121 4618 1245 4665; x_wconf 78' lang='lat' dir='ltr'>Arclrives</span> <span class='ocrx_word' id='word_1_308' title='bbox 1256 4617 1288 4664; x_wconf 84' lang='lat' dir='ltr'>‹le</span> <span class='ocrx_word' id='word_1_309' title='bbox 1299 4617 1324 4664; x_wconf 89' lang='lat' dir='ltr'>lu</span> <span class='ocrx_word' id='word_1_310' title='bbox 1338 4616 1398 4664; x_wconf 71' lang='lat' dir='ltr'>ville</span> <span class='ocrx_word' id='word_1_311' title='bbox 1410 4614 1571 4675; x_wconf 71' lang='lat' dir='ltr'>‹tuum-ht).</span> 
     </span>
    </p>
   </div>
   <div class='ocr_carea' id='block_1_6' title="bbox 555 4791 1833 4882">
    <p class='ocr_par' dir='ltr' id='par_1_13' title="bbox 555 4791 1833 4882">
     <span class='ocr_line' id='line_1_38' title="bbox 555 4791 1833 4882; baseline -0.009 -9"><span class='ocrx_word' id='word_1_312' title='bbox 555 4791 805 4875; x_wconf 83' lang='grc'><em>460-461.</em></span> <span class='ocrx_word' id='word_1_313' title='bbox 1482 4816 1577 4882; x_wconf 71' lang='lat'>1317,</span> <span class='ocrx_word' id='word_1_314' title='bbox 1599 4819 1636 4881; x_wconf 75' lang='lat'>15</span> <span class='ocrx_word' id='word_1_315' title='bbox 1653 4799 1833 4863; x_wconf 69' lang='lat' dir='ltr'>decembre.</span> 
     </span>
    </p>
   </div>
   <div class='ocr_carea' id='block_1_7' title="bbox 503 4899 1876 5212">
    <p class='ocr_par' dir='ltr' id='par_1_14' title="bbox 503 4899 1876 5212">
     <span class='ocr_line' id='line_1_39' title="bbox 557 4899 1876 4996; baseline -0.011 -20"><span class='ocrx_word' id='word_1_316' title='bbox 557 4910 721 4996; x_wconf 82' lang='lat' dir='ltr'>Magistro</span> <span class='ocrx_word' id='word_1_317' title='bbox 738 4911 889 4976; x_wconf 90' lang='lat' dir='ltr'>Henrico</span> <span class='ocrx_word' id='word_1_318' title='bbox 905 4911 947 4976; x_wconf 90' lang='lat' dir='ltr'>de</span> <span class='ocrx_word' id='word_1_319' title='bbox 968 4909 1134 4975; x_wconf 89' lang='lat' dir='ltr'>Geldouia</span> <span class='ocrx_word' id='word_1_320' title='bbox 1150 4908 1321 4974; x_wconf 81' lang='lat' dir='ltr'>confertur</span> <span class='ocrx_word' id='word_1_321' title='bbox 1336 4905 1554 4973; x_wconf 88' lang='lat' dir='ltr'>cauouicatus</span> <span class='ocrx_word' id='word_1_322' title='bbox 1575 4900 1718 4967; x_wconf 88' lang='lat' dir='ltr'>ecclesie</span> <span class='ocrx_word' id='word_1_323' title='bbox 1746 4900 1779 4965; x_wconf 86' lang='lat' dir='ltr'>S.</span> <span class='ocrx_word' id='word_1_324' title='bbox 1796 4899 1876 4963; x_wconf 85' lang='lat' dir='ltr'>Ger-</span> 
     </span>
     <span class='ocr_line' id='line_1_40' title="bbox 512 5005 1875 5094; baseline -0.012 -10"><span class='ocrx_word' id='word_1_325' title='bbox 512 5018 617 5084; x_wconf 90' lang='lat' dir='ltr'>trudis</span> <span class='ocrx_word' id='word_1_326' title='bbox 648 5015 861 5090; x_wconf 81' lang='lat' dir='ltr'>Nirelleusis</span> <span class='ocrx_word' id='word_1_327' title='bbox 895 5013 1090 5079; x_wconf 80' lang='lat' dir='ltr'>leodiensis</span> <span class='ocrx_word' id='word_1_328' title='bbox 1117 5013 1269 5091; x_wconf 86' lang='lat' dir='ltr'>diocesis,</span> <span class='ocrx_word' id='word_1_329' title='bbox 1298 5015 1358 5077; x_wconf 89' lang='lat' dir='ltr'>sub</span> <span class='ocrx_word' id='word_1_330' title='bbox 1384 5007 1620 5094; x_wconf 89' lang='lat' dir='ltr'>expectatione</span> <span class='ocrx_word' id='word_1_331' title='bbox 1646 5005 1819 5091; x_wconf 90' lang='lat' dir='ltr'>prebende</span> <span class='ocrx_word' id='word_1_332' title='bbox 1842 5014 1875 5068; x_wconf 97' lang='lat' dir='ltr'>et</span> 
     </span>
     <span class='ocr_line' id='line_1_41' title="bbox 503 5110 1875 5212; baseline -0.012 -23"><span class='ocrx_word' id='word_1_333' title='bbox 503 5121 682 5212; x_wconf 81' lang='lat' dir='ltr'>¹dignitatis</span> <span class='ocrx_word' id='word_1_334' title='bbox 708 5143 766 5186; x_wconf 90' lang='lat' dir='ltr'>seu</span> <span class='ocrx_word' id='word_1_335' title='bbox 791 5128 990 5207; x_wconf 86' lang='lat' dir='ltr'>personatus</span> <span class='ocrx_word' id='word_1_336' title='bbox 1018 5120 1070 5183; x_wconf 88' lang='lat' dir='ltr'>vel</span> <span class='ocrx_word' id='word_1_337' title='bbox 1095 5118 1207 5198; x_wconf 87' lang='lat' dir='ltr'>officii,</span> <span class='ocrx_word' id='word_1_338' title='bbox 1235 5138 1303 5182; x_wconf 90' lang='lat' dir='ltr'>uon</span> <span class='ocrx_word' id='word_1_339' title='bbox 1331 5118 1487 5179; x_wconf 91' lang='lat' dir='ltr'>obstante</span> <span class='ocrx_word' id='word_1_340' title='bbox 1512 5110 1603 5194; x_wconf 90' lang='lat' dir='ltr'>quod</span> <span class='ocrx_word' id='word_1_341' title='bbox 1628 5110 1875 5196; x_wconf 89' lang='lat' dir='ltr'>preposituram</span> 
     </span>
    </p>
   </div>
   <div class='ocr_carea' id='block_1_8' title="bbox 0 0 2228 6017">
    <p class='ocr_par' dir='ltr' id='par_1_15' title="bbox 0 0 2228 6017">
     <span class='ocr_line' id='line_1_42' title="bbox 0 0 2228 6017; baseline 0 0"><span class='ocrx_word' id='word_1_342' title='bbox 0 0 2228 6017; x_wconf 95' lang='lat' dir='ltr'> </span> 
     </span>
    </p>
   </div>
  </div>
 </body>
</html>
