4409 6017
526 465 566 529 96
1072 473 1219 540 Prenilre
1241 479 1342 541 annea.

570 613 758 703 Mutiplicia
772 620 956 705 probitatis,
965 672 988 687 ..

570 718 647 786 Dat.
663 722 763 787 Avin.
781 742 799 807 7
815 722 881 790 kal.
898 726 975 790 maii
991 746 1081 793 auno
1098 736 1127 793 '1.

568 820 608 887 ln
618 845 647 889 e.
663 846 708 891 m.
724 828 835 893 abbati
852 829 1043 894 monasterii
1056 831 1098 896 de
1110 831 1231 913 Fesmi,
1243 834 1493 901 Cameracensis
1505 835 1657 920 diocesis,
1670 847 1706 904 et
1717 841 1883 925 preposito

523 928 661 993 ecclesie
677 929 708 994 S.
726 929 897 1016 Gaugerici
914 932 1163 1001 Cameracensis
1186 959 1224 1003 ac
1246 946 1404 1023 magistro
1426 940 1557 1009 Buxolo
1575 945 1619 1010 de
1640 944 1770 1028 Parma,
1786 968 1881 1013 cauo

524 1031 600 1096 nico
616 1030 829 1115 Tornacensi,
846 1035 1020 1121 capellano
1036 1058 1132 1124 pape.

554 1177 614 1237 aeg.
627 1179 673 1226 av.
687 1180 709 1236 u,
721 1180 739 1227 r.
756 1182 811 1226 roa·
823 1197 828 1228 :
842 1180 900 1229 rat.
913 1185 951 1238 or»,
963 1183 981 1229 r.
994 1185 1049 1232 :ua
1062 1199 1086 1231 n.
1100 1169 1174 1233 assu

563 1348 670 1433 312.
1535 1365 1668 1452 [1317],
1685 1387 1728 1448 25
1743 1368 1834 1433 avril.

562 1465 727 1552 Philippo,
754 1466 821 1550 regi
854 1464 1003 1547 Francie,
1034 1469 1186 1533 scribitur
1215 1469 1306 1553 quod
1334 1468 1587 1556 R[aynaudus],
1614 1470 1869 1557 archiepiscopus

514 1568 741 1648 Bituricensis,
766 1576 801 1634 et
821 1568 922 1633 frater
942 1567 1160 1655 Berengarius
1175 1571 1217 1636 de
1234 1572 1413 1652 Landorra,
1434 1573 1592 1658 magister
1616 1574 1744 1641 ordinis
1771 1576 1867 1642 Predi·
1905 1563 1907 1646 l

517 1683 678 1749 catorum,
705 1674 813 1739 nuntii
839 1673 999 1759 speciales
1025 1675 1205 1740 mittuntur
1231 1675 1274 1740 ad
1299 1676 1514 1742 concordiam
1538 1698 1615 1743 cum
1638 1677 1772 1758 Odone,
1795 1680 1866 1746 duce

517 1775 718 1861 Burgundie,
746 1776 927 1856 Ludovic0,
954 1778 1078 1844 comite
1107 1777 1319 1859 Nivernensi,
1350 1779 1491 1865 alligatis
1521 1780 1708 1866 Campanie
1740 1790 1774 1848 et
1804 1782 1866 1847 Fla·

517 1881 637 1964 mingis
668 1880 810 1946 Parisios
833 1882 1075 1966 procurandam
1094 1882 1108 1967 (
1125 1883 1151 1968 ).

560 2107 577 2146 a
601 2083 780 2148 Carissimo
807 2083 839 2147 in
853 2083 988 2148 Christo
1005 2084 1074 2149 filio
1098 2083 1264 2169 Philippo,
1280 2086 1346 2168 regi
1365 2083 1505 2150 Francie
1521 2093 1556 2150 et
1577 2084 1730 2151 Navarre
1752 2086 1868 2152 illustri.

516 2187 671 2265 Ecce,s1li
688 2187 864 2266 carissime,
877 2187 1031 2252 dolenter
1047 2187 1163 2252 audito
1175 2188 1266 2271 quod
1277 2187 1389 2254 dilecti
1407 2187 1464 2252 filii
1481 2187 1584 2266 Otho,
1598 2188 1665 2254 dux
1678 2188 1868 2276 Burgundio,
1904 2233 1907 2240 ·

514 2300 549 2354 et
565 2290 764 2371 Ludovicus,
777 2312 890 2356 comes
906 2290 940 2355 N
944 2291 1137 2373 ivernensis,
1153 2300 1188 2356 et
1203 2292 1326 2376 alligati
1343 2291 1385 2356 de
1401 2291 1565 2358 comitatu
1581 2291 1766 2378 Campanie
1782 2314 1822 2359 ea
1834 2293 1870 2359 ad

514 2415 578 2478 que
609 2394 668 2458 tibi
695 2402 852 2460 tenentur
879 2403 915 2459 ut
938 2394 1077 2460 domino
1103 2403 1251 2480 prestare
1276 2394 1443 2479 refugiunt
1469 2404 1504 2460 et
1530 2398 1572 2461 ab
1602 2396 1797 2463 obedientia
1819 2406 1870 2462 tua

513 2500 689 2564 temerarie
704 2521 740 2564 se
756 2499 954 2579 subducunt,
970 2498 1126 2583 quodque
1142 2498 1265 2583 alligati
1285 2498 1327 2563 de
1345 2498 1510 2564 comitatu
1518 2499 1750 2565 Attrebatensi
1773 2500 1872 2566 redire

512 2604 554 2668 ad
571 2602 768 2667 fidelitatem
783 2612 818 2668 et
834 2602 1060 2667 obedientiam
1075 2601 1233 2682 debitam,
1251 2602 1464 2667 concordiam
1480 2622 1578 2688 super
1600 2603 1667 2669 hoc
1681 2604 1824 2690 pridem,
1840 2617 1871 2671 ut

511 2706 706 2786 audivimus,
723 2706 840 2772 initam
864 2727 932 2771 non
956 2706 1129 2787 servand0,
1146 2715 1402 2792 contempnunt,
1418 2706 1533 2772 audito
1560 2708 1663 2773 etiam
1686 2708 1779 2793 quod
1795 2731 1872 2774 non-

511 2812 591 2877 nulli
607 2832 648 2875 ex
664 2811 821 2896 predictis
836 2810 1105 2876 inobedientibus
1120 2830 1159 2875 ac
1174 2818 1406 2896 procuratores
1421 2831 1480 2876 seu
1496 2811 1604 2878 nuntii
1622 2812 1871 2899 Flamingorum

510 2926 600 2982 certa
615 2917 669 2982 die
685 2917 809 2983 debent
833 2937 945 2981 coram
970 2926 1004 2979 te
1021 2913 1163 2979 Parisios
1179 2935 1382 3001 comparere,
1399 2917 1554 2982 solennes
1578 2926 1713 2983 nostros
1728 2919 1871 2992 nuntios.

509 3022 665 3087 videlicet
688 3020 913 3086 venerabilem
943 3018 1077 3084 fratrem
1108 3027 1259 3082 nostrum
1288 3017 1560 3105 R[aynaudum],
1585 3019 1871 3109 archiepiscopum

509 3123 761 3205 Bituricensem,
792 3145 831 3189 ac
862 3123 1024 3187 dilectum
1055 3121 1159 3186 filium
1190 3121 1325 3186 fratrem
1356 3120 1592 3206 Berengarium
1621 3124 1665 3188 de
1690 3123 1871 3203 Landorra‚

507 3230 700 3314 magistrum
717 3229 841 3293 ordinis
857 3228 995 3292 fratrum
1011 3225 1272 3306 predicatorum,
1289 3225 1377 3291 viros
1393 3226 1549 3309 equidem
1572 3230 1715 3313 probate
1731 3229 1871 3295 circum-

507 3333 689 3419 spectionis
704 3341 738 3397 et
756 3332 843 3411 fidei,
860 3352 978 3417 pacem
994 3338 1147 3414 gerentes
1160 3330 1192 3393 in
1207 3329 1293 3394 votis
1306 3350 1344 3395 ac
1357 3339 1491 3395 tuorum
1503 3331 1639 3397 honoris
1652 3341 1687 3398 et
1700 3335 1870 3401 commodi

506 3438 677 3517 relatores,
704 3436 746 3500 ad
773 3444 866 3500 tuam
891 3443 925 3499 et
952 3433 1083 3499 illorum
1107 3434 1308 3518 presentiam
1332 3434 1539 3517 providimus
1562 3457 1581 3499 e
1602 3436 1746 3521 vestigio
1769 3437 1872 3504 desti-

505 3540 645 3619 nandos,
656 3540 710 3624 qui
720 3540 790 3623 jam
800 3538 843 3603 ad
854 3538 1079 3623 arreptionem
1093 3536 1218 3601 itineris
1228 3538 1450 3621 prosequendi
1461 3539 1619 3605 continue
1633 3561 1669 3605 se
1680 3540 1871 3626 accingunt,

422 3652 426 3661 “
505 3642 564 3706 tibi
582 3650 616 3708 et
631 3642 694 3707 illis
715 3642 914 3725 apostolicas
929 3641 1149 3727 presentaturi
1173 3641 1299 3706 litteras
1322 3663 1420 3728 super
1443 3643 1669 3709 discriminum
1691 3646 1871 3711 imminen-

504 3744 589 3809 tium
613 3745 785 3810 sedatione
809 3744 980 3810 confectas
1004 3751 1039 3809 et
1062 3743 1300 3808 nichilominus
1325 3743 1383 3809 tibi
1408 3756 1440 3809 et
1466 3746 1555 3811 illis‘²
1579 3769 1620 3812 ex
1636 3757 1732 3833 parte
1755 3758 1871 3815 nostra

505 3868 701 3933 quecunque
711 3855 876 3933 oportuna
888 3856 923 3912 et
935 3848 1028 3913 utilia
1044 3848 1181 3930 negotio
1192 3848 1313 3911 fuerint
1326 3848 1460 3913 suasuri.
1474 3848 1525 3913 Tu
1535 3870 1624 3935 ergo,
1632 3849 1677 3914 fili
1689 3851 1869 3928 carissime,

505 3953 685 4039 prudenter
700 3962 834 4019 attento
850 3954 949 4038 quod,
966 3953 1044 4017 licet
1060 3952 1152 4037 pacis
1167 3954 1304 4029 bonum,
1321 3952 1346 4017 si
1358 3953 1453 4016 aliter
1476 3961 1622 4036 nequeat
1638 3954 1794 4034 obtineri,
1810 3975 1870 4040 per

504 4077 599 4120 suum
617 4059 819 4122 contrarium
835 4057 926 4122 licite
943 4056 1033 4141 queri
1051 4055 1166 4141 possit,
1183 4054 1260 4138 quia
1282 4064 1397 4119 tamen
1414 4056 1507 4119 illum
1525 4076 1583 4140 pro
1605 4055 1729 4122 viribus
1745 4057 1868 4123 imitari

503 4171 538 4227 te
554 4163 722 4243 convenit,
740 4163 806 4246 qui,
823 4183 899 4227 cum
916 4159 1074 4238 irascitur,
1087 4179 1218 4243 semper·
1234 4159 1457 4224 misericordie
1473 4158 1673 4240 recordatur,
1684 4160 1809 4226 nedum
1826 4162 1868 4226 ad

503 4266 730 4331 exhibendum
753 4266 917 4350 justitiam
944 4262 1070 4328 eisdem
1096 4262 1364 4327 inobedientibus
1388 4271 1423 4327 te
1449 4284 1593 4349 pronum
1619 4273 1655 4329 et
1685 4263 1867 4330 flexibilem

503 4370 631 4451 offeras,
648 4370 727 4456 quin
744 4370 848 4434 etiam
863 4390 921 4433 eos
937 4368 970 4431 in
988 4368 1082 4432 vultu
1098 4367 1321 4452 penitentium
1344 4367 1450 4432 redire
1467 4377 1600 4453 paratos
1615 4368 1658 4434 ad
1680 4369 1786 4454 gratie
1809 4378 1867 4435 tue

534 4571 559 4604 a.
571 4555 646 4618 apri-a
658 4556 710 4601 illis
721 4555 744 4603 la·
757 4571 806 4618 req.
820 4555 865 4602 109
879 4552 960 4616 repete
972 4554 1005 4602 lea
1018 4558 1078 4601 mota
1089 4553 1243 4616 apostolicas
1254 4554 1426 4615 presensatnri
1438 4553 1544 4601 litteras.

506 4723 639 4732 p-—--
697 4725 703 4728 -
720 4725 735 4729 -
767 4724 829 4730 -—-
853 4724 1023 4730 .-...-..-
1045 4724 1130 4730 ——.-.
1160 4723 1207 4730 ..-

534 4837 555 4885 l.
571 4834 697 4894 Beronum·
708 4835 739 4882 ilc
753 4835 882 4883 Landorre
893 4836 934 4883 lut.
946 4834 1047 4883 nomme
1059 4834 1218 4896 urchcvdque
1230 4833 1261 4880 de
1274 4833 1444 4896 Oorupostellc
1457 4835 1478 4881 le
1491 4837 1521 4882 15
1533 4835 1618 4897 juillet
1628 4837 1778 4888 larzenta
1788 4839 1864 4889 let-tm

499 4916 554 4963 duit
565 4916 631 4965 donc
643 4917 696 4964 atre
707 4916 850 4965 antericnre
863 4919 877 4964 :i
890 4923 957 4965 cette
968 4916 1036 4965 date.
