4409 6017
903 723 1060 789 Neuvibme
1081 724 1183 789 anne'e.
1666 723 1727 787 523

366 878 619 945 Cameracensis
642 876 790 963 episcopi
809 874 1040 956 constitutam,
1056 894 1076 940 a
1098 872 1229 939 dilectis
1245 873 1319 938 filiis
1333 876 1491 939 ..abbate
1507 881 1541 938 et
1557 884 1727 939 conventu

365 981 558 1049 monasterii
575 981 619 1047 de
629 979 808 1057 Vauccllis,
822 977 1053 1043 Cisterciensis
1068 976 1204 1056 ordinis,
1216 975 1467 1043 Cameracensis
1482 976 1634 1057 diocesis,
1645 978 1727 1041 emit

365 1107 428 1172 pro
444 1086 552 1172 pretio
568 1093 647 1151 octo
662 1083 791 1148 milium
807 1082 863 1149 lib.
879 1081 977 1169 paris.
993 1078 1297 1148 convertendarum
1313 1080 1346 1145 in
1362 1082 1565 1146 solutionem
1579 1081 1727 1165 gravium

364 1190 568 1269 debitorum,
596 1188 715 1274 quibus
730 1187 832 1253 iidem
847 1188 951 1252 abbas
967 1193 1001 1250 et
1027 1192 1214 1251 conventus
1236 1192 1332 1249 erant
1359 1186 1419 1249 sub
1443 1185 1597 1270 gravibus
1623 1184 1728 1250 usuris

320 1343 324 1348 -
364 1294 503 1360 diversis
529 1291 748 1359 creditoribus
771 1290 898 1357 clericis
923 1298 957 1354 et
983 1289 1077 1354 laicis
1104 1288 1253 1373 obligati,
1280 1287 1336 1372 qui
1363 1287 1498 1373 quidem
1525 1288 1728 1354 venditionis

364 1405 560 1463 contractus
583 1395 645 1460 fuit
669 1415 729 1481 per
755 1394 899 1460 dilectos
924 1393 1020 1474 lilios,
1045 1391 1268 1459 Cisterciense
1293 1392 1488 1477 capitulum,
1523 1395 1728 1478 approbatus

362 1510 399 1567 et
416 1521 473 1587 per
489 1500 610 1565 Sedem
625 1499 847 1584 apostolicam
863 1498 1079 1563 confirmatus
1091 1497 1138 1581 (¹)
1153 1519 1161 1575 ;
1178 1504 1214 1561 et
1226 1496 1314 1581 quia
1335 1495 1444 1562 dictus
1465 1497 1643 1583 episcopus
1658 1517 1727 1562 non

363 1605 511 1669 habebat
532 1603 566 1668 in
582 1610 742 1688 promptu
758 1600 847 1667 unde
863 1608 980 1687 posset
995 1600 1125 1665 solvere
1140 1599 1290 1685 precium
1306 1599 1546 1685 supradictum,
1557 1600 1619 1665 fuit
1633 1601 1728 1666 hinc-

363 1707 443 1772 inde
470 1714 678 1773 conventum
703 1705 794 1790 quod
818 1704 919 1771 iidem
936 1706 1038 1769 abbas
1065 1711 1100 1768 et
1117 1712 1306 1769 conventus
1328 1712 1363 1769 et
1387 1704 1596 1789 fidejussores
1612 1726 1726 1771 eorum

362 1817 576 1875 remanerent
587 1809 687 1875 dictis
697 1808 917 1876 creditoribus
929 1807 1078 1890 obligati,
1090 1806 1184 1872 dicto
1195 1806 1357 1893 episcopo
1368 1827 1410 1872 ex
1423 1807 1478 1872 illa
1494 1807 1548 1874 die
1564 1811 1726 1874 subeunte

362 1935 449 1980 onus
464 1913 690 1980 satisfaciendi
701 1914 743 1979 de
755 1912 887 1993 debitis,
903 1911 1020 1992 usuriS,
1033 1910 1190 1996 dampnis
1204 1929 1245 1975 ac
1261 1910 1432 1992 interesse,
1449 1932 1513 1995 que
1529 1912 1609 1978 dicti
1626 1916 1727 1978 abbas

362 2025 400 2082 et
426 2025 615 2084 conventus
642 2020 684 2083 ob
709 2016 885 2082 solutionis
918 2015 1089 2080 defectum
1118 2013 1282 2079 incurrere
1314 2023 1476 2100 possent;
1504 2024 1550 2096 et,
1565 2017 1591 2080 si
1619 2017 1727 2083 dictus

362 2121 540 2206 episcopus
564 2120 598 2185 in
625 2119 789 2186 solvendo
813 2119 973 2184 deficeret
999 2117 1151 2183 totaliter
1175 2117 1230 2182 vel
1257 2117 1291 2182 in
1314 2125 1409 2204 parte
1424 2128 1461 2183 et
1485 2121 1527 2184 ob
1555 2119 1620 2184 hoc
1645 2120 1726 2185 dicti

362 2226 468 2289 abbas
490 2232 525 2288 et
548 2232 737 2289 conventus
762 2223 947 2308 dampnum
971 2221 1189 2301 incurrerent,
1206 2220 1296 2286 idem
1312 2222 1489 2308 episcopus
1503 2223 1658 2309 promisit
1680 2223 1727 2289 eis

361 2327 539 2394 restituere
554 2328 680 2394 dictam
703 2327 853 2407 domurn,
870 2346 981 2410 quarn,
1004 2324 1188 2390 secundum
1213 2324 1458 2391 conventiones
1484 2326 1615 2391 habitas
1641 2326 1728 2392 inter

361 2440 474 2516 partes
490 2432 636 2513 easdem,
652 2431 731 2497 dicti
749 2432 852 2495 abbas
867 2437 901 2494 et
917 2437 1104 2495 conventus
1119 2437 1235 2494 tenere
1246 2436 1414 2515 poterant,
1430 2449 1603 2515 quousque
1618 2430 1728 2495 forent

363 2555 384 2599 a
408 2535 507 2601 dictis
522 2535 678 2622 periculis
693 2544 728 2599 et
743 2534 899 2599 oneribus
914 2532 1054 2598 relevati
1068 2555 1076 2613 ;
1093 2540 1128 2598 et
1144 2531 1245 2617 quod,
1260 2532 1353 2598 dicto
1368 2532 1529 2618 episcopo
1547 2554 1608 2619 per
1629 2554 1692 2598 nos
1707 2554 1726 2598 a

362 2639 526 2723 regimine
542 2639 691 2725 ejusdem
709 2635 961 2704 Cameracensis
976 2636 1119 2702 ecclesie
1135 2637 1290 2702 absoluto
1305 2644 1340 2701 et
1363 2637 1526 2702 translato
1541 2636 1583 2701 ad
1598 2637 1725 2702 dictam

364 2743 544 2808 ecclesiam
561 2742 781 2828 Bajocensem
798 2750 832 2806 et
848 2740 1022 2806 satisfacto
1038 2760 1097 2826 per
1113 2761 1189 2806 eum
1205 2739 1304 2806 dictis
1320 2740 1538 2806 creditoribus
1554 2741 1596 2806 de
1611 2741 1726 2808 debito

360 2846 545 2933 principali,
561 2847 663 2912 iidem
681 2845 864 2912 creditores
887 2844 1016 2910 litteras
1038 2844 1157 2928 quibus
1184 2843 1265 2910 dicti
1289 2846 1391 2909 abbas
1417 2852 1451 2910 et
1475 2853 1663 2911 conventus
1678 2845 1726 2910 eis

360 2950 492 3015 fuerant
523 2949 671 3035 obligati,
710 2948 789 3036 ipsis
827 2948 1003 3013 restituere
1034 2948 1223 3025 noluerunt,
1248 2948 1307 3014 sed
1341 2967 1397 3013 eas
1426 2948 1635 3014 retinuerunt
1665 2970 1726 3035 pro
1753 2980 1754 2984 ¹

359 3054 465 3118 usuris
481 3074 564 3137 quas
580 3063 779 3138 extorquere
794 3073 814 3117 a
829 3051 923 3118 dicto
938 3051 1099 3137 episcopo
1115 3054 1322 3117 conabantur
1337 3075 1345 3132 ;
1363 3051 1520 3138 quodque
1543 3054 1726 3139 capitulum

358 3156 508 3241 ejusdem
540 3156 681 3222 ecclesie
718 3155 980 3235 Cameracensis,
1016 3163 1093 3241 post
1121 3154 1247 3220 dictam
1274 3156 1540 3238 translationem,
1575 3157 1726 3223 dicentes

358 3263 449 3326 bona
464 3259 648 3346 spiritualia
664 3268 699 3324 et
724 3259 922 3345 temporalia
947 3258 1161 3345 episcopatus
1186 3246 1447 3340 Cameracensis,
1471 3260 1550 3326 sede
1572 3271 1725 3343 vacante,

355 3364 429 3447 jure
445 3364 604 3448 regalium
631 3363 673 3429 ad
698 3364 788 3449 ipsos
812 3362 854 3428 de
878 3363 951 3447 jure
978 3370 1013 3427 et
1039 3362 1286 3428 consuetudine
1303 3364 1472 3448 pertinere
1499 3386 1600 3449 seque
1627 3386 1725 3451 posse

359 3466 468 3532 facere
495 3467 621 3532 fructus
650 3487 737 3547 suos
753 3467 879 3533 dictam
906 3466 1045 3533 domurn
1070 3486 1147 3531 cum
1174 3467 1241 3532 suis
1275 3468 1487 3554 pertinentiis
1517 3470 1725 3551 saisiverunt,

358 3579 392 3635 et
423 3570 592 3655 quoddam
630 3571 736 3635 altum
770 3591 898 3651 nemus,
933 3570 1064 3636 ratione
1102 3571 1196 3655 cujus
1234 3572 1392 3657 precipue
1427 3572 1517 3637 idem
1548 3574 1725 3660 episcopus

358 3682 615 3760 comparaverat
645 3673 771 3740 dictam
802 3674 951 3754 domum,
982 3674 1073 3759 quod
1115 3683 1186 3739 erat
1229 3676 1379 3741 maxime
1409 3677 1634 3743 necessarium
1664 3699 1725 3764 pro

356 3778 600 3844 hereditatibus
612 3778 826 3863 episcopatus
842 3776 1093 3844 Cameracensis
1108 3778 1252 3845 comode
1269 3780 1482 3862 sustinendis
1499 3793 1725 3867 exposuerunt

357 3882 556 3961 venditioni,
572 3884 708 3948 arbores
723 3881 900 3947 altissimas
919 3890 953 3946 et
969 3882 1081 3966 magui
1098 3882 1195 3968 pretii
1212 3903 1274 3968 pro
1290 3883 1411 3969 exiguo
1426 3885 1534 3970 pretio
1546 3884 1725 3951 detrahen-

356 3997 408 4052 tes
424 3986 620 4070 dictumque
644 4006 762 4050 nemus
785 3985 1000 4071 imprecisum
1025 3985 1190 4052 hactenus
1214 4006 1274 4072 pro
1292 3986 1427 4052 modico
1449 3997 1570 4073 questu
1584 3991 1724 4075 pecunie

357 4090 581 4167 succiderunt,
604 4111 672 4154 non
695 4089 931 4174 permittentes
958 4089 1067 4155 dictos
1093 4092 1252 4155 abbatem
1279 4099 1314 4155 et
1341 4100 1550 4157 conventum
1576 4093 1725 4176 ejusdem

356 4194 479 4259 domus
494 4194 703 4279 possessione
719 4193 872 4278 gaudere,
889 4215 1091 4277 quamquam
1110 4194 1156 4259 eis
1170 4194 1414 4279 obligationum
1425 4195 1535 4261 littere
1548 4217 1607 4282 per
1616 4197 1726 4263 dictos

357 4297 539 4364 creditores
554 4318 621 4362 non
638 4298 761 4362 suerint
775 4299 941 4376 restitute,
958 4296 1111 4381 quinimo
1132 4296 1356 4362 addictorum
1383 4299 1583 4365 creditorum
1600 4300 1725 4366 instan-

356 4402 441 4466 tiam
476 4400 639 4486 compulsi
665 4400 789 4465 fuerint
816 4422 875 4486 per
898 4400 1064 4486 justitiam
1092 4403 1276 4467 secularem
1309 4403 1351 4468 ad
1380 4403 1653 4470 satisfaciendum
1682 4405 1725 4472 de

357 4505 462 4571 usuris
478 4525 539 4590 pro
555 4505 674 4588 quibus
689 4513 809 4589 petunt
826 4505 989 4589 majorem
1007 4526 1174 4570 summam
1198 4527 1298 4589 qnam
1315 4527 1384 4572 sors
1410 4508 1507 4573 fuerit
1523 4509 1723 4596 principalis.

356 4611 470 4693 Quare
491 4608 639 4694 prefatus
655 4608 833 4693 episcopus
849 4610 946 4675 nobis
963 4610 1133 4676 humiliter
1156 4611 1357 4695 supplicavit
1374 4619 1410 4675 ut
1426 4631 1502 4676 cum
1518 4613 1600 4698 ipse,
1625 4636 1723 4700 prop-

357 4723 407 4779 ter
441 4712 699 4777 translationem
740 4712 942 4796 hujusmodi,
973 4734 1042 4777 non
1076 4714 1184 4799 possit
1215 4714 1342 4780 dictum
1374 4716 1546 4800 negotium
1573 4719 1723 4783 totaliter

356 4820 480 4883 ducere
507 4815 550 4881 ad
577 4815 746 4894 effectum,
775 4816 835 4880 sibi
867 4837 965 4901 super
997 4818 1062 4883 lroc
1092 4817 1135 4883 de
1166 4829 1337 4904 oportuno
1368 4820 1517 4885 remedio
1547 4822 1721 4906 providere

357 4920 618 4987 misericorditer
633 4920 856 5004 dignaremur.
874 4920 907 4986 N
911 4943 948 4986 os
964 4922 1063 5006 igitur
1080 4923 1230 5007 ejusdem
1254 4923 1401 5012 episcopi
1426 4925 1722 5010 supplicationibus

390 5148 411 5198 l,
424 5143 488 5205 Voy.
507 5156 532 5191 n.
553 5144 609 5194 bol.
