4409 6017
882 462 1040 529 Troisibme
1061 464 1163 529 annde.
1641 466 1701 532 257

350 620 512 698 exponant
527 613 704 698 diligenter
719 613 856 693 eisdem,
873 635 1004 679 necnon
1034 614 1124 700 ipsos
1136 616 1232 699 juxta
1258 614 1372 681 datam
1391 614 1451 679 sibi
1477 616 1603 680 exalto
1628 635 1703 701 pru-

353 717 503 798 dentiam,
513 716 557 784 ad
573 717 772 785 firmandum
787 739 909 804 pacem
926 720 1043 804 ipsam,
1060 718 1315 785 difficultatibus
1325 720 1432 785 solitis
1444 728 1479 783 et
1486 719 1558 783 aliis
1570 720 1702 804 quibus-

357 842 474 907 cunque
489 823 638 903 sublatis,
654 824 793 890 solicitis
819 824 956 889 monitis
980 834 1015 890 et
1041 824 1232 890 efficacibus
1254 825 1524 911 persuasionibus
1548 826 1703 891 inducere

358 946 418 989 non
431 928 599 1008 omittant,
615 948 654 992 ac
669 928 805 992 demum
821 928 878 1007 eis,
895 926 985 1012 quod
1000 929 1096 1008 absit,
1113 949 1230 995 eorum
1253 928 1395 994 salubria
1409 929 1538 994 monita
1553 929 1704 996 ducenti-

360 1027 411 1092 bus
423 1027 504 1094 forte
520 1016 743 1116 contemptui,
758 1039 914 1116 patenter
931 1031 1119 1117 exprimant
1143 1031 1233 1117 quod
1248 1052 1363 1096 eorum
1378 1030 1506 1096 deferre
1522 1033 1703 1117 pertinacie

309 1194 310 1202 ,
363 1134 586 1218 contraDeum
602 1142 637 1199 et
653 1135 795 1201 comoda
812 1135 944 1221 publica
961 1155 1171 1220 nequaquam
1182 1136 1385 1202 intendimus
1397 1156 1460 1200 nec
1472 1157 1606 1201 causam
1617 1140 1702 1203 tanti

366 1231 539 1303 discriminis
564 1238 701 1304 ulterius
727 1238 901 1318 sustinere,
925 1238 983 1303 sed
1007 1238 1165 1304 adversus
1190 1239 1280 1304 illam
1307 1239 1482 1324 providere
1507 1241 1703 1321 curabimus,

309 1325 314 1334 ’
367 1348 445 1418 prout
458 1340 639 1425 expediens
655 1340 763 1421 fuerit,
779 1362 840 1426 per
854 1351 1022 1427 oportuna
1037 1340 1184 1407 remedia
1199 1363 1264 1426 que
1279 1342 1326 1406 rei
1343 1342 1485 1427 qualitas
1501 1354 1653 1428 suggeret
1669 1354 1717 1410 et*

371 1436 509 1509 Dominus
524 1444 737 1512 ministrabit.
755 1444 852 1530 Ipsos
868 1445 981 1529 itaque
997 1446 1132 1511 nuntios
1154 1445 1244 1532 regie
1260 1445 1448 1511 celsitudini
1465 1449 1703 1513 commendan-

371 1550 415 1623 tes,
423 1546 559 1613 eandem
576 1548 724 1635 paternis
739 1548 915 1615 affectibus
930 1552 1144 1615 obsecramus
1160 1549 1192 1613 in
1205 1549 1296 1635 pacis
1311 1559 1457 1629 auctore,
1475 1559 1510 1615 ut
1522 1550 1704 1636 dispendiis

371 1648 496 1725 gruibus
523 1650 773 1736 innumerisque
796 1652 951 1736 periculis
978 1674 1043 1737 que
1075 1651 1257 1718 recidivum
1282 1671 1399 1736 guerre
1429 1653 1639 1737 produceret,
1664 1676 1704 1720 ac

309 1807 319 1848 3
372 1753 604 1821 comoditatibus
619 1764 654 1821 et
669 1754 767 1820 bonis
783 1754 963 1834 immensis,
981 1764 1015 1819 et
1031 1754 1219 1840 specialiter
1242 1754 1329 1820 circa
1344 1753 1447 1819 Terre
1463 1754 1585 1821 Sancte
1601 1759 1705 1823 subsi-

371 1849 448 1937 dium,
462 1878 527 1942 qne
542 1859 635 1945 pacis
661 1858 811 1945 predicte
837 1858 988 1924 soliditas
1003 1858 1203 1943 germinabit
1229 1858 1479 1924 consideranter
1495 1861 1642 1941 attentis
1659 1862 1705 1928 sic

370 1955 504 2045 tuipsius
520 1962 612 2049 pacis
627 1964 862 2029 solidationem
889 1965 1034 2049 regalem
1050 1965 1191 2029 inclines
1214 1964 1423 2031 laudabiliter
1438 1965 1599 2047 animum,
1616 1968 1706 2051 quod

309 2133 311 2141 ,
369 2053 531 2130 homnem
548 2086 662 2131 casum
678 2066 754 2132 Deo
780 2076 815 2132 et
842 2068 1033 2133 hominibus
1048 2077 1108 2133 tua
1124 2067 1206 2132 circa
1226 2067 1259 2133 id
1273 2068 1399 2153 puritas
1415 2069 1540 2154 liqueat
1556 2079 1591 2135 et
1612 2070 1704 2134 illum

309 2240 310 2243 Ἴ
369 2168 504 2245 quemad
519 2170 773 2236 ultramarinum
788 2171 977 2257 passagium
998 2171 1122 2237 habere
1138 2178 1173 2235 te
1196 2172 1324 2253 asseris,
1340 2171 1514 2237 evidenter
1529 2174 1705 2239 ostendere

367 2264 485 2337 videaris
498 2272 671 2340 affectum.
688 2274 740 2339 De
757 2274 863 2339 forma
878 2295 959 2339 vero
973 2274 1160 2339 litterarum
1176 2294 1235 2360 per
1250 2294 1311 2340 nos
1326 2274 1424 2341 dictis
1438 2280 1707 2362 procuratoribus

365 2380 390 2436 et
402 2377 520 2443 nuntiis
537 2376 692 2445 Flandrie
716 2380 893 2466 superbiis
915 2380 1127 2461 directarum,
1144 2401 1203 2467 per
1219 2381 1338 2446 seriem
1362 2385 1607 2451 commissionis
1622 2407 1705 2450 nun-

363 2476 465 2547 tiorum
481 2483 629 2569 ipsorum
645 2505 710 2569 que
727 2484 815 2550 facta
830 2492 882 2550 est
897 2484 939 2549 ad
956 2484 1060 2550 instar
1076 2484 1217 2566 illarum,
1233 2485 1329 2551 aede
1346 2485 1475 2551 illarum
1491 2497 1609 2555 tenore
1625 2510 1706 2575 quas

362 2583 510 2651 mittimus
524 2588 640 2653 comiti
651 2587 853 2653 Nivemensi
864 2597 899 2653 et
913 2587 1062 2653 Roberto
1073 2588 1232 2674 predictis
1243 2590 1300 2674 (¹),
1311 2610 1370 2675 per
1384 2593 1620 2679 transcriptum
1636 2594 1706 2658 illa·

360 2707 418 2755 rum
429 2691 508 2778 ipsis
523 2693 650 2758 nuntiis
666 2694 871 2779 assignatum
882 2694 1050 2759 informari
1061 2693 1197 2779 poteris
1208 2694 1234 2758 si
1244 2694 1401 2779 placebit.
1412 2691 1580 2773 Ceterum,
1591 2698 1705 2758 aman-

358 2792 470 2861 tissime
487 2795 545 2876 fili,
562 2797 725 2882 pietatem
740 2798 864 2882 regiam
881 2797 1006 2862 obnixe
1022 2818 1208 2883 precamur,
1233 2798 1468 2863 nichilominus
1493 2798 1706 2862 consulentes

358 2910 510 2982 quatenus
525 2901 552 2966 si
570 2899 792 2968 Flandrenses
807 2902 948 2987 predicti
965 2922 1024 2987 per
1039 2901 1189 2968 debitam
1205 2901 1441 2968 solidationem
1462 2901 1553 2986 pacis
1568 2901 1610 2966 ad
1626 2904 1704 2966 obe-

356 3002 507 3071 dientiam
522 3013 627 3086 tuam,
643 2994 806 3090 tangente
830 3005 979 3071 Domino
1005 3027 1063 3071 cor
1089 3027 1215 3086 eorum,
1235 3006 1495 3091 congruentibus
1519 3006 1705 3090 penitentie

356 3108 444 3193 signis
458 3110 584 3175 devote
599 3109 768 3190 redierint,
778 3119 826 3190 tu,
837 3108 1017 3195 prudenter
1030 3119 1163 3175 attento
1172 3109 1262 3194 quod
1275 3109 1393 3194 regalis
1404 3109 1544 3175 thronus
1557 3109 1706 3175 firmatur

356 3208 491 3278 humana
518 3212 698 3278 clementia
724 3212 882 3298 quodque
897 3233 1057 3298 magnum
1082 3222 1117 3277 et
1136 3214 1316 3278 honestum
1342 3212 1489 3278 vindicte
1504 3234 1609 3297 genus
1633 3234 1704 3277 esse

357 3311 541 3381 describitur
556 3316 610 3402 pie
635 3316 817 3401 ignoscere,
834 3325 869 3382 et
885 3317 1171 3402 magnanimitatis
1186 3325 1238 3382 est
1253 3315 1422 3382 vindicare
1445 3317 1594 3403 potuisse
1610 3337 1704 3401 repu-

357 3425 415 3484 tare
429 3419 626 3502 vindictam,
650 3420 753 3486 instar
779 3421 959 3486 Salvatoris
974 3421 1034 3502 tui,
1050 3421 1282 3506 preteritarum
1299 3420 1475 3485 immemor
1491 3420 1703 3499 offensarum,

360 3538 524 3608 earumque
540 3524 699 3610 precipue
709 3544 791 3609 quas
802 3523 911 3589 dictus
923 3544 1037 3590 comes
1048 3523 1268 3589 Nivemensis
1277 3524 1403 3589 totiens
1415 3526 1554 3609 reproba
1566 3523 1705 3587 levitate

362 3627 525 3708 commisit,
542 3648 601 3693 eos
617 3635 652 3692 et
667 3628 813 3693 maxime
830 3628 989 3705 comitem
1006 3635 1244 3709 memoratum,
1260 3636 1297 3693 ut
1312 3628 1367 3692 ubi
1385 3626 1590 3691 habundavit
1605 3625 1706 3691 delic-

363 3732 429 3811 tum,
443 3731 716 3816 superhabundet
732 3741 767 3797 et
793 3733 908 3817 gratia,
925 3741 959 3797 et
976 3732 1062 3797 circa
1078 3733 1172 3796 illum
1194 3731 1440 3817 superexaltata
1463 3731 1589 3815 judicio
1611 3731 1704 3795 beni-

309 3921 316 3930 ·
365 3832 453 3912 rrius
467 3836 588 3918 regalis
603 3845 773 3922 appareat,
790 3839 832 3903 ad
848 3838 956 3902 sinum
973 3846 1030 3902 tue
1046 3836 1270 3901 miserationis
1282 3845 1317 3900 et
1323 3836 1465 3920 gratiam
1476 3836 1576 3920 plene
1588 3855 1703 3899 recon-

309 4026 310 4029 ,
368 3934 522 4005 ciliationis
546 3940 716 4021 admittas
744 3949 780 4005 ut
808 3961 866 4026 per
893 3942 926 4006 id
950 3961 1049 4026 super
1075 3960 1191 4004 eorum
1219 3940 1329 4024 capita
1354 3941 1514 4003 carbones
1545 3958 1704 4022 congeras

309 4100 321 4136 ·,
370 4042 492 4111 arietis
506 4066 546 4111 ac
564 4045 653 4129 ipsos
668 4044 711 4110 ad
727 4044 943 4110 devotionem
961 4054 995 4110 et
1013 4044 1211 4109 fidelitatem
1228 4051 1321 4108 tuam
1340 4042 1505 4108 indefesso
1521 4043 1703 4128 proposit0,

309 4205 326 4239 -.
372 4148 452 4212 multe
465 4149 680 4234 benignitatis
691 4149 897 4213 exhibitione
913 4149 1099 4213 confirmes
1119 4147 1179 4213 Est
1195 4148 1320 4212 etenim
1336 4146 1496 4231 probabili
1513 4148 1705 4231 conjectura

375 4253 546 4329 mnndum
563 4253 654 4338 quod
681 4273 723 4318 eo
747 4253 878 4337 plenius
905 4252 1076 4317 serenitati
1103 4253 1192 4337 regie
1218 4253 1345 4317 sincere
1371 4251 1540 4316 fidelitatis
1564 4250 1705 4315 vinculis

378 4353 567 4441 astringentur
582 4378 649 4441 quo
666 4378 743 4441 erga
758 4377 793 4421 se
808 4356 1073 4421 benivolentiam
1089 4366 1182 4421 tuam
1199 4358 1232 4419 in
1243 4358 1342 4441 plene
1357 4355 1562 4420 remissionis
1570 4375 1704 4439 promp-

381 4448 490 4524 titudine
505 4461 670 4527 senserint
686 4460 938 4546 promptiorem.
958 4460 1034 4524 Dat.
1051 4460 1150 4523 Avin.
1174 4480 1209 4543 15
1227 4458 1292 4524 kal.
1309 4458 1455 4525 octobris
1471 4479 1562 4524 anno
1587 4479 1615 4542 3.
1633 4479 1650 4530 a

407 4586 508 4651 levat.
521 4602 574 4655 109,
588 4600 606 4648 f.
620 4601 674 4657 156,
690 4613 714 4648 n.
729 4600 776 4646 638
788 4614 793 4647 ;
806 4597 865 4645 l'at.
880 4599 932 4647 llo.
946 4598 1034 4659 parsi,
1044 4598 1062 4644 t.
1076 4601 1114 4655 ro,
1128 4613 1152 4644 u.
1165 4598 1217 4645 161.
1230 4624 1261 4630 -
1270 4596 1376 4655 Coulou,
1389 4612 1414 4645 n.
1428 4598 1474 4643 719
1483 4598 1588 4658 (texte).

386 4757 1042 4784 w

410 4875 423 4919 1·
438 4877 489 4943 lor.
502 4905 524 4939 n.
539 4893 680 4940 nasama.

420 4990 707 5057 A”iletrevaticano-belgica
721 5006 751 5045 11.
