4409 6017
422 641 465 704 40
967 638 1114 704 Promibre
1135 638 1236 702 annea

467 787 506 854 In
523 811 552 854 e.
568 810 613 855 m.
630 787 790 874 episcopo
813 787 1026 853 Atrebatensi
1052 795 1086 851 et
1112 785 1348 852 archidiacono
1373 780 1606 849 Nannectensi
1629 787 1664 845 et
1681 778 1780 844 Petro

423 892 465 959 de
481 889 633 974 Verdala,
650 893 813 958 canonico
828 892 968 958 ecclesie
985 890 1268 956 Carcassonensis.

456 1061 517 1123 ch.
528 1063 576 1109 Ax.
589 1064 611 1111 l.
624 1063 641 1110 i.
654 1064 711 1109 rel:
724 1062 783 1108 liat,
797 1064 835 1108 til.
848 1062 865 1109 l.
881 1064 943 1110 lilll.
963 1075 988 1112 n.
1005 1062 1074 1106 isba.

470 1274 576 1357 136.
1419 1280 1510 1365 1316,
1535 1302 1576 1347 11
1600 1281 1740 1347 octobre.

469 1393 616 1458 huberto
633 1390 777 1457 Brunelli
802 1391 844 1456 de
869 1390 1043 1473 lugdune,
1060 1389 1181 1455 clerico
1204 1398 1238 1453 et
1262 1387 1412 1453 familiari
1431 1386 1519 1451 Petri
1542 1385 1585 1452 de
1605 1385 1782 1464 Columna,

422 1497 554 1562 diaconi
570 1496 753 1576 cardinalis,
765 1495 932 1560 confertur
949 1494 1167 1560 canonicatus
1182 1492 1322 1558 ecclesie
1337 1489 1564 1575 Aycuriensis‚
1581 1487 1779 1555 Leodiensis

420 1601 571 1681 diocesis,
588 1603 648 1665 sub
664 1598 899 1686 expectatione
915 1598 1093 1684 prebende.

465 1703 623 1769 Proxenit
640 1725 722 1768 ex...

465 1809 543 1873 Dat.
559 1808 658 1872 :liin
678 1829 693 1891 5
712 1807 754 1872 id.
772 1807 918 1872 octobris
937 1827 1025 1870 aimo
1046 1828 1071 1871 1.

466 1910 504 1976 ln
522 1932 550 1975 e.
568 1933 611 1976 m.
627 1910 726 1996 priori
744 1910 781 1976 B.
800 1909 907 1976 Manie
922 1911 964 1975 de
991 1910 1137 1975 Placeria
1162 1908 1393 1989 Lugdunensis
1409 1928 1449 1973 ac
1463 1906 1640 1995 preposito
1663 1903 1782 1972 Massi·

420 2016 532 2080 liensis
547 2025 581 2080 et
597 2015 726 2080 decano
742 2014 954 2086 Nixellensis.
973 2014 1167 2079 leodiensis
1182 2013 1334 2092 diocesis,
1350 2012 1579 2079 ecclesiarum.

453 2188 513 2247 Πομ,
527 2189 573 2235 dv.
586 2191 610 2243 5,
625 2189 641 2235 l.
655 2190 711 2242 89η
724 2187 782 2234 vm.
797 2187 835 2240 64,
849 2188 866 2234 l.
881 2187 947 2234 tlsv.
961 2201 986 2235 n.
1003 2187 1073 2234 1697.

468 2393 572 2479 137.
1315 2456 1320 2469 .
1417 2407 1510 2492 1316,
1535 2430 1574 2492 14
1598 2409 1737 2474 octobre.

465 2512 634 2580 Galhardo
649 2514 691 2579 de
708 2513 899 2598 Preyssaco
919 2514 1033 2599 nepoti
1050 2513 1220 2584 Galhardi.
1237 2511 1384 2599 episcopi
1400 2511 1429 2578 T
1432 2511 1594 2594 holosani,
1611 2512 1784 2579 confertur

424 2618 640 2683 canonicatus
649 2618 789 2684 ecclesie
800 2618 1018 2702 Agennensis,
1029 2621 1089 2683 snb
1105 2618 1340 2703 expectatione
1350 2616 1529 2703 prebende,
1540 2637 1608 2682 non
1625 2618 1784 2682 obstante

424 2720 514 2806 quod
530 2722 562 2786 in
580 2721 814 2805 Bnrdegalensi
832 2731 866 2786 et
882 2721 1116 2787 Cameracensi
1132 2722 1281 2788 ecclesiis
1298 2722 1514 2787 canonicatus
1530 2729 1564 2786 et
1583 2721 1783 2807 prebendas,

423 2835 458 2889 et
474 2825 515 2891 de
531 2826 684 2909 :tyrosio
710 2825 751 2892 de
777 2825 951 2891 l'illanoia
975 2825 1132 2891 Comitali
1159 2834 1192 2890 et
1218 2826 1260 2890 de
1284 2826 1467 2890 :lvelbosio
1489 2833 1524 2890 et
1541 2823 1585 2890 de
1602 2822 1784 2910 Montogio

421 2929 568 2994 decimas
584 2939 618 2994 et
634 2930 805 3015 primitias.
823 2950 862 2995 ac
878 2931 919 2994 de
937 2929 1130 2995 Massenico
1147 2939 1181 2994 et
1204 2930 1246 2996 de
1263 2929 1396 2995 Lidinio
1414 2928 1571 3008 decimae,
1587 2927 1784 2995 Tholosane

422 3041 457 3098 et
472 3033 639 3099 Albiensis
658 3034 840 3115 diocesum,
864 3035 907 3098 ad
930 3033 1112 3099 'l'liolosani
1136 3043 1170 3098 et
1200 3033 1367 3099 Albiensis
1390 3033 1623 3119 episcoporum
1649 3053 1785 3100 mensas

424 3145 625 3224 spectantes,
642 3138 782 3204 obtinet.

468 3242 664 3327 Apostolice
682 3242 818 3307 Sedis...

471 3345 547 3411 Dat.
563 3345 662 3410 Acin.
681 3367 697 3410 2
715 3346 758 3411 id.
775 3347 921 3412 octobris
940 3368 1028 3413 anno
1050 3370 1074 3412 1.

468 3448 507 3513 In
524 3470 552 3514 e.
569 3471 613 3516 in.
633 3449 802 3515 l'asatensi
819 3462 853 3517 et
870 3450 1063 3518 Lectorensi
1080 3451 1245 3537 episcopis
1261 3472 1300 3515 ac
1316 3451 1415 3536 priori
1432 3451 1572 3518 ecclesie
1588 3449 1620 3516 S.
1634 3448 1783 3537 Caprasii

424 3554 642 3637 Agennensis.

455 3728 515 3789 Reg.
528 3729 575 3778 Ax.
589 3731 610 3788 3,
626 3730 644 3781 i.
665 3731 709 3779 84:
723 3731 781 3779 l'ut.
796 3734 834 3780 till.
848 3732 865 3780 l.
879 3733 945 3782 alu,
959 3747 982 3779 n.
997 3734 1051 3779 dz’d.

472 3941 577 4025 138.
1441 3960 1531 4042 1316,
1550 3980 1589 4044 14
1605 3962 1743 4026 octobre.

470 4059 656 4144 Reginaldo
672 4060 713 4125 de
731 4059 881 4125 Bisuntio
897 4061 1065 4126 confertur
1081 4062 1297 4128 canonicatus
1313 4064 1450 4128 ecclesie
1467 4063 1498 4128 S.
1514 4063 1603 4128 Pauli
1621 4062 1787 4130 Leodien-

424 4164 477 4244 sis
493 4166 553 4228 sub
564 4165 798 4250 expectatione
809 4164 986 4249 prebende,
998 4165 1264 4230 ceciiisideratione
1274 4164 1401 4244 Jacobi‚
1412 4166 1443 4231 S.
1457 4167 1590 4251 Georgii
1607 4168 1649 4233 ad
1666 4166 1786 4233 Velum

425 4287 571 4342 aureum,
588 4276 621 4332 et
639 4267 814 4347 Francisci,
825 4269 856 4333 S.
870 4267 976 4333 liade
993 4270 1024 4333 in
1042 4269 1222 4334 Cosinedin
1239 4269 1454 4334 ‹liacononnn
1467 4270 1692 4352 cardinalium,
1709 4293 1786 4338 nec-

426 4391 494 4435 non
511 4370 732 4436 nnixersitatis
752 4371 950 4450 parisiensis,
971 4394 1037 4435 non
1061 4375 1217 4437 obstante
1238 4373 1327 4456 <prod
1348 4375 1586 4457 parrochialem
1611 4376 1786 4441 ecclesiam

426 4474 468 4539 de
485 4473 579 4539 Valle
595 4474 782 4556 Lopiaruni⁹
800 4475 962 4554 Sapiensis
978 4476 1128 4550 diocesis,
1146 4478 1287 4541 obtinet.

471 4577 670 4643 Litterarum
687 4580 866 4645 scientia...

472 4682 549 4748 Dat.
567 4684 664 4748 Acin.
684 4705 700 4746 2
719 4684 760 4748 id.
778 4686 923 4749 octobris
939 4706 1028 4748 cinno
1051 4706 1075 4749 1.

473 4785 512 4849 In
529 4809 557 4851 e.
574 4787 764 4851 ludecano
788 4787 980 4852 leodiensis
1003 4799 1036 4852 et
1060 4788 1187 4852 cantori
1214 4787 1402 4853 l‘arisiensis
1425 4811 1463 4854 ac
1488 4789 1588 4854 Petro
1611 4791 1653 4856 de
1671 4790 1787 4868 Reate,

429 4888 728 4955 Autissiodorensis
743 4892 905 4956 calionico
921 4894 1143 4957 ecclesiarum.

467 5072 526 5133 lica.
543 5075 588 5122 lv.
602 5077 624 5125 5.
637 5074 654 5121 f.
667 5075 695 5120 bl
709 5089 714 5130 ;
728 5073 786 5121 l'at.
799 5075 835 5122 dl.
850 5074 867 5120 l.
880 5076 933 5120 trix.
948 5087 971 5120 n.
988 5075 1055 5121 lino.
