4409 6017
964 702 1110 784 septime
1130 701 1232 769 annes.
1717 703 1779 770 423

466 850 603 934 1126,
1448 880 1541 944 1323,
1553 860 1726 948 5sevrier.

464 965 618 1054 Symoni,
648 972 680 1039 S.
705 972 819 1040 Prisce
853 973 1039 1061 presbitero
1062 973 1232 1056 cardinali,
1266 974 1455 1063 indulgetur
1476 978 1519 1044 ad
1541 975 1722 1043 triennium
1746 979 1783 1038 ut

419 1073 590 1142 ecclesias
606 1084 641 1142 et
656 1078 732 1143 loca
745 1078 972 1145 ecclesiastica
986 1077 1277 1147 archidiaconatus
1288 1081 1338 1147 sui
1352 1081 1386 1148 in
1395 1082 1538 1149 ecclesia
1549 1075 1782 1149 Cameracensi

420 1201 484 1267 per
503 1179 608 1246 alium
622 1179 757 1247 visitare
773 1183 898 1250 valeat.

473 1286 612 1371 Quanto
629 1285 860 1353 Romanam...

476 1391 556 1456 Dat.
572 1390 673 1456 Avin.
688 1391 788 1457 nonis
803 1391 957 1459 februarii
972 1413 1062 1461 anno
1078 1414 1107 1480 7.

470 1497 510 1563 ln
528 1517 557 1561 e.
575 1517 620 1562 m.
642 1496 674 1562 S.
690 1494 865 1563 Genovefe
883 1497 1076 1565 Parisiensis
1091 1507 1126 1565 et
1142 1499 1173 1566 S.
1189 1499 1329 1567 Auberti
1344 1498 1594 1568 Cameracensis
1617 1512 1786 1572 monaste·

424 1603 557 1671 riorum
575 1602 751 1669 abbatibus
767 1623 807 1670 ac
822 1603 982 1690 magistro
997 1605 1148 1673 Arnaldo
1172 1604 1284 1693 Regis,
1300 1605 1466 1674 canonico
1486 1606 1665 1694 Meldensi,
1679 1614 1789 1698 capel·

422 1711 507 1775 lano
521 1728 619 1794 pape.

458 1856 522 1918 Reg.
535 1857 583 1905 Ar.
604 1858 643 1915 18,
658 1857 677 1906 f.
695 1858 743 1905 278
753 1873 759 1914 ;
771 1856 831 1906 Vat.
841 1859 879 1917 74,
892 1858 911 1907 f.
924 1859 991 1918 147¹,
1004 1871 1030 1907 n.
1043 1858 1098 1908 387.

472 2032 757 2116 1127-1128.
1326 2049 1331 2058 ’
1418 2070 1517 2135 1323,
1540 2071 1583 2116 10
1597 2050 1738 2138 feorr‘er.

469 2149 489 2228 J
492 2151 629 2233 ohanni,
641 2152 710 2219 filio
723 2152 871 2221 Poncelli
884 2152 1016 2221 Mathei
1026 2154 1069 2220 de
1078 2154 1155 2222 filiis
1167 2154 1256 2238 Ursi,
1268 2154 1385 2242 nepoti
1397 2153 1417 2232 J
1420 2153 1572 2236 ohannis,
1582 2152 1788 2220 S.Theodori

422 2257 559 2324 diaconi
577 2255 764 2340 cardinalis,
781 2258 999 2326 conferuntur
1024 2260 1242 2327 canonicatus
1264 2268 1299 2327 et
1320 2260 1491 2348 prebenda
1513 2259 1654 2326 ecclesie
1669 2257 1789 2323 Belva-

423 2362 536 2429 censis
564 2370 725 2429 vacantes
741 2383 801 2450 per
824 2364 957 2430 obitum
972 2363 1091 2442 Jacobi
1109 2363 1242 2431 Mathei
1265 2366 1307 2432 de
1330 2365 1405 2431 filiis
1428 2364 1517 2446 Ursi,
1538 2384 1606 2431 non
1630 2365 1788 2429 obstante

422 2466 517 2552 quod
533 2466 567 2531 in
585 2465 820 2534 Cameracensi
837 2476 872 2534 et
887 2468 1054 2536 Toletana
1069 2470 1219 2537 ecclesiis
1234 2469 1451 2538 canonicatus
1466 2477 1501 2536 et
1516 2469 1702 2556 prebendas
1712 2487 1790 2532 cum

421 2571 656 2658 prestimoniis
681 2574 814 2640 obtinet
841 2582 875 2639 et
892 2574 982 2659 quod
1005 2574 1035 2639 ei
1059 2575 1178 2641 eadem
1200 2575 1255 2642 die
1276 2576 1319 2643 de
1342 2576 1542 2643 canonicatu
1563 2582 1598 2640 et
1620 2573 1789 2659 prebenda

426 2677 574 2745 ecclesie
589 2674 806 2744 Camotensis
821 2679 991 2765 provisum
1007 2686 1069 2745 est.

474 2781 646 2849 Nobilitas
661 2783 831 2867 generis...

475 2889 557 2954 Dat.
572 2888 673 2953 Avin.
690 2910 709 2972 4
726 2888 770 2955 id.
783 2888 936 2955 februarii
952 2910 1042 2956 anno
1059 2908 1088 2975 7.

477 2994 520 3059 ln
535 3016 565 3059 e.
580 3014 626 3059 m.
642 2993 673 3059 S.
697 2993 835 3060 Luciani
859 3002 894 3060 et
918 2996 952 3061 S.
977 2994 1213 3081 Symphoriani
1236 2992 1491 3060 Belvacensium
1511 2996 1789 3062 monasteriorum

432 3097 611 3171 abbatibus
633 3118 673 3164 ac
691 3097 869 3183 Raynaldo
885 3097 1003 3177 Jacobi
1026 3099 1069 3165 de
1084 3099 1160 3165 filiis
1176 3098 1266 3180 Ursi,
1293 3096 1528 3165 archidiacono
1552 3097 1789 3187 Majoricarum

429 3211 465 3277 in
481 3205 624 3276 ecclesia
639 3203 850 3289 Legionensi.

457 3342 521 3403 Reg.
536 3344 584 3389 Av.
604 3341 641 3398 18,
656 3340 674 3388 f.
686 3340 732 3387 291
745 3355 751 3396 ;
765 3339 823 3388 Vat.
836 3341 876 3400 74,
890 3340 909 3388 f.
923 3342 989 3400 165¹,
1003 3355 1030 3389 n.
1042 3342 1098 3390 453.
1112 3367 1115 3372 ·

466 3526 559 3588 1128
574 3562 626 3584 .-
646 3514 766 3580 Eidem
781 3512 801 3590 J
804 3513 933 3580 ohanni
950 3514 1167 3581 conferuntur
1177 3514 1395 3582 canonicatus
1409 3524 1444 3582 et
1459 3515 1629 3603 prebenda
1644 3514 1784 3581 ecclesie

423 3619 647 3688 Camotensis
670 3624 834 3684 vacantes
848 3638 909 3704 per
922 3618 1051 3684 obitum
1066 3618 1085 3697 J
1089 3620 1187 3686 acobi
1204 3617 1337 3686 Mathei
1351 3619 1394 3686 de
1410 3620 1485 3687 filiis
1501 3620 1591 3687 Ursi.

472 3725 645 3793 Nobilitas
659 3725 828 3813 generis...

472 3832 552 3897 Dat.
567 3831 670 3897 Avin.
686 3853 706 3914 4
722 3830 766 3896 id.
785 3826 938 3895 februarii
956 3845 1046 3892 anno
1070 3843 1099 3910 7.

471 3935 512 4001 ln
529 3957 558 4001 e.
575 3957 619 4001 m.
637 3936 668 4000 S.
686 3935 774 4000 Petri
792 3935 834 4000 de
852 3932 948 3997 Valle
965 3939 999 3996 et
1015 3929 1057 3995 de
1070 3930 1101 3996 S.
1120 3929 1278 3998 Karauno
1294 3930 1551 3999 Camotensium
1565 3932 1784 3999 monasterio-

423 4066 500 4111 rum
516 4041 694 4107 abbatibus
710 4060 749 4106 ac
768 4036 949 4124 Raynaldo
965 4035 1082 4114 Jacobi
1098 4036 1141 4102 de
1157 4037 1232 4103 filiis
1248 4037 1337 4119 Ursi,
1353 4038 1588 4105 archidiacono
1609 4037 1786 4124 Majorica-

423 4173 502 4220 rum
519 4148 552 4212 in
569 4145 712 4212 ecclesia
727 4141 938 4230 Legionensi.

458 4299 520 4358 ch.
539 4298 586 4343 nv.
600 4295 637 4353 18,
651 4295 669 4342 f.
682 4295 741 4342 291v
753 4309 758 4349 ;
772 4294 829 4340 tat.
843 4293 879 4349 74,
897 4292 914 4337 f.
931 4290 1035 4349 165v‚n.
1049 4290 1104 4336 454.

474 4474 610 4555 1129.
1433 4498 1529 4561 1523,
1550 4481 1592 4544 18
1596 4480 1738 4567 fdvrier.

472 4593 643 4674 Gaufrido,
668 4592 838 4657 monacho
860 4589 1055 4656 monasterii
1082 4586 1321 4667 CluniacensiS,
1349 4583 1609 4652 Matisconensis
1636 4585 1789 4665 diocesiS,

425 4700 687 4767 Cluniacensem
710 4697 862 4764 ordinem
886 4717 1041 4782 expresse
1073 4695 1223 4781 professo
1255 4700 1290 4758 et
1312 4692 1347 4755 in
1375 4689 1564 4756 sacerdotio
1593 4690 1788 4769 constituto,

424 4804 626 4897 providetur
641 4802 683 4868 de
699 4802 833 4867 abbatia
848 4801 1042 4866 monasterii
1060 4800 1092 4865 S.
1109 4796 1278 4865 Laurentii
1302 4815 1408 4883 prope
1425 4793 1600 4875 Leodium,
1621 4794 1662 4859 O.
1684 4793 1714 4858 S.
1737 4792 1787 4873 13,

423 4933 490 5005 per
504 4912 643 4977 liberam
658 4908 942 4973 renuntiationem
967 4904 1106 4971 Werrici
1129 4902 1259 4970 abbatis
1275 4901 1309 4967 in
1324 4900 1479 4967 manibus
1502 4898 1679 4985 Raynaldi,
1703 4899 1786 4986 epis·

424 5018 508 5108 copi
524 5013 699 5094 Ostiensis,
716 5013 850 5093 iactam,
867 5010 956 5099 apud
972 5011 1091 5077 Sedem
1107 5008 1327 5097 apostolicam
1343 5012 1497 5072 vacante.

469 5120 624 5209 Suscepti
641 5138 758 5184 cura...
