4409 6017
421 637 484 701 472
963 629 1110 699 Huitibme
1131 630 1234 696 annio.

466 785 546 851 Dat.
562 784 662 851 Avin.
680 804 698 869 3
715 783 758 850 id.
772 782 913 869 januarii
929 803 1020 849 anno
1037 785 1067 849 8.

466 887 505 954 ln
521 911 550 955 e.
566 909 611 955 m.
627 887 647 967 J
650 889 775 955 ohanni
791 888 833 955 de
849 887 1050 974 Columpna,
1066 884 1307 953 archidiacono
1323 883 1523 968 Vivariensi,
1541 886 1691 954 notario
1704 906 1787 973 pape

421 1002 456 1059 et
481 994 611 1060 decano
638 993 669 1060 S.
686 992 825 1059 Servatii
848 991 1083 1078 Trajectensis,
1100 988 1296 1057 Leodiensis
1327 988 1480 1071 diocesis,
1497 1011 1542 1057 ac
1569 989 1736 1057 Levoldo
1753 988 1787 1054 de

422 1096 456 1163 N
459 1098 581 1180 orthof,
597 1097 760 1166 cauonico
777 1096 971 1164 Leodiensis
986 1096 1213 1162 ecclesiarum.

454 1233 514 1295 Reg.
526 1236 573 1283 Ar.
586 1236 625 1290 20,
636 1234 654 1283 1.
665 1236 726 1285 228*
737 1250 742 1291 ;
752 1234 811 1283 l'ut.
825 1236 863 1288 76,
875 1235 892 1283 f.
907 1236 961 1294 123,
972 1249 998 1282 n.
1010 1236 1066 1283 353.

467 1408 603 1493 1275.
1425 1442 1523 1507 1324,
1543 1443 1585 1488 11
1598 1420 1753 1505 J'anviea

464 1524 610 1603 Johanni
626 1526 668 1592 de
684 1526 792 1607 Tullo,
808 1535 889 1593 nato
907 1525 1041 1591 Tierrici
1055 1527 1097 1592 de
1108 1525 1217 1607 Tullo,
1230 1525 1399 1592 confertur
1411 1525 1643 1593 canonicatus
1656 1526 1788 1594 ecclesie

420 1628 452 1695 S.
469 1629 651 1697 Donatiani
668 1629 857 1716 Brugensis,
873 1630 1094 1697 Tomacensis
1106 1629 1260 1712 diocesis,
1272 1633 1332 1696 sub
1348 1629 1590 1717 expectatione
1607 1630 1788 1718 prebende.

463 1734 557 1801 Sedis
572 1735 797 1821 apostolice...

464 1839 542 1905 Dat.
555 1840 654 1906 Avin.
673 1861 691 1924 3
708 1840 752 1906 id.
765 1839 905 1925 januarii
923 1859 1015 1906 anno
1031 1841 1061 1905 8.

465 1941 504 2008 In
520 1965 549 2009 e.
566 1964 610 2009 m.
627 1944 816 2030 precentori
833 1944 1034 2010 SenonensIs
1049 1952 1085 2009 et
1101 1943 1202 2010 Petro
1218 1944 1260 2010 de
1276 1943 1308 2010 S.
1324 1942 1545 2028 Le'odegario,
1568 1942 1791 2026 Turonensis

419 2066 459 2114 ac
474 2045 494 2125 J
497 2047 621 2113 ohanni
638 2046 847 2130 Bounetelli,
865 2048 1073 2114 Pietavensis
1088 2047 1260 2115 canonicis
1275 2048 1503 2115 ecclesiarum.

452 2185 567 2248 Reg.Av.
583 2188 620 2245 20,
634 2186 651 2234 f.
664 2188 711 2233 253
722 2203 728 2243 3
741 2185 801 2236 Vnt.
817 2188 855 2245 76,
865 2186 883 2235 f.
899 2188 962 2246 139¹,
976 2201 1002 2235 n.
1012 2188 1068 2235 106.

464 2348 601 2433 1276.
911 2397 913 2401 ⁴
1422 2386 1517 2452 1324,
1534 2387 1578 2450 ι]
1597 2365 1752 2447 ybnvier.

462 2468 495 2534 S.
510 2469 650 2534 Auberti
671 2468 921 2535 Cameracensis
935 2478 971 2535 et
987 2468 1197 2536 viconiensis
1212 2490 1252 2537 ac
1279 2469 1311 2536 S.
1327 2469 1346 2547 J
1350 2470 1492 2536 ohannis
1515 2469 1791 2555 Valencinensis,

420 2571 670 2638 Cameracensis
685 2581 720 2638 et
735 2573 967 2639 attrebatensis
982 2573 1165 2655 diocesum,
1193 2574 1471 2640 monasteriorum
1495 2575 1683 2643 abbatibus
1698 2598 1793 2643 man·

421 2675 519 2741 datur
533 2685 698 2760 quatenus
714 2677 888 2744 conferant
903 2677 1062 2763 magistro
1079 2676 1228 2744 Henrico
1256 2678 1297 2746 de
1322 2677 1497 2758 Geldonia,
1514 2679 1642 2745 clerico
1668 2680 1792 2763 Caroli,

421 2780 508 2865 regis
525 2778 674 2862 Francie,
691 2789 725 2846 et
741 2779 760 2858 J
763 2781 915 2861 ohannis,
928 2782 1014 2865 regis
1030 2780 1178 2862 Boemie,
1195 2802 1233 2847 ac
1250 2780 1368 2862 Marie,
1380 2782 1493 2865 regine
1506 2780 1664 2864 Francie,
1677 2805 1793 2871 perso

421 2894 538 2951 natum
564 2885 606 2951 de
632 2883 821 2970 Bodingyn,
838 2884 1088 2951 Cameracensis
1113 2886 1266 2966 diocesis
1292 2886 1380 2972 apud
1408 2884 1529 2951 Sedem
1559 2888 1792 2971 apostolicam

421 2989 600 3056 vacantem
616 3010 656 3053 ex
672 3010 714 3054 eo
730 2989 820 3074 quod
836 2987 1028 3055 Bonifacius
1044 3010 1131 3075 papa
1147 2988 1232 3054 VIII
1250 2987 1416 3066 Jacobum
1431 2988 1473 3054 de
1497 2988 1610 3055 Labro
1625 2990 1673 3055 de
1697 2992 1792 3057 dicto

421 3102 603 3181 personatu
619 3102 652 3158 et
669 3092 741 3158 aliis
755 3093 927 3159 beneficiis
942 3092 1097 3179 privarit,
1115 3115 1182 3159 non
1200 3095 1356 3158 obstante
1376 3093 1465 3177 quod
1486 3093 1596 3159 dictus
1615 3092 1792 3161 Henricus

423 3198 456 3263 in
473 3198 504 3263 S.
522 3195 660 3263 Martini
677 3197 873 3262 Leodiensis
892 3208 926 3262 et
954 3197 985 3263 S.
1013 3198 1186 3263 Gertrudis
1211 3196 1417 3262 Nivellensis
1438 3217 1478 3261 ac
1506 3196 1536 3261 S.
1557 3196 1791 3264 Waldetrudis

422 3301 464 3368 de
492 3300 666 3367 Montibus
690 3301 723 3365 in
749 3301 908 3366 Hauonia
933 3301 1084 3366 ecelesiis
1112 3301 1329 3366 canonicatus
1354 3310 1388 3366 et
1415 3300 1612 3386 prebendas,
1639 3322 1685 3367 ac
1717 3323 1792 3388 per·

421 3412 577 3472 sonatum
587 3405 629 3472 de
642 3405 736 3487 Gele,
751 3404 1003 3470 Cameracensis
1013 3414 1047 3471 et
1065 3404 1259 3470 Leodiensis
1277 3405 1459 3483 diocesum,
1477 3404 1619 3482 obtinet,
1636 3414 1673 3471 et
1691 3427 1792 3493 super

422 3510 624 3577 canonicatu
639 3518 673 3575 et
689 3508 859 3595 prebenda
874 3509 1014 3575 ecclesie
1032 3508 1285 3575 Cameracensis
1300 3509 1417 3593 litigat.

467 3613 537 3680 Illis
552 3614 736 3680 libenter...

467 3720 545 3786 Dat.
561 3719 661 3784 Avin.
678 3717 933 3803 idibusjanuarii
950 3738 1040 3783 anno
1056 3720 1085 3783 8.

457 3860 515 3919 Rea.
526 3861 574 3906 Ar.
590 3861 628 3916 20,
641 3858 659 3904 f.
669 3859 745 3913 231v;
759 3857 818 3908 Vnt.
833 3859 872 3913 78,
888 3857 905 3904 l.
921 3858 974 3914 1211,
985 3872 1009 3904 n.
1023 3859 1078 3904 382.

467 4037 605 4118 1277.
1431 4069 1526 4133 1324,
1545 4070 1584 4133 14
1595 4048 1748 4132 y'czravier.

466 4153 645 4234 Walram0,
662 4154 731 4219 filio
746 4152 894 4234 Gerardi,
911 4154 1043 4220 comitis
1054 4154 1263 4235 Juliacensis,
1279 4160 1468 4218 reservatur
1483 4153 1628 4237 dignitas
1644 4156 1701 4224 vel
1717 4176 1791 4241 per·

422 4269 560 4325 sonatus
575 4279 633 4324 seu
657 4257 803 4323 officium
820 4258 853 4323 in
870 4259 1010 4323 ecclesia
1029 4258 1233 4338 Coloniensi,
1250 4257 1393 4323 etiamsi
1411 4257 1453 4322 ad
1471 4257 1550 4323 illud
1574 4278 1635 4343 per
1650 4260 1789 4327 electio·

421 4384 501 4428 nem
517 4363 641 4429 assumi
654 4363 874 4443 consueverit,
890 4362 1074 4428 dummodo
1091 4363 1196 4448 major
1212 4362 1355 4446 dignitas
1371 4370 1448 4447 post
1464 4361 1789 4449 archiepiscopalem

422 4489 490 4533 non
507 4467 639 4547 existat,
655 4487 722 4531 non
739 4470 895 4532 obstante
906 4466 995 4551 quod
1006 4467 1131 4551 patitur
1141 4468 1173 4531 in
1186 4466 1355 4531 ordinibus
1368 4473 1402 4529 et
1413 4474 1505 4530 etate
1515 4464 1698 4546 defectum,
1711 4488 1789 4532 cum

422 4572 455 4636 in
473 4571 649 4637 acolitatus
665 4570 779 4635 ordine
795 4591 835 4636 ac
851 4571 1013 4636 vicesimo
1027 4571 1138 4656 primo
1148 4571 1247 4635 etatis
1262 4591 1352 4634 anno
1369 4569 1572 4635 constitutus
1583 4567 1719 4650 existat,
1733 4580 1789 4636 aut

423 4674 513 4759 quod
539 4674 665 4740 dudum
689 4674 730 4738 de
757 4674 921 4758 dignitate
947 4676 1001 4739 vel
1028 4683 1209 4760 personatu
1237 4695 1295 4738 seu
1322 4672 1435 4738 officio
1463 4673 1495 4736 in
1524 4672 1614 4738 dicta
1646 4674 1789 4739 ecelesia

422 4787 564 4845 vacante
585 4800 642 4843 seu
660 4788 818 4844 vacaturo
834 4779 863 4843 ei
880 4779 1051 4865 provisum
1067 4787 1119 4844 est
1138 4779 1194 4862 (¹),
1223 4799 1280 4842 seu
1297 4777 1387 4861 quod
1404 4778 1435 4841 in
1454 4776 1571 4842 eadem
1589 4774 1788 4844 Coloniensi

457 4992 478 5039 l.
498 4988 559 5051 Voy.
572 5004 597 5037 n.
608 4990 663 5048 880,
674 5005 706 5037 ou
719 5004 752 5037 ne
763 5004 789 5036 so
801 4991 916 5036 trouvait.
928 5003 973 5050 pas
985 4988 1011 5035 la
1022 4988 1123 5040 clause:
1138 4989 1212 5035 etium
1222 4990 1244 5035 ai
1256 4989 1291 5036 ud
1304 4988 1334 5035 Ill
1338 4988 1371 5036 ud
1376 5005 1425 5051 per
1432 4989 1575 5037 electionem
1582 4993 1679 5040 timorati
1687 5008 1788 5041 ‹arusue-

425 5073 495 5131 certa,
506 5073 551 5134 qni
563 5077 601 5119 est
613 5071 638 5120 la
649 5074 733 5120 raIson
745 5070 826 5119 d'dtre
836 5070 869 5120 de
880 5076 948 5121 cette
960 5070 1077 5120 nouvelle
1088 5070 1166 5122 bulle.
