4409 6017
894 718 1052 795 Troisiene
1072 720 1175 786 eunte
1527 818 1530 823 .
1655 718 1717 784 297

349 866 458 931 Sanet
482 875 518 932 te
542 866 621 947 cito,
636 866 684 932 fili
709 867 887 949 carissime,
904 867 1070 934 Dominus
1094 867 1233 954 diesque
1258 876 1334 936 tuos
1363 868 1397 934 in
1423 877 1578 955 tempora
1611 868 1717 933 multa

349 969 521 1057 producat
535 969 579 1037 ad
601 968 742 1056 gloriam
757 970 807 1038 sui
822 971 969 1039 nominis
988 979 1026 1037 et
1051 970 1202 1039 Ecclesia
1228 992 1286 1039 sue
1310 980 1437 1039 sancte.
1464 973 1543 1039 Dat.
1558 971 1659 1037 Avin.
1679 990 1715 1056 15

350 1072 421 1140 kal.
438 1073 517 1140 maii
534 1093 671 1159 anno,3.
688 1096 706 1138 n

384 1236 449 1298 Bag.
461 1235 522 1286 Vnt.
534 1238 589 1297 110,
597 1251 658 1302 pare
669 1236 689 1298 1,
701 1237 720 1287 i.
733 1238 806 1298 63,11.
823 1239 878 1288 200.
894 1265 926 1276 -
939 1236 1046 1298 Coulon,
1058 1251 1084 1287 n.
1096 1238 1144 1287 854
1156 1237 1263 1301 (texte).

400 1456 511 1538 714.
1406 1494 1501 1560 1319,
1518 1494 1559 1539 21
1576 1473 1674 1540 avril.

398 1573 552 1642 Gerardo
567 1575 610 1641 de
625 1574 737 1642 Osoen
753 1577 921 1643 confertur
932 1576 1149 1643 canonicatus
1158 1577 1298 1644 ecclesie
1310 1575 1582 1659 Leodiensissub
1598 1595 1718 1661 expec-

353 1676 489 1743 tatione
503 1677 672 1763 prebende
687 1678 799 1761 libere,
816 1699 884 1746 non
901 1678 1126 1760 sacerdotalis,
1137 1699 1205 1744 non
1217 1681 1373 1747 obstante
1385 1680 1476 1766 quod
1488 1680 1523 1745 in
1535 1679 1566 1744 S.
1578 1678 1718 1744 Dionisii

355 1779 555 1847 Leodiensis
570 1779 772 1849 decanatum
787 1791 822 1848 et
838 1783 871 1848 in
887 1782 1005 1849 eadem
1020 1802 1061 1849 ac
1075 1781 1108 1848 S.
1125 1781 1299 1849 Gertrudis
1316 1782 1351 1850 N
1353 1783 1531 1866 ivellensis,
1554 1781 1719 1849 Leodien-

353 1884 398 1951 sis
409 1883 565 1967 diocesis,
580 1885 798 1953 canonicatus
812 1893 847 1951 et
862 1884 1049 1972 prebendas
1064 1885 1206 1953 obtinet.

399 1987 599 2076 Apostolice
614 1988 748 2056 Sedis...

401 2092 483 2159 Dat.
497 2091 598 2159 Avin.
619 2113 653 2158 11
672 2092 738 2159 kal.
754 2091 832 2158 maii
848 2113 938 2159 anno
955 2114 984 2178 3.

403 2194 444 2261 ln
476 2215 506 2262 e.
535 2216 581 2262 m.
611 2196 724 2263 abbati
751 2196 943 2264 monasterii
975 2198 1010 2264 S.
1034 2195 1153 2276 Jacobi
1190 2205 1225 2263 et
1258 2197 1290 2264 S.
1318 2196 1460 2265 Dionisii
1485 2196 1721 2265 Leodiensium

356 2322 397 2368 ac
414 2300 447 2367 S.
458 2298 598 2367 Servatii
613 2299 847 2386 Trajectensis,
864 2299 1059 2368 Leodiensis
1074 2300 1228 2384 diocesis,
1243 2300 1379 2368 decanis
1394 2301 1619 2369 ecclesiarum.

394 2463 455 2522 [leg.
467 2461 527 2512 vet.
540 2462 579 2521 69,
591 2462 610 2510 i.
623 2462 679 2520 214,
691 2475 716 2510 n.
729 2463 784 2510 676.

402 2668 511 2753 715-
1411 2703 1507 2770 1319,
1523 2704 1565 2750 21
1581 2684 1679 2749 avril.

402 2784 576 2872 Magistris
601 2785 771 2852 Bernardo
794 2785 837 2851 de
864 2784 1125 2852 Montevalrano
1151 2793 1187 2851 et
1212 2785 1312 2854 Petro
1343 2787 1503 2871 Durandi,
1537 2788 1721 2874 apostolice

358 2889 457 2960 Sedis
468 2890 606 2973 nuntiis,
617 2890 796 2957 mandatur
806 2897 970 2975 quatenus
979 2910 1097 2958 omnes
1107 2888 1324 2977 pecuniarum
1338 2912 1487 2959 summas
1501 2912 1566 2978 que
1582 2892 1722 2960 ecclesie

359 2997 514 3063 Romane
529 2994 694 3061 debentur
718 2993 751 3059 in
777 2993 984 3077 Treverensi,
1011 2993 1220 3081 Maguntina,
1246 2995 1448 3079 Coloniensi,
1475 2996 1720 3083 Salseburgensi

357 3122 399 3169 ac
414 3098 694 3185 Magdeburgensi
707 3098 910 3181 civitatibus
925 3098 1113 3166 diocesibus
1127 3121 1167 3167 ac
1191 3100 1369 3187 provinciis
1387 3108 1513 3187 petere,
1531 3099 1663 3185 exigere
1687 3109 1722 3165 et

356 3204 507 3290 recipere
517 3202 686 3269 studeant.

402 3307 491 3373 Cum
507 3327 570 3373 nos
584 3306 668 3373 ad...

402 3412 483 3478 Dat.
498 3410 599 3477 Avin.
620 3431 654 3476 11
673 3410 739 3477 kal.
755 3410 832 3478 maii
849 3431 939 3478 anno
956 3433 985 3497 3.

390 3573 454 3635 Bag.
467 3571 526 3620 Vnt.
539 3572 578 3631 69,
590 3572 608 3621 f.
621 3574 675 3631 520,
688 3587 741 3623 cur.
757 3587 782 3622 n.
795 3575 834 3622 91.
963 3579 965 3583 “

401 3785 512 3868 716.
1411 3829 1507 3895 1319,
1523 3811 1565 3873 26
1580 3808 1678 3874 avril.

402 3902 602 3971 Leodiensis
639 3911 674 3969 et
712 3903 987 3972 Monasteriensis
1021 3928 1060 3974 ac
1095 3907 1281 3976 Mindensis
1314 3911 1462 3998 episcopi
1495 3911 1617 3978 dantur
1649 3920 1722 3977 tan-

356 4029 461 4097 quam
483 4015 736 4076 conservatores
758 4009 912 4075 ministro
934 4012 1080 4096 generali
1104 4021 1139 4077 et
1161 4013 1315 4081 fratribus
1338 4016 1463 4083 ordinis
1480 4016 1661 4084 Minorum.

403 4112 558 4178 Dilectos
574 4110 701 4177 filios...

403 4216 484 4281 Dat.
496 4215 596 4282 Avin.
614 4219 631 4280 6
648 4215 713 4282 kal.
730 4216 807 4281 maii
824 4238 916 4284 anno
933 4239 962 4303 3.

393 4379 514 4438 11099111.
528 4379 566 4437 12,
579 4378 598 4429 1.
608 4380 658 4436 271,
672 4394 697 4427 n.
710 4382 773 4431 702:
792 4380 851 4430 Vat.
864 4383 902 4437 69,
918 4382 935 4430 i.
948 4382 1003 4442 486,
1017 4398 1042 4433 n.
1058 4385 1128 4432 1551.

405 4595 513 4677 717.
1413 4636 1508 4700 1319,
1524 4617 1566 4682 26
1582 4617 1680 4683 avril.

405 4709 603 4776 Leodiensis
618 4718 653 4775 et
669 4709 919 4778 Cameracensis
934 4734 974 4779 ac
992 4712 1156 4781 Metensis
1172 4716 1319 4803 episcopi
1335 4717 1458 4784 dantur
1473 4727 1634 4805 tanquam
1645 4741 1724 4786 con-

366 4822 550 4880 servatores
561 4813 660 4900 priori
676 4817 820 4899 generali
838 4817 1022 4902 ceterisque
1039 4819 1203 4905 prioribus
1218 4829 1253 4886 et
1265 4821 1418 4889 fratribus
1430 4823 1555 4891 ordinis
1568 4822 1605 4891 B.
1618 4823 1725 4890 Marie

368 4914 406 4980 de
417 4913 540 4982 Monte
556 4915 709 4982 Carmeli.

411 5019 561 5088 Dilectos
577 5020 703 5088 filios...

309 5143 310 5152 ¹
413 5124 489 5191 Dat.
504 5125 604 5192 Avin.
622 5130 639 5191 6
656 5127 721 5194 kal.
738 5129 815 5195 maii
832 5148 921 5196 anno
942 5153 955 5208 ς

961 5183 968 5197 1

939 5202 949 5215 δ
