4409 6017
906 737 1063 803 Troisieme
1084 742 1186 802 unuee.

405 891 495 955 Cum
508 892 604 956 sicut.
613 942 634 955 ..

406 996 488 1061 Dat.
505 996 603 1061 Avin.
625 1016 661 1080 13
679 996 744 1061 lral.
761 994 960 1080 septembris
975 1014 1065 1058 anno
1083 1014 1111 1078 3.

393 1154 457 1211 Reg.
471 1154 519 1201 Av.
534 1155 570 1211 la,
583 1153 601 1201 l.
614 1152 662 1200 382
671 1167 677 1208 ς
686 1152 746 1201 Vnt.
759 1155 797 1209 69,
811 1153 829 1202 i.
841 1154 909 1213 4315
919 1166 945 1201 n.
959 1154 1028 1201 1367.

404 1340 493 1401 754.
511 1370 555 1381 -
572 1332 692 1399 Eidem
708 1332 886 1399 mandatur
901 1340 1075 1418 quatenus,
1091 1342 1168 1419 post
1184 1332 1468 1419 permutationem
1483 1332 1725 1418 prebendarum

361 1456 446 1521 quas
465 1436 626 1522 magister
641 1435 661 1515 J
664 1437 815 1503 ohannes
829 1437 872 1504 de
888 1436 1027 1518 Verulis,
1043 1458 1130 1525 pape
1160 1438 1319 1518 notarius,
1346 1446 1381 1502 et
1411 1435 1609 1503 Naucherus
1626 1434 1726 1500 Innu-

364 1540 485 1605 rammi
503 1541 708 1607 obtinentin
734 1542 874 1608 ecclesia
900 1540 1123 1623 Cracoviensi,
1140 1542 1232 1608 dicto
1257 1539 1439 1607 Nauchero
1463 1540 1613 1606 conserat
1627 1539 1725 1605 deca-

362 1653 485 1710 natum
501 1645 603 1731 ipsius
619 1646 770 1726 ecclesie,
788 1667 888 1732 quem
904 1646 1014 1712 dictus
1029 1646 1189 1732 magister
1203 1645 1223 1724 J
1227 1645 1378 1712 ohannes
1394 1653 1530 1732 propter
1545 1643 1726 1710 assecutio-

361 1768 443 1813 nem
460 1749 644 1816 decanatus
660 1751 800 1817 ecclesie
819 1750 1009 1832 Furnensis,
1028 1750 1233 1817 Morinensis
1247 1748 1400 1830 diocesis,
1415 1749 1552 1815 dimisit.

407 1851 527 1939 Nuper
542 1855 736 1940 exposito...

407 1954 488 2021 Dat.
504 1957 604 2021 Avin.
626 1978 661 2042 13
678 1957 744 2023 kal.
761 1958 959 2044 septembris
975 1978 1064 2024 anno
1082 1979 1111 2043 3.

394 2112 456 2174 Rug.
465 2114 512 2162 Ar.
529 2115 567 2170 la,
579 2113 596 2161 i.
610 2114 653 2162 nal
670 2128 675 2168 ;
688 2113 748 2162 l'et.
760 2114 798 2171 69,
810 2114 829 2162 f.
841 2115 909 2173 lalv,
921 2128 946 2163 n.
958 2115 1028 2163 lanu.

406 2303 520 2388 755.
1410 2338 1503 2405 1519,
1526 2340 1567 2383 ει
1591 2324 1679 2383 nortl.

405 2422 544 2508 Hugoni
560 2423 603 2490 de
624 2421 765 2503 Vienna,
782 2420 1031 2507 consanguineo
1047 2420 1209 2502 Oddonis,
1226 2421 1320 2488 ducis
1337 2421 1537 2508 Burgundie,
1554 2425 1724 2491 confertur

355 2527 579 2594 canonicatus
594 2528 735 2594 ecclesie
752 2526 992 2612 Lugdunensis,
1009 2527 1125 2611 inqua
1141 2534 1251 2592 certus
1267 2528 1504 2594 canonicomm
1519 2549 1676 2595 numerus
1688 2539 1722 2596 et

354 2633 608 2719 prebendarum
631 2632 805 2699 distinctio
820 2653 890 2698 non
906 2632 1080 2713 habentur,
1097 2651 1166 2696 non
1191 2632 1348 2698 obstante
1373 2632 1464 2717 quod
1485 2633 1721 2700 canonicatum

354 2737 503 2803 ecclesie
520 2736 772 2803 Cameracensis
786 2739 847 2803 sub
862 2736 1099 2822 expectatione
1115 2735 1285 2822 prebende
1301 2736 1443 2802 obtinet.

404 2838 575 2908 Nobilitas
588 2841 759 2927 generis...

404 2945 486 3013 Dat.
502 2947 601 3012 Avin.
622 2967 658 3012 12
674 2946 740 3013 kal.
757 2944 955 3032 septembris
970 2965 1061 3011 anno
1078 2966 1107 3030 3.

404 3047 446 3116 In
462 3070 491 3117 e.
502 3071 547 3116 m.
563 3050 605 3117 de
621 3051 652 3117 S.
669 3050 824 3137 Sequano
840 3058 875 3117 et
892 3052 927 3117 S.
944 3049 1085 3135 Benigni
1100 3048 1555 3134 DivionensisLingouensis
1565 3051 1717 3133 diocesis,

352 3154 640 3221 monasteriorum
656 3155 831 3222 abbatibus
843 3176 882 3222 ac
897 3155 1027 3222 decano
1042 3153 1184 3221 ecclesie
1200 3152 1442 3221 Cabilonensis.

387 3307 452 3368 Reg.
467 3310 513 3356 Ar.
527 3309 564 3366 12,
577 3307 595 3357 f.
609 3309 683 3364 198v;
697 3308 755 3357 var..
767 3312 805 3368 69,
818 3309 836 3358 f.
849 3311 902 3367 nal,
916 3325 940 3358 u.
956 3312 1024 3359 1124.
