<?xml version="1.0" encoding="UTF-8"?>
<!DOCTYPE html PUBLIC "-//W3C//DTD XHTML 1.0 Transitional//EN"
    "http://www.w3.org/TR/xhtml1/DTD/xhtml1-transitional.dtd">
<html xmlns="http://www.w3.org/1999/xhtml" xml:lang="en" lang="en">
 <head>
  <title>
</title>
<meta http-equiv="Content-Type" content="text/html;charset=utf-8" />
  <meta name='ocr-system' content='tesseract 3.04.00' />
  <meta name='ocr-capabilities' content='ocr_page ocr_carea ocr_par ocr_line ocrx_word'/>
</head>
<body>
  <div class='ocr_page' id='page_1' title='image "./lettresdejeanxx00xxiigoog_0370.png"; bbox 0 0 4409 6017; ppageno 0'>
   <div class='ocr_carea' id='block_1_1' title="bbox 500 691 1316 761">
    <p class='ocr_par' dir='ltr' id='par_1_1' title="bbox 500 691 1316 761">
     <span class='ocr_line' id='line_1_1' title="bbox 500 691 1316 761; baseline -0.005 -1"><span class='ocrx_word' id='word_1_1' title='bbox 500 697 561 761; x_wconf 76' lang='lat'>284</span> <span class='ocrx_word' id='word_1_2' title='bbox 1035 691 1193 758; x_wconf 75' lang='lat' dir='ltr'>Troisibmc</span> <span class='ocrx_word' id='word_1_3' title='bbox 1214 691 1316 757; x_wconf 71' lang='lat' dir='ltr'>anule,</span> 
     </span>
    </p>
   </div>
   <div class='ocr_carea' id='block_1_2' title="bbox 500 841 1859 1029">
    <p class='ocr_par' dir='ltr' id='par_1_2' title="bbox 500 841 1859 1029">
     <span class='ocr_line' id='line_1_2' title="bbox 545 841 1859 930; baseline -0.003 -20"><span class='ocrx_word' id='word_1_4' title='bbox 545 846 584 910; x_wconf 92' lang='lat' dir='ltr'>ln</span> <span class='ocrx_word' id='word_1_5' title='bbox 598 869 626 912; x_wconf 91' lang='lat' dir='ltr'>e.</span> <span class='ocrx_word' id='word_1_6' title='bbox 644 864 688 912; x_wconf 89' lang='lat' dir='ltr'>m.</span> <span class='ocrx_word' id='word_1_7' title='bbox 705 845 832 912; x_wconf 87' lang='lat' dir='ltr'>cantori</span> <span class='ocrx_word' id='word_1_8' title='bbox 851 843 1131 930; x_wconf 78' lang='lat' dir='ltr'>petragoricensis</span> <span class='ocrx_word' id='word_1_9' title='bbox 1146 851 1181 908; x_wconf 91' lang='lat' dir='ltr'>et</span> <span class='ocrx_word' id='word_1_10' title='bbox 1206 841 1376 909; x_wconf 91' lang='lat' dir='ltr'>Bemardo</span> <span class='ocrx_word' id='word_1_11' title='bbox 1394 842 1626 928; x_wconf 88' lang='lat' dir='ltr'>Laquintania,</span> <span class='ocrx_word' id='word_1_12' title='bbox 1645 841 1859 921; x_wconf 86' lang='lat' dir='ltr'>Pictavensis,</span> 
     </span>
     <span class='ocr_line' id='line_1_3' title="bbox 500 946 1559 1029; baseline -0.002 -15"><span class='ocrx_word' id='word_1_13' title='bbox 500 970 539 1014; x_wconf 90' lang='lat' dir='ltr'>ac</span> <span class='ocrx_word' id='word_1_14' title='bbox 555 950 725 1015; x_wconf 76' lang='lat' dir='ltr'>Adernaro</span> <span class='ocrx_word' id='word_1_15' title='bbox 737 950 779 1015; x_wconf 92' lang='lat' dir='ltr'>de</span> <span class='ocrx_word' id='word_1_16' title='bbox 796 948 941 1029; x_wconf 82' lang='lat' dir='ltr'>VirsacO,</span> <span class='ocrx_word' id='word_1_17' title='bbox 957 946 1132 1014; x_wconf 89' lang='lat' dir='ltr'>Trecensis</span> <span class='ocrx_word' id='word_1_18' title='bbox 1148 946 1318 1013; x_wconf 89' lang='lat' dir='ltr'>canonicis</span> <span class='ocrx_word' id='word_1_19' title='bbox 1333 946 1559 1013; x_wconf 90' lang='lat' dir='ltr'>ecclesiarum.</span> 
     </span>
    </p>
   </div>
   <div class='ocr_carea' id='block_1_3' title="bbox 537 1086 1173 1148">
    <p class='ocr_par' dir='ltr' id='par_1_3' title="bbox 537 1086 1173 1148">
     <span class='ocr_line' id='line_1_4' title="bbox 537 1086 1173 1148; baseline 0 -15"><span class='ocrx_word' id='word_1_20' title='bbox 537 1086 597 1148; x_wconf 74' lang='lat' dir='ltr'>lieg.</span> <span class='ocrx_word' id='word_1_21' title='bbox 622 1088 670 1136; x_wconf 79' lang='lat' dir='ltr'>Ar.</span> <span class='ocrx_word' id='word_1_22' title='bbox 688 1089 723 1144; x_wconf 89' lang='lat' dir='ltr'>ll,</span> <span class='ocrx_word' id='word_1_23' title='bbox 738 1087 755 1134; x_wconf 84' lang='lat' dir='ltr'>t.</span> <span class='ocrx_word' id='word_1_24' title='bbox 769 1089 833 1144; x_wconf 68' lang='lat'>3023</span> <span class='ocrx_word' id='word_1_25' title='bbox 847 1086 905 1134; x_wconf 84' lang='lat' dir='ltr'>Vat.</span> <span class='ocrx_word' id='word_1_26' title='bbox 918 1088 957 1142; x_wconf 74' lang='lat' dir='ltr'>uu,</span> <span class='ocrx_word' id='word_1_27' title='bbox 970 1086 987 1133; x_wconf 83' lang='lat' dir='ltr'>i.</span> <span class='ocrx_word' id='word_1_28' title='bbox 1003 1087 1067 1144; x_wconf 72' lang='lat'>156¹,</span> <span class='ocrx_word' id='word_1_29' title='bbox 1081 1100 1107 1133; x_wconf 92' lang='lat' dir='ltr'>n.</span> <span class='ocrx_word' id='word_1_30' title='bbox 1118 1087 1173 1134; x_wconf 72' lang='lat'>477.</span> 
     </span>
    </p>
   </div>
   <div class='ocr_carea' id='block_1_4' title="bbox 546 1271 1862 1476">
    <p class='ocr_par' dir='ltr' id='par_1_4' title="bbox 546 1271 1862 1476">
     <span class='ocr_line' id='line_1_5' title="bbox 546 1271 1822 1371; baseline -0.003 -18"><span class='ocrx_word' id='word_1_31' title='bbox 546 1271 655 1353; x_wconf 87' lang='grc'>691.</span> <span class='ocrx_word' id='word_1_32' title='bbox 1510 1284 1546 1371; x_wconf 79' lang='grc' dir='ltr'>[ι</span> <span class='ocrx_word' id='word_1_33' title='bbox 1544 1283 1643 1371; x_wconf 70' lang='lat'>319],</span> <span class='ocrx_word' id='word_1_34' title='bbox 1656 1282 1700 1347; x_wconf 83' lang='lat'>26</span> <span class='ocrx_word' id='word_1_35' title='bbox 1716 1304 1822 1349; x_wconf 74' lang='lat' dir='ltr'>mars,</span> 
     </span>
     <span class='ocr_line' id='line_1_6' title="bbox 547 1387 1862 1476; baseline -0.002 -23"><span class='ocrx_word' id='word_1_36' title='bbox 547 1389 711 1476; x_wconf 90' lang='lat' dir='ltr'>Philippo,</span> <span class='ocrx_word' id='word_1_37' title='bbox 727 1391 795 1476; x_wconf 85' lang='lat' dir='ltr'>regi</span> <span class='ocrx_word' id='word_1_38' title='bbox 813 1390 961 1472; x_wconf 88' lang='lat' dir='ltr'>Francie,</span> <span class='ocrx_word' id='word_1_39' title='bbox 978 1391 1155 1456; x_wconf 91' lang='lat' dir='ltr'>mandatur</span> <span class='ocrx_word' id='word_1_40' title='bbox 1170 1400 1334 1476; x_wconf 90' lang='lat' dir='ltr'>quatenus</span> <span class='ocrx_word' id='word_1_41' title='bbox 1357 1390 1470 1454; x_wconf 88' lang='lat' dir='ltr'>oblata</span> <span class='ocrx_word' id='word_1_42' title='bbox 1485 1388 1605 1474; x_wconf 91' lang='lat' dir='ltr'>petitio</span> <span class='ocrx_word' id='word_1_43' title='bbox 1620 1409 1641 1453; x_wconf 91' lang='lat' dir='ltr'>a</span> <span class='ocrx_word' id='word_1_44' title='bbox 1656 1387 1785 1452; x_wconf 91' lang='lat' dir='ltr'>nuntiis</span> <span class='ocrx_word' id='word_1_45' title='bbox 1800 1387 1862 1453; x_wconf 91' lang='lat' dir='ltr'>suis</span> 
     </span>
    </p>
   </div>
   <div class='ocr_carea' id='block_1_5' title="bbox 502 1490 1861 1784">
    <p class='ocr_par' dir='ltr' id='par_1_5' title="bbox 502 1490 1861 1784">
     <span class='ocr_line' id='line_1_7' title="bbox 503 1490 1861 1579; baseline -0.003 -20"><span class='ocrx_word' id='word_1_46' title='bbox 503 1514 601 1578; x_wconf 91' lang='lat' dir='ltr'>super</span> <span class='ocrx_word' id='word_1_47' title='bbox 627 1493 836 1579; x_wconf 87' lang='lat' dir='ltr'>processibus</span> <span class='ocrx_word' id='word_1_48' title='bbox 862 1504 979 1560; x_wconf 92' lang='lat' dir='ltr'>contra</span> <span class='ocrx_word' id='word_1_49' title='bbox 1007 1493 1228 1561; x_wconf 89' lang='lat' dir='ltr'>Flandrenses</span> <span class='ocrx_word' id='word_1_50' title='bbox 1258 1492 1421 1559; x_wconf 88' lang='lat' dir='ltr'>habendis</span> <span class='ocrx_word' id='word_1_51' title='bbox 1452 1492 1598 1558; x_wconf 88' lang='lat' dir='ltr'>exaudiri</span> <span class='ocrx_word' id='word_1_52' title='bbox 1628 1512 1698 1557; x_wconf 95' lang='lat' dir='ltr'>non</span> <span class='ocrx_word' id='word_1_53' title='bbox 1729 1490 1861 1577; x_wconf 89' lang='lat' dir='ltr'>potuit;</span> 
     </span>
     <span class='ocr_line' id='line_1_8' title="bbox 502 1594 1861 1664; baseline -0.003 -2"><span class='ocrx_word' id='word_1_54' title='bbox 502 1596 611 1662; x_wconf 91' lang='lat' dir='ltr'>dictus</span> <span class='ocrx_word' id='word_1_55' title='bbox 626 1618 683 1661; x_wconf 88' lang='lat' dir='ltr'>rex</span> <span class='ocrx_word' id='word_1_56' title='bbox 699 1597 741 1663; x_wconf 92' lang='lat' dir='ltr'>de</span> <span class='ocrx_word' id='word_1_57' title='bbox 756 1597 914 1663; x_wconf 85' lang='lat' dir='ltr'>missione</span> <span class='ocrx_word' id='word_1_58' title='bbox 934 1597 1107 1664; x_wconf 90' lang='lat' dir='ltr'>Gaucelmi</span> <span class='ocrx_word' id='word_1_59' title='bbox 1130 1597 1305 1664; x_wconf 89' lang='lat' dir='ltr'>cardinalis</span> <span class='ocrx_word' id='word_1_60' title='bbox 1328 1596 1450 1664; x_wconf 85' lang='lat' dir='ltr'>certior</span> <span class='ocrx_word' id='word_1_61' title='bbox 1471 1597 1508 1661; x_wconf 90' lang='lat' dir='ltr'>fit</span> <span class='ocrx_word' id='word_1_62' title='bbox 1529 1603 1564 1660; x_wconf 93' lang='lat' dir='ltr'>et</span> <span class='ocrx_word' id='word_1_63' title='bbox 1584 1594 1627 1662; x_wconf 89' lang='lat' dir='ltr'>ad</span> <span class='ocrx_word' id='word_1_64' title='bbox 1648 1594 1861 1662; x_wconf 89' lang='lat' dir='ltr'>clementiam</span> 
     </span>
     <span class='ocr_line' id='line_1_9' title="bbox 503 1700 1212 1784; baseline 0.006 -20"><span class='ocrx_word' id='word_1_65' title='bbox 503 1719 580 1784; x_wconf 88' lang='lat' dir='ltr'>erga</span> <span class='ocrx_word' id='word_1_66' title='bbox 596 1700 756 1766; x_wconf 91' lang='lat' dir='ltr'>comitem</span> <span class='ocrx_word' id='word_1_67' title='bbox 773 1700 1018 1767; x_wconf 84' lang='lat' dir='ltr'>Nivemensem</span> <span class='ocrx_word' id='word_1_68' title='bbox 1035 1701 1212 1768; x_wconf 85' lang='lat' dir='ltr'>inducitur.</span> 
     </span>
    </p>
   </div>
   <div class='ocr_carea' id='block_1_6' title="bbox 495 1885 1866 4771">
    <p class='ocr_par' dir='ltr' id='par_1_6' title="bbox 495 1885 1866 4771">
     <span class='ocr_line' id='line_1_10' title="bbox 546 1885 1862 1976; baseline -0.002 -25"><span class='ocrx_word' id='word_1_69' title='bbox 546 1914 562 1951; x_wconf 75' lang='lat' dir='ltr'>u.</span> <span class='ocrx_word' id='word_1_70' title='bbox 580 1888 758 1955; x_wconf 86' lang='lat' dir='ltr'>Carissimo</span> <span class='ocrx_word' id='word_1_71' title='bbox 774 1890 806 1954; x_wconf 95' lang='lat' dir='ltr'>in</span> <span class='ocrx_word' id='word_1_72' title='bbox 824 1889 957 1956; x_wconf 90' lang='lat' dir='ltr'>Christo</span> <span class='ocrx_word' id='word_1_73' title='bbox 980 1890 1048 1955; x_wconf 89' lang='lat' dir='ltr'>lilio</span> <span class='ocrx_word' id='word_1_74' title='bbox 1071 1890 1236 1976; x_wconf 86' lang='lat' dir='ltr'>Philippo,</span> <span class='ocrx_word' id='word_1_75' title='bbox 1252 1890 1318 1974; x_wconf 87' lang='lat' dir='ltr'>regi</span> <span class='ocrx_word' id='word_1_76' title='bbox 1348 1887 1489 1954; x_wconf 88' lang='lat' dir='ltr'>Francie</span> <span class='ocrx_word' id='word_1_77' title='bbox 1513 1895 1548 1952; x_wconf 91' lang='lat' dir='ltr'>et</span> <span class='ocrx_word' id='word_1_78' title='bbox 1564 1886 1718 1952; x_wconf 89' lang='lat' dir='ltr'>Navarre</span> <span class='ocrx_word' id='word_1_79' title='bbox 1735 1885 1862 1950; x_wconf 85' lang='lat' dir='ltr'>illustri.</span> 
     </span>
     <span class='ocr_line' id='line_1_11' title="bbox 502 1988 1863 2079; baseline -0.003 -24"><span class='ocrx_word' id='word_1_80' title='bbox 502 1991 633 2056; x_wconf 92' lang='lat' dir='ltr'>Pridem</span> <span class='ocrx_word' id='word_1_81' title='bbox 657 1993 857 2059; x_wconf 86' lang='lat' dir='ltr'>venerabilis</span> <span class='ocrx_word' id='word_1_82' title='bbox 881 1994 980 2058; x_wconf 88' lang='lat' dir='ltr'>frater</span> <span class='ocrx_word' id='word_1_83' title='bbox 1014 2000 1164 2059; x_wconf 90' lang='lat' dir='ltr'>noster..</span> <span class='ocrx_word' id='word_1_84' title='bbox 1189 1994 1365 2079; x_wconf 89' lang='lat' dir='ltr'>episcopus</span> <span class='ocrx_word' id='word_1_85' title='bbox 1391 1990 1575 2056; x_wconf 88' lang='lat' dir='ltr'>Meldensis</span> <span class='ocrx_word' id='word_1_86' title='bbox 1599 1998 1635 2055; x_wconf 91' lang='lat' dir='ltr'>et</span> <span class='ocrx_word' id='word_1_87' title='bbox 1659 1988 1776 2055; x_wconf 88' lang='lat' dir='ltr'>dilecti</span> <span class='ocrx_word' id='word_1_88' title='bbox 1808 1988 1863 2052; x_wconf 87' lang='lat' dir='ltr'>filii</span> 
     </span>
     <span class='ocr_line' id='line_1_12' title="bbox 500 2091 1864 2183; baseline -0.003 -24"><span class='ocrx_word' id='word_1_89' title='bbox 500 2094 682 2175; x_wconf 88' lang='lat' dir='ltr'>Johannes,</span> <span class='ocrx_word' id='word_1_90' title='bbox 700 2096 917 2179; x_wconf 65' lang='lat' dir='ltr'>Ficariensis,</span> <span class='ocrx_word' id='word_1_91' title='bbox 933 2106 967 2163; x_wconf 92' lang='lat' dir='ltr'>et</span> <span class='ocrx_word' id='word_1_92' title='bbox 983 2098 1112 2183; x_wconf 80' lang='lat' dir='ltr'>Symon</span> <span class='ocrx_word' id='word_1_93' title='bbox 1133 2098 1175 2163; x_wconf 92' lang='lat' dir='ltr'>de</span> <span class='ocrx_word' id='word_1_94' title='bbox 1190 2097 1367 2176; x_wconf 73' lang='lat' dir='ltr'>Archiaco,</span> <span class='ocrx_word' id='word_1_95' title='bbox 1378 2093 1627 2160; x_wconf 73' lang='lat' dir='ltr'>xanctonensis</span> <span class='ocrx_word' id='word_1_96' title='bbox 1648 2091 1864 2159; x_wconf 87' lang='lat' dir='ltr'>ecclesiarum</span> 
     </span>
     <span class='ocr_line' id='line_1_13' title="bbox 500 2196 1865 2283; baseline -0.005 -18"><span class='ocrx_word' id='word_1_97' title='bbox 500 2199 628 2279; x_wconf 88' lang='lat' dir='ltr'>decani,</span> <span class='ocrx_word' id='word_1_98' title='bbox 644 2220 684 2265; x_wconf 86' lang='lat' dir='ltr'>ac</span> <span class='ocrx_word' id='word_1_99' title='bbox 700 2200 820 2265; x_wconf 88' lang='lat' dir='ltr'>nobilis</span> <span class='ocrx_word' id='word_1_100' title='bbox 835 2201 885 2265; x_wconf 80' lang='lat' dir='ltr'>vir</span> <span class='ocrx_word' id='word_1_101' title='bbox 902 2201 1079 2283; x_wconf 77' lang='lat' dir='ltr'>HenricuS,</span> <span class='ocrx_word' id='word_1_102' title='bbox 1096 2202 1252 2268; x_wconf 90' lang='lat' dir='ltr'>dominus</span> <span class='ocrx_word' id='word_1_103' title='bbox 1267 2202 1309 2267; x_wconf 88' lang='lat' dir='ltr'>de</span> <span class='ocrx_word' id='word_1_104' title='bbox 1325 2200 1468 2280; x_wconf 82' lang='lat' dir='ltr'>SoliacO,</span> <span class='ocrx_word' id='word_1_105' title='bbox 1485 2196 1691 2264; x_wconf 90' lang='lat' dir='ltr'>celsitudinis</span> <span class='ocrx_word' id='word_1_106' title='bbox 1707 2203 1767 2261; x_wconf 92' lang='lat' dir='ltr'>tue</span> <span class='ocrx_word' id='word_1_107' title='bbox 1783 2214 1865 2259; x_wconf 92' lang='lat' dir='ltr'>nun·</span> 
     </span>
     <span class='ocr_line' id='line_1_14' title="bbox 500 2297 1866 2391; baseline -0.004 -24"><span class='ocrx_word' id='word_1_108' title='bbox 500 2302 547 2382; x_wconf 91' lang='lat' dir='ltr'>tii,</span> <span class='ocrx_word' id='word_1_109' title='bbox 563 2303 606 2368; x_wconf 88' lang='lat' dir='ltr'>ad</span> <span class='ocrx_word' id='word_1_110' title='bbox 622 2312 770 2369; x_wconf 90' lang='lat' dir='ltr'>nostram</span> <span class='ocrx_word' id='word_1_111' title='bbox 786 2306 987 2390; x_wconf 88' lang='lat' dir='ltr'>presentiam</span> <span class='ocrx_word' id='word_1_112' title='bbox 1003 2306 1213 2386; x_wconf 90' lang='lat' dir='ltr'>accedentes,</span> <span class='ocrx_word' id='word_1_113' title='bbox 1223 2325 1322 2391; x_wconf 91' lang='lat' dir='ltr'>super</span> <span class='ocrx_word' id='word_1_114' title='bbox 1331 2304 1540 2391; x_wconf 91' lang='lat' dir='ltr'>processibus</span> <span class='ocrx_word' id='word_1_115' title='bbox 1552 2309 1668 2368; x_wconf 86' lang='lat' dir='ltr'>contra</span> <span class='ocrx_word' id='word_1_116' title='bbox 1678 2297 1866 2365; x_wconf 87' lang='lat' dir='ltr'>Flandren·</span> 
     </span>
     <span class='ocr_line' id='line_1_15' title="bbox 500 2403 1865 2495; baseline -0.004 -25"><span class='ocrx_word' id='word_1_117' title='bbox 500 2428 552 2471; x_wconf 88' lang='lat' dir='ltr'>ses</span> <span class='ocrx_word' id='word_1_118' title='bbox 568 2407 729 2473; x_wconf 87' lang='lat' dir='ltr'>habendis</span> <span class='ocrx_word' id='word_1_119' title='bbox 745 2409 911 2492; x_wconf 90' lang='lat' dir='ltr'>quandam</span> <span class='ocrx_word' id='word_1_120' title='bbox 927 2409 1127 2495; x_wconf 87' lang='lat' dir='ltr'>petitionem</span> <span class='ocrx_word' id='word_1_121' title='bbox 1141 2410 1247 2490; x_wconf 92' lang='lat' dir='ltr'>nobis,</span> <span class='ocrx_word' id='word_1_122' title='bbox 1258 2410 1337 2475; x_wconf 91' lang='lat' dir='ltr'>licet</span> <span class='ocrx_word' id='word_1_123' title='bbox 1348 2429 1417 2474; x_wconf 91' lang='lat' dir='ltr'>non</span> <span class='ocrx_word' id='word_1_124' title='bbox 1430 2416 1489 2473; x_wconf 91' lang='lat' dir='ltr'>tuo</span> <span class='ocrx_word' id='word_1_125' title='bbox 1498 2406 1645 2485; x_wconf 92' lang='lat' dir='ltr'>nomine,</span> <span class='ocrx_word' id='word_1_126' title='bbox 1659 2403 1865 2482; x_wconf 89' lang='lat' dir='ltr'>obtulerunt,</span> 
     </span>
     <span class='ocr_line' id='line_1_16' title="bbox 500 2504 1866 2595; baseline -0.004 -21"><span class='ocrx_word' id='word_1_127' title='bbox 500 2530 598 2595; x_wconf 88' lang='lat' dir='ltr'>super</span> <span class='ocrx_word' id='word_1_128' title='bbox 614 2532 678 2595; x_wconf 87' lang='lat' dir='ltr'>qua</span> <span class='ocrx_word' id='word_1_129' title='bbox 689 2519 759 2576; x_wconf 91' lang='lat' dir='ltr'>tam</span> <span class='ocrx_word' id='word_1_130' title='bbox 775 2532 852 2577; x_wconf 89' lang='lat' dir='ltr'>cum</span> <span class='ocrx_word' id='word_1_131' title='bbox 867 2513 1037 2579; x_wconf 91' lang='lat' dir='ltr'>nonnullis</span> <span class='ocrx_word' id='word_1_132' title='bbox 1052 2535 1094 2578; x_wconf 88' lang='lat' dir='ltr'>ex</span> <span class='ocrx_word' id='word_1_133' title='bbox 1110 2514 1263 2579; x_wconf 87' lang='lat' dir='ltr'>fratribus</span> <span class='ocrx_word' id='word_1_134' title='bbox 1278 2512 1401 2579; x_wconf 88' lang='lat' dir='ltr'>nostris</span> <span class='ocrx_word' id='word_1_135' title='bbox 1411 2512 1533 2577; x_wconf 88' lang='lat' dir='ltr'>Sancte</span> <span class='ocrx_word' id='word_1_136' title='bbox 1545 2509 1700 2574; x_wconf 88' lang='lat' dir='ltr'>Romane</span> <span class='ocrx_word' id='word_1_137' title='bbox 1715 2504 1866 2572; x_wconf 88' lang='lat' dir='ltr'>Ecclesie</span> 
     </span>
     <span class='ocr_line' id='line_1_17' title="bbox 500 2614 1865 2701; baseline -0.006 -21"><span class='ocrx_word' id='word_1_138' title='bbox 500 2615 730 2696; x_wconf 87' lang='lat' dir='ltr'>cardinalibus,</span> <span class='ocrx_word' id='word_1_139' title='bbox 752 2637 835 2700; x_wconf 91' lang='lat' dir='ltr'>quos</span> <span class='ocrx_word' id='word_1_140' title='bbox 856 2617 956 2682; x_wconf 90' lang='lat' dir='ltr'>iidem</span> <span class='ocrx_word' id='word_1_141' title='bbox 972 2618 1079 2683; x_wconf 92' lang='lat' dir='ltr'>nuntii</span> <span class='ocrx_word' id='word_1_142' title='bbox 1096 2616 1295 2683; x_wconf 89' lang='lat' dir='ltr'>nominatim</span> <span class='ocrx_word' id='word_1_143' title='bbox 1311 2625 1347 2682; x_wconf 88' lang='lat' dir='ltr'>et</span> <span class='ocrx_word' id='word_1_144' title='bbox 1362 2615 1548 2701; x_wconf 90' lang='lat' dir='ltr'>specialiter</span> <span class='ocrx_word' id='word_1_145' title='bbox 1563 2614 1747 2697; x_wconf 87' lang='lat' dir='ltr'>elegerunt,</span> <span class='ocrx_word' id='word_1_146' title='bbox 1762 2628 1865 2693; x_wconf 84' lang='lat' dir='ltr'>quarn</span> 
     </span>
     <span class='ocr_line' id='line_1_18' title="bbox 500 2711 1865 2806; baseline -0.006 -23"><span class='ocrx_word' id='word_1_147' title='bbox 500 2738 576 2783; x_wconf 83' lang='lat' dir='ltr'>cuin</span> <span class='ocrx_word' id='word_1_148' title='bbox 597 2717 723 2783; x_wconf 90' lang='lat' dir='ltr'>eisdem</span> <span class='ocrx_word' id='word_1_149' title='bbox 738 2719 864 2784; x_wconf 92' lang='lat' dir='ltr'>nuntiis</span> <span class='ocrx_word' id='word_1_150' title='bbox 879 2720 1026 2804; x_wconf 91' lang='lat' dir='ltr'>pluribus</span> <span class='ocrx_word' id='word_1_151' title='bbox 1047 2721 1282 2786; x_wconf 85' lang='lat' dir='ltr'>collationibus</span> <span class='ocrx_word' id='word_1_152' title='bbox 1308 2718 1498 2806; x_wconf 89' lang='lat' dir='ltr'>prehabitis,</span> <span class='ocrx_word' id='word_1_153' title='bbox 1514 2725 1550 2782; x_wconf 91' lang='lat' dir='ltr'>et</span> <span class='ocrx_word' id='word_1_154' title='bbox 1572 2713 1695 2780; x_wconf 90' lang='lat' dir='ltr'>auditis</span> <span class='ocrx_word' id='word_1_155' title='bbox 1717 2711 1865 2796; x_wconf 89' lang='lat' dir='ltr'>hiisque</span> 
     </span>
     <span class='ocr_line' id='line_1_19' title="bbox 500 2816 1864 2908; baseline -0.004 -24"><span class='ocrx_word' id='word_1_156' title='bbox 500 2821 599 2886; x_wconf 92' lang='lat' dir='ltr'>iidem</span> <span class='ocrx_word' id='word_1_157' title='bbox 624 2821 731 2886; x_wconf 92' lang='lat' dir='ltr'>nuntii</span> <span class='ocrx_word' id='word_1_158' title='bbox 747 2842 934 2908; x_wconf 89' lang='lat' dir='ltr'>proponere</span> <span class='ocrx_word' id='word_1_159' title='bbox 959 2824 1147 2904; x_wconf 87' lang='lat' dir='ltr'>voluerunt,</span> <span class='ocrx_word' id='word_1_160' title='bbox 1163 2824 1300 2889; x_wconf 86' lang='lat' dir='ltr'>tandein</span> <span class='ocrx_word' id='word_1_161' title='bbox 1322 2824 1429 2888; x_wconf 82' lang='lat' dir='ltr'>visum</span> <span class='ocrx_word' id='word_1_162' title='bbox 1454 2830 1506 2888; x_wconf 92' lang='lat' dir='ltr'>est</span> <span class='ocrx_word' id='word_1_163' title='bbox 1527 2819 1622 2886; x_wconf 91' lang='lat' dir='ltr'>nobis</span> <span class='ocrx_word' id='word_1_164' title='bbox 1637 2826 1674 2883; x_wconf 90' lang='lat' dir='ltr'>et</span> <span class='ocrx_word' id='word_1_165' title='bbox 1688 2816 1864 2883; x_wconf 86' lang='lat' dir='ltr'>cardinali-</span> 
     </span>
     <span class='ocr_line' id='line_1_20' title="bbox 499 2919 1866 3013; baseline -0.004 -25"><span class='ocrx_word' id='word_1_166' title='bbox 499 2928 561 2989; x_wconf 90' lang='lat' dir='ltr'>bus</span> <span class='ocrx_word' id='word_1_167' title='bbox 576 2923 754 2990; x_wconf 90' lang='lat' dir='ltr'>antedictis</span> <span class='ocrx_word' id='word_1_168' title='bbox 770 2925 861 3009; x_wconf 90' lang='lat' dir='ltr'>quod</span> <span class='ocrx_word' id='word_1_169' title='bbox 875 2926 964 2992; x_wconf 88' lang='lat' dir='ltr'>dicta</span> <span class='ocrx_word' id='word_1_170' title='bbox 980 2927 1099 3013; x_wconf 93' lang='lat' dir='ltr'>petitio</span> <span class='ocrx_word' id='word_1_171' title='bbox 1126 2931 1250 3013; x_wconf 89' lang='lat' dir='ltr'>absque</span> <span class='ocrx_word' id='word_1_172' title='bbox 1274 2927 1458 2992; x_wconf 91' lang='lat' dir='ltr'>offensione</span> <span class='ocrx_word' id='word_1_173' title='bbox 1471 2923 1600 3011; x_wconf 87' lang='lat' dir='ltr'>justitie</span> <span class='ocrx_word' id='word_1_174' title='bbox 1619 2929 1654 2986; x_wconf 91' lang='lat' dir='ltr'>et</span> <span class='ocrx_word' id='word_1_175' title='bbox 1670 2919 1866 2985; x_wconf 86' lang='lat' dir='ltr'>indecentia</span> 
     </span>
     <span class='ocr_line' id='line_1_21' title="bbox 502 3026 1865 3114; baseline -0.002 -23"><span class='ocrx_word' id='word_1_176' title='bbox 502 3026 651 3092; x_wconf 85' lang='lat' dir='ltr'>Ecclesie</span> <span class='ocrx_word' id='word_1_177' title='bbox 667 3049 726 3112; x_wconf 88' lang='lat' dir='ltr'>per</span> <span class='ocrx_word' id='word_1_178' title='bbox 751 3049 813 3093; x_wconf 92' lang='lat' dir='ltr'>nos</span> <span class='ocrx_word' id='word_1_179' title='bbox 839 3049 906 3093; x_wconf 93' lang='lat' dir='ltr'>non</span> <span class='ocrx_word' id='word_1_180' title='bbox 930 3038 1064 3114; x_wconf 89' lang='lat' dir='ltr'>poterat</span> <span class='ocrx_word' id='word_1_181' title='bbox 1079 3031 1237 3096; x_wconf 88' lang='lat' dir='ltr'>exaudiri.</span> <span class='ocrx_word' id='word_1_182' title='bbox 1260 3031 1333 3097; x_wconf 84' lang='lat' dir='ltr'>Nos</span> <span class='ocrx_word' id='word_1_183' title='bbox 1349 3039 1463 3096; x_wconf 88' lang='lat' dir='ltr'>tamen</span> <span class='ocrx_word' id='word_1_184' title='bbox 1479 3027 1533 3113; x_wconf 92' lang='lat' dir='ltr'>qui</span> <span class='ocrx_word' id='word_1_185' title='bbox 1549 3035 1646 3092; x_wconf 92' lang='lat' dir='ltr'>tuum</span> <span class='ocrx_word' id='word_1_186' title='bbox 1661 3033 1865 3109; x_wconf 90' lang='lat' dir='ltr'>tuorumque</span> 
     </span>
     <span class='ocr_line' id='line_1_22' title="bbox 499 3128 1865 3220; baseline -0.002 -26"><span class='ocrx_word' id='word_1_187' title='bbox 499 3150 676 3213; x_wconf 71' lang='lat' dir='ltr'>regnorum</span> <span class='ocrx_word' id='word_1_188' title='bbox 692 3132 837 3197; x_wconf 83' lang='lat' dir='ltr'>zelamus</span> <span class='ocrx_word' id='word_1_189' title='bbox 852 3132 1015 3197; x_wconf 91' lang='lat' dir='ltr'>honorem</span> <span class='ocrx_word' id='word_1_190' title='bbox 1043 3142 1077 3199; x_wconf 91' lang='lat' dir='ltr'>et</span> <span class='ocrx_word' id='word_1_191' title='bbox 1098 3142 1224 3199; x_wconf 89' lang='lat' dir='ltr'>statum</span> <span class='ocrx_word' id='word_1_192' title='bbox 1247 3154 1454 3220; x_wconf 89' lang='lat' dir='ltr'>prosperum,</span> <span class='ocrx_word' id='word_1_193' title='bbox 1470 3131 1513 3198; x_wconf 90' lang='lat' dir='ltr'>ad</span> <span class='ocrx_word' id='word_1_194' title='bbox 1527 3131 1592 3197; x_wconf 90' lang='lat' dir='ltr'>alia</span> <span class='ocrx_word' id='word_1_195' title='bbox 1607 3128 1755 3195; x_wconf 84' lang='lat' dir='ltr'>remedia</span> <span class='ocrx_word' id='word_1_196' title='bbox 1771 3128 1865 3194; x_wconf 87' lang='lat' dir='ltr'>adbi-</span> 
     </span>
     <span class='ocr_line' id='line_1_23' title="bbox 499 3233 1864 3321; baseline -0.001 -24"><span class='ocrx_word' id='word_1_197' title='bbox 499 3234 608 3298; x_wconf 88' lang='lat' dir='ltr'>benda</span> <span class='ocrx_word' id='word_1_198' title='bbox 623 3255 721 3319; x_wconf 92' lang='lat' dir='ltr'>super</span> <span class='ocrx_word' id='word_1_199' title='bbox 737 3235 814 3319; x_wconf 90' lang='lat' dir='ltr'>ipsis</span> <span class='ocrx_word' id='word_1_200' title='bbox 830 3238 1038 3321; x_wconf 87' lang='lat' dir='ltr'>processibus</span> <span class='ocrx_word' id='word_1_201' title='bbox 1062 3239 1273 3304; x_wconf 87' lang='lat' dir='ltr'>concutimus</span> <span class='ocrx_word' id='word_1_202' title='bbox 1297 3237 1403 3303; x_wconf 91' lang='lat' dir='ltr'>aciem</span> <span class='ocrx_word' id='word_1_203' title='bbox 1428 3233 1550 3299; x_wconf 89' lang='lat' dir='ltr'>mentis</span> <span class='ocrx_word' id='word_1_204' title='bbox 1565 3241 1690 3312; x_wconf 91' lang='lat' dir='ltr'>nostre,</span> <span class='ocrx_word' id='word_1_205' title='bbox 1706 3254 1774 3318; x_wconf 90' lang='lat' dir='ltr'>que</span> <span class='ocrx_word' id='word_1_206' title='bbox 1790 3254 1864 3319; x_wconf 93' lang='lat' dir='ltr'>pro·</span> 
     </span>
     <span class='ocr_line' id='line_1_24' title="bbox 500 3337 1865 3424; baseline -0.001 -23"><span class='ocrx_word' id='word_1_207' title='bbox 500 3337 589 3402; x_wconf 82' lang='lat' dir='ltr'>fecto</span> <span class='ocrx_word' id='word_1_208' title='bbox 605 3359 672 3402; x_wconf 91' lang='lat' dir='ltr'>non</span> <span class='ocrx_word' id='word_1_209' title='bbox 689 3339 798 3403; x_wconf 85' lang='lat' dir='ltr'>minus</span> <span class='ocrx_word' id='word_1_210' title='bbox 813 3339 949 3422; x_wconf 84' lang='lat' dir='ltr'>agendis</span> <span class='ocrx_word' id='word_1_211' title='bbox 965 3361 1029 3424; x_wconf 94' lang='lat' dir='ltr'>que</span> <span class='ocrx_word' id='word_1_212' title='bbox 1046 3341 1223 3407; x_wconf 91' lang='lat' dir='ltr'>imminent</span> <span class='ocrx_word' id='word_1_213' title='bbox 1234 3339 1495 3406; x_wconf 83' lang='lat' dir='ltr'>nobisvidentur</span> <span class='ocrx_word' id='word_1_214' title='bbox 1505 3344 1539 3402; x_wconf 92' lang='lat' dir='ltr'>et</span> <span class='ocrx_word' id='word_1_215' title='bbox 1552 3337 1629 3422; x_wconf 91' lang='lat' dir='ltr'>ipsis</span> <span class='ocrx_word' id='word_1_216' title='bbox 1642 3337 1865 3403; x_wconf 88' lang='lat' dir='ltr'>cardinalibus</span> 
     </span>
     <span class='ocr_line' id='line_1_25' title="bbox 499 3440 1865 3529; baseline 0 -25"><span class='ocrx_word' id='word_1_217' title='bbox 499 3442 665 3527; x_wconf 87' lang='lat' dir='ltr'>expedire,</span> <span class='ocrx_word' id='word_1_218' title='bbox 693 3453 727 3508; x_wconf 93' lang='lat' dir='ltr'>et</span> <span class='ocrx_word' id='word_1_219' title='bbox 758 3443 828 3507; x_wconf 89' lang='lat' dir='ltr'>sine</span> <span class='ocrx_word' id='word_1_220' title='bbox 860 3451 972 3508; x_wconf 89' lang='lat' dir='ltr'>nostra</span> <span class='ocrx_word' id='word_1_221' title='bbox 1002 3454 1036 3508; x_wconf 91' lang='lat' dir='ltr'>et</span> <span class='ocrx_word' id='word_1_222' title='bbox 1063 3445 1210 3529; x_wconf 90' lang='lat' dir='ltr'>ejusdem</span> <span class='ocrx_word' id='word_1_223' title='bbox 1234 3445 1383 3510; x_wconf 84' lang='lat' dir='ltr'>Ecclesie</span> <span class='ocrx_word' id='word_1_224' title='bbox 1411 3441 1600 3508; x_wconf 87' lang='lat' dir='ltr'>indecentia</span> <span class='ocrx_word' id='word_1_225' title='bbox 1625 3449 1659 3506; x_wconf 92' lang='lat' dir='ltr'>et</span> <span class='ocrx_word' id='word_1_226' title='bbox 1675 3440 1865 3506; x_wconf 89' lang='lat' dir='ltr'>offensione</span> 
     </span>
     <span class='ocr_line' id='line_1_26' title="bbox 495 3543 1864 3634; baseline -0.001 -25"><span class='ocrx_word' id='word_1_227' title='bbox 495 3546 623 3628; x_wconf 86' lang='lat' dir='ltr'>justitio</span> <span class='ocrx_word' id='word_1_228' title='bbox 639 3548 725 3612; x_wconf 89' lang='lat' dir='ltr'>circa</span> <span class='ocrx_word' id='word_1_229' title='bbox 741 3546 796 3610; x_wconf 87' lang='lat' dir='ltr'>illa</span> <span class='ocrx_word' id='word_1_230' title='bbox 812 3555 951 3631; x_wconf 90' lang='lat' dir='ltr'>possunt</span> <span class='ocrx_word' id='word_1_231' title='bbox 967 3568 1025 3631; x_wconf 85' lang='lat' dir='ltr'>per</span> <span class='ocrx_word' id='word_1_232' title='bbox 1040 3559 1053 3581; x_wconf 72' lang='lat'>‘²</span> <span class='ocrx_word' id='word_1_233' title='bbox 1068 3548 1243 3633; x_wconf 89' lang='lat' dir='ltr'>apostolici</span> <span class='ocrx_word' id='word_1_234' title='bbox 1271 3556 1381 3634; x_wconf 89' lang='lat' dir='ltr'>partes</span> <span class='ocrx_word' id='word_1_235' title='bbox 1404 3545 1504 3612; x_wconf 82' lang='lat' dir='ltr'>officii</span> <span class='ocrx_word' id='word_1_236' title='bbox 1521 3545 1668 3611; x_wconf 89' lang='lat' dir='ltr'>adhiberi</span> <span class='ocrx_word' id='word_1_237' title='bbox 1683 3567 1691 3623; x_wconf 89' lang='lat'>;</span> <span class='ocrx_word' id='word_1_238' title='bbox 1710 3543 1864 3609; x_wconf 88' lang='lat' dir='ltr'>ordinata</span> 
     </span>
     <span class='ocr_line' id='line_1_27' title="bbox 500 3647 1862 3735; baseline 0.001 -24"><span class='ocrx_word' id='word_1_239' title='bbox 500 3649 596 3730; x_wconf 75' lang='lat' dir='ltr'>igitur</span> <span class='ocrx_word' id='word_1_240' title='bbox 626 3670 724 3735; x_wconf 92' lang='lat' dir='ltr'>super</span> <span class='ocrx_word' id='word_1_241' title='bbox 750 3650 811 3714; x_wconf 87' lang='lat' dir='ltr'>illis</span> <span class='ocrx_word' id='word_1_242' title='bbox 836 3650 878 3714; x_wconf 88' lang='lat' dir='ltr'>de</span> <span class='ocrx_word' id='word_1_243' title='bbox 904 3651 1215 3735; x_wconf 90' lang='lat' dir='ltr'>prenominatorum</span> <span class='ocrx_word' id='word_1_244' title='bbox 1240 3652 1379 3717; x_wconf 92' lang='lat' dir='ltr'>consilio</span> <span class='ocrx_word' id='word_1_245' title='bbox 1404 3673 1469 3735; x_wconf 89' lang='lat' dir='ltr'>que</span> <span class='ocrx_word' id='word_1_246' title='bbox 1489 3649 1634 3715; x_wconf 82' lang='lat' dir='ltr'>vidimus</span> <span class='ocrx_word' id='word_1_247' title='bbox 1665 3647 1862 3724; x_wconf 89' lang='lat' dir='ltr'>ordinanda,</span> 
     </span>
     <span class='ocr_line' id='line_1_28' title="bbox 499 3753 1862 3838; baseline 0 -22"><span class='ocrx_word' id='word_1_248' title='bbox 499 3754 541 3817; x_wconf 88' lang='lat' dir='ltr'>ad</span> <span class='ocrx_word' id='word_1_249' title='bbox 571 3754 839 3838; x_wconf 88' lang='lat' dir='ltr'>prosecutionem</span> <span class='ocrx_word' id='word_1_250' title='bbox 878 3761 912 3817; x_wconf 91' lang='lat' dir='ltr'>et</span> <span class='ocrx_word' id='word_1_251' title='bbox 950 3755 1184 3819; x_wconf 88' lang='lat' dir='ltr'>executionem</span> <span class='ocrx_word' id='word_1_252' title='bbox 1220 3776 1335 3820; x_wconf 89' lang='lat' dir='ltr'>eorum</span> <span class='ocrx_word' id='word_1_253' title='bbox 1376 3755 1536 3820; x_wconf 88' lang='lat' dir='ltr'>dilectum</span> <span class='ocrx_word' id='word_1_254' title='bbox 1574 3753 1678 3817; x_wconf 90' lang='lat' dir='ltr'>lilium</span> <span class='ocrx_word' id='word_1_255' title='bbox 1708 3761 1862 3818; x_wconf 90' lang='lat' dir='ltr'>nostrum</span> 
     </span>
     <span class='ocr_line' id='line_1_29' title="bbox 500 3855 1862 3943; baseline 0.003 -24"><span class='ocrx_word' id='word_1_256' title='bbox 500 3856 833 3936; x_wconf 79' lang='lat' dir='ltr'>(iancelmurn,tituli</span> <span class='ocrx_word' id='word_1_257' title='bbox 850 3856 1047 3922; x_wconf 86' lang='lat' dir='ltr'>Sanctorum</span> <span class='ocrx_word' id='word_1_258' title='bbox 1065 3855 1250 3922; x_wconf 86' lang='lat' dir='ltr'>Marcellini</span> <span class='ocrx_word' id='word_1_259' title='bbox 1264 3867 1298 3924; x_wconf 91' lang='lat' dir='ltr'>et</span> <span class='ocrx_word' id='word_1_260' title='bbox 1312 3858 1400 3923; x_wconf 90' lang='lat' dir='ltr'>Petri</span> <span class='ocrx_word' id='word_1_261' title='bbox 1411 3857 1629 3943; x_wconf 89' lang='lat' dir='ltr'>presbiterum</span> <span class='ocrx_word' id='word_1_262' title='bbox 1646 3856 1862 3938; x_wconf 86' lang='lat' dir='ltr'>cardinalem,</span> 
     </span>
     <span class='ocr_line' id='line_1_30' title="bbox 499 3958 1862 4046; baseline 0.004 -25"><span class='ocrx_word' id='word_1_263' title='bbox 499 3960 604 4023; x_wconf 88' lang='lat' dir='ltr'>virum</span> <span class='ocrx_word' id='word_1_264' title='bbox 621 3960 736 4043; x_wconf 87' lang='lat' dir='ltr'>utique</span> <span class='ocrx_word' id='word_1_265' title='bbox 752 3958 917 4024; x_wconf 90' lang='lat' dir='ltr'>laudande</span> <span class='ocrx_word' id='word_1_266' title='bbox 932 3959 1073 4039; x_wconf 79' lang='lat' dir='ltr'>virtutis,</span> <span class='ocrx_word' id='word_1_267' title='bbox 1089 3960 1229 4026; x_wconf 88' lang='lat' dir='ltr'>scientia</span> <span class='ocrx_word' id='word_1_268' title='bbox 1251 3970 1286 4025; x_wconf 93' lang='lat' dir='ltr'>et</span> <span class='ocrx_word' id='word_1_269' title='bbox 1303 3962 1416 4025; x_wconf 91' lang='lat' dir='ltr'>innata</span> <span class='ocrx_word' id='word_1_270' title='bbox 1432 3959 1608 4046; x_wconf 88' lang='lat' dir='ltr'>prudentia</span> <span class='ocrx_word' id='word_1_271' title='bbox 1623 3959 1804 4045; x_wconf 87' lang='lat' dir='ltr'>preditum,</span> <span class='ocrx_word' id='word_1_272' title='bbox 1821 3961 1862 4026; x_wconf 91' lang='lat' dir='ltr'>de</span> 
     </span>
     <span class='ocr_line' id='line_1_31' title="bbox 499 4062 1863 4150; baseline 0.004 -26"><span class='ocrx_word' id='word_1_273' title='bbox 499 4082 602 4144; x_wconf 73' lang='lat' dir='ltr'>regno</span> <span class='ocrx_word' id='word_1_274' title='bbox 618 4062 756 4127; x_wconf 85' lang='lat' dir='ltr'>Francie</span> <span class='ocrx_word' id='word_1_275' title='bbox 781 4062 967 4137; x_wconf 90' lang='lat' dir='ltr'>oriundum,</span> <span class='ocrx_word' id='word_1_276' title='bbox 984 4063 1120 4127; x_wconf 89' lang='lat' dir='ltr'>honoris</span> <span class='ocrx_word' id='word_1_277' title='bbox 1144 4063 1223 4146; x_wconf 78' lang='lat' dir='ltr'>regii</span> <span class='ocrx_word' id='word_1_278' title='bbox 1250 4064 1444 4149; x_wconf 87' lang='lat' dir='ltr'>precipuum</span> <span class='ocrx_word' id='word_1_279' title='bbox 1471 4064 1662 4144; x_wconf 87' lang='lat' dir='ltr'>zelatorem,</span> <span class='ocrx_word' id='word_1_280' title='bbox 1679 4064 1723 4129; x_wconf 92' lang='lat' dir='ltr'>ad</span> <span class='ocrx_word' id='word_1_281' title='bbox 1749 4072 1863 4150; x_wconf 85' lang='lat' dir='ltr'>partes</span> 
     </span>
     <span class='ocr_line' id='line_1_32' title="bbox 500 4164 1863 4254; baseline 0.004 -25"><span class='ocrx_word' id='word_1_282' title='bbox 500 4166 587 4250; x_wconf 88' lang='lat' dir='ltr'>ipsas</span> <span class='ocrx_word' id='word_1_283' title='bbox 603 4166 790 4251; x_wconf 88' lang='lat' dir='ltr'>specialiter</span> <span class='ocrx_word' id='word_1_284' title='bbox 805 4166 1010 4232; x_wconf 88' lang='lat' dir='ltr'>destinamus</span> <span class='ocrx_word' id='word_1_285' title='bbox 1025 4164 1044 4245; x_wconf 70' lang='lat'>⁶,</span> <span class='ocrx_word' id='word_1_286' title='bbox 1062 4166 1117 4249; x_wconf 87' lang='lat' dir='ltr'>qui</span> <span class='ocrx_word' id='word_1_287' title='bbox 1134 4167 1175 4231; x_wconf 89' lang='lat' dir='ltr'>de</span> <span class='ocrx_word' id='word_1_288' title='bbox 1191 4167 1359 4251; x_wconf 87' lang='lat' dir='ltr'>premissis</span> <span class='ocrx_word' id='word_1_289' title='bbox 1379 4167 1643 4233; x_wconf 88' lang='lat' dir='ltr'>ordinationibus</span> <span class='ocrx_word' id='word_1_290' title='bbox 1658 4176 1693 4233; x_wconf 91' lang='lat' dir='ltr'>et</span> <span class='ocrx_word' id='word_1_291' title='bbox 1709 4168 1783 4233; x_wconf 91' lang='lat' dir='ltr'>aliis</span> <span class='ocrx_word' id='word_1_292' title='bbox 1800 4191 1863 4254; x_wconf 90' lang='lat' dir='ltr'>que</span> 
     </span>
     <span class='ocr_line' id='line_1_33' title="bbox 500 4269 1864 4355; baseline 0.004 -23"><span class='ocrx_word' id='word_1_293' title='bbox 500 4269 559 4332; x_wconf 90' lang='lat' dir='ltr'>sibi</span> <span class='ocrx_word' id='word_1_294' title='bbox 586 4270 811 4335; x_wconf 89' lang='lat' dir='ltr'>commisimus</span> <span class='ocrx_word' id='word_1_295' title='bbox 837 4279 871 4334; x_wconf 91' lang='lat' dir='ltr'>et</span> <span class='ocrx_word' id='word_1_296' title='bbox 898 4269 1083 4334; x_wconf 88' lang='lat' dir='ltr'>litterarum</span> <span class='ocrx_word' id='word_1_297' title='bbox 1110 4280 1298 4336; x_wconf 91' lang='lat' dir='ltr'>nostrarum</span> <span class='ocrx_word' id='word_1_298' title='bbox 1323 4280 1450 4351; x_wconf 91' lang='lat' dir='ltr'>tenore,</span> <span class='ocrx_word' id='word_1_299' title='bbox 1475 4292 1556 4355; x_wconf 90' lang='lat' dir='ltr'>quas</span> <span class='ocrx_word' id='word_1_300' title='bbox 1586 4272 1754 4338; x_wconf 90' lang='lat' dir='ltr'>nobilibus</span> <span class='ocrx_word' id='word_1_301' title='bbox 1786 4275 1864 4338; x_wconf 85' lang='lat' dir='ltr'>viris</span> 
     </span>
     <span class='ocr_line' id='line_1_34' title="bbox 501 4372 1865 4456; baseline 0.004 -19"><span class='ocrx_word' id='word_1_302' title='bbox 501 4373 615 4437; x_wconf 91' lang='lat' dir='ltr'>comiti</span> <span class='ocrx_word' id='word_1_303' title='bbox 646 4372 800 4438; x_wconf 85' lang='lat' dir='ltr'>Flandrie</span> <span class='ocrx_word' id='word_1_304' title='bbox 825 4381 925 4456; x_wconf 87' lang='lat' dir='ltr'>atque</span> <span class='ocrx_word' id='word_1_305' title='bbox 953 4373 1053 4453; x_wconf 85' lang='lat' dir='ltr'>fratri,</span> <span class='ocrx_word' id='word_1_306' title='bbox 1081 4374 1154 4437; x_wconf 88' lang='lat' dir='ltr'>filiis</span> <span class='ocrx_word' id='word_1_307' title='bbox 1179 4383 1213 4438; x_wconf 89' lang='lat' dir='ltr'>et</span> <span class='ocrx_word' id='word_1_308' title='bbox 1242 4374 1307 4438; x_wconf 88' lang='lat' dir='ltr'>iilie</span> <span class='ocrx_word' id='word_1_309' title='bbox 1333 4383 1367 4439; x_wconf 88' lang='lat' dir='ltr'>et</span> <span class='ocrx_word' id='word_1_310' title='bbox 1393 4376 1562 4440; x_wconf 91' lang='lat' dir='ltr'>nonnullis</span> <span class='ocrx_word' id='word_1_311' title='bbox 1592 4375 1865 4441; x_wconf 83' lang='lat' dir='ltr'>universitatibus</span> 
     </span>
     <span class='ocr_line' id='line_1_35' title="bbox 500 4475 1863 4565; baseline 0.004 -26"><span class='ocrx_word' id='word_1_312' title='bbox 500 4478 651 4541; x_wconf 88' lang='lat' dir='ltr'>villarum</span> <span class='ocrx_word' id='word_1_313' title='bbox 669 4487 702 4542; x_wconf 92' lang='lat' dir='ltr'>et</span> <span class='ocrx_word' id='word_1_314' title='bbox 719 4486 879 4541; x_wconf 88' lang='lat' dir='ltr'>terrarum</span> <span class='ocrx_word' id='word_1_315' title='bbox 897 4475 1049 4541; x_wconf 88' lang='lat' dir='ltr'>Flandrie</span> <span class='ocrx_word' id='word_1_316' title='bbox 1077 4477 1282 4543; x_wconf 88' lang='lat' dir='ltr'>destinamus</span> <span class='ocrx_word' id='word_1_317' title='bbox 1299 4480 1356 4560; x_wconf 50' lang='grc' dir='ltr'>(Ἰ),</span> <span class='ocrx_word' id='word_1_318' title='bbox 1373 4499 1512 4563; x_wconf 89' lang='lat' dir='ltr'>quarum</span> <span class='ocrx_word' id='word_1_319' title='bbox 1535 4479 1735 4565; x_wconf 84' lang='lat' dir='ltr'>transcripta</span> <span class='ocrx_word' id='word_1_320' title='bbox 1750 4501 1863 4547; x_wconf 90' lang='lat' dir='ltr'>secum</span> 
     </span>
     <span class='ocr_line' id='line_1_36' title="bbox 501 4580 1863 4670; baseline 0.004 -26"><span class='ocrx_word' id='word_1_321' title='bbox 501 4580 629 4654; x_wconf 84' lang='lat' dir='ltr'>deffert,</span> <span class='ocrx_word' id='word_1_322' title='bbox 647 4580 885 4645; x_wconf 90' lang='lat' dir='ltr'>sublimitatem</span> <span class='ocrx_word' id='word_1_323' title='bbox 898 4580 1020 4661; x_wconf 76' lang='lat' dir='ltr'>regiain</span> <span class='ocrx_word' id='word_1_324' title='bbox 1037 4582 1229 4666; x_wconf 89' lang='lat' dir='ltr'>plenissime</span> <span class='ocrx_word' id='word_1_325' title='bbox 1245 4582 1369 4666; x_wconf 91' lang='lat' dir='ltr'>poterit</span> <span class='ocrx_word' id='word_1_326' title='bbox 1386 4582 1574 4659; x_wconf 86' lang='lat' dir='ltr'>informare,</span> <span class='ocrx_word' id='word_1_327' title='bbox 1591 4583 1642 4648; x_wconf 89' lang='lat' dir='ltr'>cui</span> <span class='ocrx_word' id='word_1_328' title='bbox 1660 4583 1693 4647; x_wconf 95' lang='lat' dir='ltr'>in</span> <span class='ocrx_word' id='word_1_329' title='bbox 1711 4585 1776 4650; x_wconf 87' lang='lat' dir='ltr'>hiis</span> <span class='ocrx_word' id='word_1_330' title='bbox 1801 4607 1863 4670; x_wconf 87' lang='lat' dir='ltr'>qne</span> 
     </span>
     <span class='ocr_line' id='line_1_37' title="bbox 501 4680 1861 4771; baseline 0.007 -26"><span class='ocrx_word' id='word_1_331' title='bbox 501 4680 687 4745; x_wconf 87' lang='lat' dir='ltr'>celsitudini</span> <span class='ocrx_word' id='word_1_332' title='bbox 715 4683 803 4766; x_wconf 83' lang='lat' dir='ltr'>regie</span> <span class='ocrx_word' id='word_1_333' title='bbox 826 4703 867 4745; x_wconf 87' lang='lat' dir='ltr'>ex</span> <span class='ocrx_word' id='word_1_334' title='bbox 894 4692 988 4767; x_wconf 89' lang='lat' dir='ltr'>parte</span> <span class='ocrx_word' id='word_1_335' title='bbox 1013 4694 1127 4749; x_wconf 87' lang='lat' dir='ltr'>nostra</span> <span class='ocrx_word' id='word_1_336' title='bbox 1153 4685 1285 4750; x_wconf 87' lang='lat' dir='ltr'>duxerit</span> <span class='ocrx_word' id='word_1_337' title='bbox 1311 4685 1511 4771; x_wconf 88' lang='lat' dir='ltr'>exponenda</span> <span class='ocrx_word' id='word_1_338' title='bbox 1536 4687 1654 4770; x_wconf 77' lang='lat' dir='ltr'>regalis</span> <span class='ocrx_word' id='word_1_339' title='bbox 1677 4689 1861 4754; x_wconf 86' lang='lat' dir='ltr'>sublimitas</span> 
     </span>
    </p>
   </div>
   <div class='ocr_carea' id='block_1_7' title="bbox 533 4847 1122 4908">
    <p class='ocr_par' dir='ltr' id='par_1_7' title="bbox 533 4847 1122 4908">
     <span class='ocr_line' id='line_1_38' title="bbox 533 4847 1122 4908; baseline 0.012 -19"><span class='ocrx_word' id='word_1_340' title='bbox 533 4860 557 4893; x_wconf 81' lang='lat' dir='ltr'>u.</span> <span class='ocrx_word' id='word_1_341' title='bbox 573 4858 617 4907; x_wconf 77' lang='lat' dir='ltr'>pur</span> <span class='ocrx_word' id='word_1_342' title='bbox 631 4860 737 4907; x_wconf 66' lang='lat' dir='ltr'>irruitque</span> <span class='ocrx_word' id='word_1_343' title='bbox 750 4861 800 4906; x_wconf 75' lang='lat' dir='ltr'>rep.</span> <span class='ocrx_word' id='word_1_344' title='bbox 835 4875 846 4879; x_wconf 91' lang='lat'>-</span> <span class='ocrx_word' id='word_1_345' title='bbox 859 4847 880 4894; x_wconf 78' lang='lat' dir='ltr'>l.</span> <span class='ocrx_word' id='word_1_346' title='bbox 901 4847 1060 4896; x_wconf 70' lang='lat' dir='ltr'>destinemus</span> <span class='ocrx_word' id='word_1_347' title='bbox 1073 4865 1122 4908; x_wconf 65' lang='lat' dir='ltr'>rep.</span> 
     </span>
    </p>
   </div>
   <div class='ocr_carea' id='block_1_8' title="bbox 504 4996 1202 5007">
    <p class='ocr_par' dir='ltr' id='par_1_8' title="bbox 504 4996 1202 5007">
     <span class='ocr_line' id='line_1_39' title="bbox 504 4996 1202 5007; baseline 0.006 -4"><span class='ocrx_word' id='word_1_348' title='bbox 504 4996 1174 5007; x_wconf 76' lang='lat'><strong>——----—-—.—.-—.———-—</strong></span> <span class='ocrx_word' id='word_1_349' title='bbox 1195 5002 1202 5006; x_wconf 90' lang='lat'>.</span> 
     </span>
    </p>
   </div>
   <div class='ocr_carea' id='block_1_9' title="bbox 534 5096 831 5159">
    <p class='ocr_par' dir='ltr' id='par_1_9' title="bbox 534 5096 831 5159">
     <span class='ocr_line' id='line_1_40' title="bbox 534 5096 831 5159; baseline 0.013 -16"><span class='ocrx_word' id='word_1_350' title='bbox 534 5096 554 5143; x_wconf 88' lang='lat' dir='ltr'>l.</span> <span class='ocrx_word' id='word_1_351' title='bbox 575 5097 636 5159; x_wconf 72' lang='lat' dir='ltr'>l&#39;oy.</span> <span class='ocrx_word' id='word_1_352' title='bbox 652 5112 676 5146; x_wconf 89' lang='lat' dir='ltr'>n.</span> <span class='ocrx_word' id='word_1_353' title='bbox 690 5101 762 5146; x_wconf 65' lang='lat'>09551</span> <span class='ocrx_word' id='word_1_354' title='bbox 776 5101 831 5147; x_wconf 70' lang='lat' dir='ltr'>litlt‘.</span> 
     </span>
    </p>
   </div>
   <div class='ocr_carea' id='block_1_10' title="bbox 0 0 2210 6017">
    <p class='ocr_par' dir='ltr' id='par_1_10' title="bbox 0 0 2210 6017">
     <span class='ocr_line' id='line_1_41' title="bbox 0 0 2210 6017; baseline 0 1"><span class='ocrx_word' id='word_1_355' title='bbox 0 0 2210 6017; x_wconf 95' lang='lat' dir='ltr'> </span> 
     </span>
    </p>
   </div>
  </div>
 </body>
</html>
