4409 6017
481 683 538 748 136
846 711 849 720 ·
1026 678 1173 745 Premibre
1193 676 1295 743 annea.

484 830 516 895 in
533 828 678 909 Cunisio,
693 828 922 913 Pergamensis
937 826 1087 907 diocesis,
1100 846 1140 891 ac
1156 822 1328 890 Rolandus
1344 822 1578 889 canonicatum
1594 828 1629 887 et
1637 818 1840 907 prebendam

486 935 518 998 in
535 932 766 999 Cameracensi
784 932 933 998 ecclesiis
948 932 1114 996 obtinent.

530 1037 617 1102 Cum
633 1036 719 1103 sicut
735 1036 968 1121 accepimus...

531 1142 610 1207 Dat.
626 1141 727 1205 Avin.
749 1158 786 1223 17
803 1139 868 1205 kal.
885 1140 1016 1226 augusti
1034 1159 1125 1205 anno
1146 1161 1172 1205 1.

521 1282 582 1342 neg.
595 1282 642 1328 nv.
656 1283 678 1339 1,
689 1280 709 1329 1.
720 1281 751 1327 23
763 1295 768 1328 :
781 1279 840 1327 nat.
852 1281 891 1338 so,
904 1279 922 1327 1.
937 1281 982 1327 ns
991 1288 1009 1338 ν,
1022 1293 1048 1328 n.
1061 1279 1133 1327 3111.

532 1467 642 1553 391.
1518 1498 1613 1565 1717,
1631 1484 1675 1546 18
1683 1481 1806 1564 juillet.

535 1584 699 1670 Magistro
715 1584 815 1650 Petro
833 1583 931 1649 Fabri
948 1584 1117 1650 confertur
1132 1581 1295 1649 medietas
1304 1583 1436 1650 decime
1445 1584 1488 1650 de
1504 1584 1693 1670 Savigneyo
1709 1586 1742 1650 in
1758 1588 1849 1652 teni-

490 1689 578 1756 torio
594 1688 763 1769 Belnensi,
775 1688 940 1754 Eduensis
955 1687 1107 1768 diocesis,
1118 1687 1305 1753 consistens
1321 1688 1437 1753 tamin
1450 1688 1530 1753 vino
1541 1709 1642 1773 quam
1651 1690 1686 1753 in
1697 1690 1850 1770 denariis,

491 1814 592 1878 quam
602 1792 818 1858 medietatem
829 1792 1000 1876 quondam
1010 1792 1168 1876 magister
1184 1790 1301 1856 Petrus
1313 1791 1356 1857 de
1368 1791 1532 1877 Segney0,
1548 1791 1696 1858 decanus
1711 1796 1851 1861 ecclesie

493 1896 666 1976 Eduensis,
678 1896 771 1961 Sedis
787 1895 970 1980 apostolice
980 1895 1182 1981 capellanus,
1199 1897 1240 1960 ab
1256 1897 1378 1960 abbate
1387 1896 1580 1961 monasterii
1596 1897 1851 1978 Anemarensis,

493 2000 535 2065 Ο.
553 2002 587 2066 S.
605 1999 654 2080 Β,
670 1999 844 2064 Trecensis
859 1998 1009 2076 diocesis,
1028 1999 1061 2062 in
1080 1998 1282 2064 beneficium
1303 1999 1488 2080 obtinebat,
1505 2019 1573 2064 non
1590 2002 1747 2066 obstante
1763 2002 1852 2086 quod

491 2103 670 2190 jamdictus
687 2102 804 2167 Petrus
820 2103 853 2167 in
864 2101 1059 2168 Belvacensi
1076 2102 1159 2168 acin
1171 2102 1289 2188 majori
1303 2102 1566 2187 Petragorioensi
1583 2111 1618 2169 et
1629 2104 1660 2169 S.
1674 2102 1853 2170 Frontonis

495 2207 774 2293 Petragoricensis
798 2227 837 2272 ac
864 2207 895 2271 S.
912 2205 1099 2290 Walburgis
1123 2204 1314 2286 Furnensis,
1332 2205 1535 2272 Morinensis
1550 2207 1702 2289 diocesis,
1720 2209 1854 2275 canoni-

495 2321 589 2380 catus
612 2321 646 2376 et
669 2310 866 2396 prebendas,
891 2330 930 2375 ac
958 2309 991 2373 in
1015 2310 1142 2375 eisdem
1166 2311 1282 2396 majori
1309 2310 1571 2396 Petragorieensi
1592 2312 1799 2378 scolastriam
1822 2323 1856 2377 et

496 2419 527 2483 S.
543 2414 729 2499 Walburgis
744 2414 987 2500 preposituram
1004 2414 1144 2493 obtinet,
1162 2423 1196 2478 et
1215 2414 1305 2499 quod
1329 2414 1361 2479 in
1387 2415 1516 2500 prefata
1532 2414 1729 2481 Belvacensi
1752 2415 1856 2502 digni·

495 2530 602 2587 tatem
617 2539 676 2585 seu
691 2525 906 2604 personatum
929 2518 983 2583 vel
999 2516 1157 2596 officium,
1173 2538 1306 2583 necnon
1334 2518 1367 2583 in
1384 2517 1574 2585 Pictavensi
1597 2538 1637 2584 ac
1654 2517 1855 2585 Massiliensi

497 2623 654 2705 ecclesiis,
671 2623 703 2687 in
720 2621 839 2707 quibus
854 2622 887 2686 in
903 2622 1101 2687 canonicum
1118 2628 1169 2687 est
1183 2631 1347 2707 receptus
1358 2622 1563 2708 prebendam
1579 2630 1748 2708 expectat.

541 2729 632 2792 Dum
649 2734 821 2792 attente...

542 2832 621 2896 Dat.
637 2830 736 2895 Avin.
757 2849 793 2914 15
811 2830 876 2894 kal.
893 2831 1022 2915 augusti
1038 2851 1129 2897 anno
1149 2851 1176 2895 1.

543 2934 583 2999 ln
600 2956 628 2999 e.
645 2955 689 2999 m.
705 2934 864 3019 episcopo
879 2934 1093 2999 Atrebatensi
1122 2943 1157 2998 et
1182 2933 1311 3000 decano
1335 2934 1475 3000 ecclesie
1492 2933 1675 3016 Belnensis,
1694 2934 1851 3005 Eduensis

499 3037 650 3119 diocesis
666 3059 706 3104 ac
721 3038 881 3103 Gaufrido
896 3038 938 3104 de
955 3037 1105 3118 Barret0‚
1121 3038 1286 3104 canonico
1304 3037 1462 3104 Eduensi.

534 3185 592 3245 aeg.
608 3184 721 3242 1111.
736 3179 887 3241 [x1];vat.
903 3185 942 3242 ec,
954 3184 973 3232 1.
990 3186 1090 3241 nnn.
1102 3185 1173 3231 3111.

543 3380 658 3466 392.
1528 3414 1623 3479 1717,
1641 3417 1683 3460 22
1693 3396 1816 3478 juillet.

544 3500 715 3585 Stephano
730 3499 772 3564 de
796 3499 870 3564 filiis
885 3499 1056 3585 Stephani,
1073 3500 1188 3584 nepoti
1206 3499 1335 3581 Jacobi,
1346 3501 1377 3566 S.
1390 3499 1522 3586 Georgii
1535 3501 1578 3566 ad
1591 3499 1712 3565 Velum
1722 3523 1855 3567 aureum

502 3603 634 3671 diaconi
665 3603 850 3683 cardinalis,
881 3604 1052 3669 confertur
1083 3603 1302 3669 canonicatus
1332 3606 1474 3671 ecclesie
1502 3604 1763 3686 Cameracensis,
1802 3608 1858 3671 sub

503 3709 739 3794 expectatione
755 3708 924 3794 prebende
942 3709 1078 3793 integre,
1095 3709 1197 3773 libere
1222 3719 1257 3798 et
1280 3730 1348 3774 non
1371 3710 1596 3790 sacerdotalis,
1612 3730 1680 3774 non
1705 3713 1859 3776 obstante

503 3811 594 3897 quod
617 3811 650 3876 in
667 3811 952 3897 Compostellana,
970 3811 1146 3877 Elborensi
1173 3822 1207 3877 et
1223 3813 1384 3878 Ovetensi
1413 3813 1561 3879 ecclesiis
1586 3813 1804 3881 canonicatus
1829 3824 1862 3880 et

504 3916 691 4002 prebendas
707 3916 848 3982 obtinet.

548 4020 640 4085 Sicut
655 4020 855 4084 relatione...

550 4125 628 4189 Dat.
645 4124 744 4189 Avin.
764 4144 798 4188 11
818 4124 882 4189 kal.
899 4124 1028 4208 augusti
1046 4145 1137 4189 anno
1158 4145 1184 4189 1.

552 4229 590 4293 In
608 4251 636 4294 e.
653 4250 697 4294 m.
712 4229 857 4308 Andree,
873 4231 983 4295 electo
1000 4227 1255 4309 Interamnensi,
1266 4237 1300 4293 et
1315 4228 1427 4294 abbati
1439 4229 1631 4294 monasterii
1646 4228 1678 4295 S.
1690 4228 1863 4296 Genoveie

507 4356 545 4401 ac
561 4333 728 4398 Anibalclo
743 4333 785 4398 de
801 4333 967 4413 Ceccarro,
984 4332 1147 4399 canonico
1165 4332 1359 4398 Parisiensis
1375 4333 1525 4398 ecclesie.

541 4475 603 4534 Reg.
616 4475 664 4520 Αν.
678 4474 700 4530 7,
714 4473 731 4520 l.
746 4475 788 4519 111ν
800 4488 805 4528 ;
818 4471 876 4519 vat.
890 4474 928 4520 611,
941 4473 959 4519 f.
972 4474 1038 4530 1131,
1050 4487 1074 4519 11.
1088 4473 1159 4518 3551.

552 4662 669 4749 393.
1538 4691 1632 4757 1317,
1649 4695 1691 4759 29
1702 4673 1826 4756 juillet.

554 4781 655 4847 Petro
670 4779 821 4844 Balcardi
837 4778 1005 4843 confertur
1029 4777 1245 4843 canonicatus
1270 4778 1411 4843 ecclesie
1428 4776 1459 4841 S.
1477 4777 1615 4842 Servatii
1632 4776 1866 4863 Trajectensis

512 4884 707 4953 Leodiensis
722 4882 874 4962 diocesis,
891 4884 951 4947 sub
967 4881 1203 4967 expectatione
1220 4882 1400 4967 prebende.

556 4989 736 5055 Probitatis
752 4998 848 5054 tue...

557 5096 634 5160 Dat.
651 5094 750 5158 Acin.
767 5117 786 5178 4
802 5092 867 5157 kal.
884 5091 1012 5176 augusti
1029 5111 1120 5155 anno
1140 5112 1165 5155 1.
