4409 6017
521 1062 563 1128 de
588 1060 697 1140 Plana,
723 1059 964 1141 Atrebatensis,
989 1079 1029 1124 ac
1053 1057 1295 1124 Bartholomeo
1310 1057 1352 1123 de
1370 1057 1487 1143 RegiO,
1512 1057 1697 1136 Januensis
1720 1060 1863 1128 canonicis

521 1164 748 1230 ecclesiarum.

554 1314 615 1375 aeg.
630 1316 677 1362 nv.
692 1315 728 1373 14,
740 1314 758 1362 r.
771 1316 812 1366 av:
828 1313 885 1362 Vas.
898 1315 937 1370 u,
950 1314 970 1362 r.
985 1314 1023 1366 so.¹
1036 1327 1061 1361 n.
1075 1314 1115 1360 ar.

564 1490 682 1575 869.
1480 1523 1576 1586 1320,
1593 1507 1640 1570 18
1651 1506 1830 1592 septembre.

564 1609 715 1684 Paulino,
731 1608 801 1672 filio
829 1606 994 1672 Frederici
1020 1606 1062 1670 de
1086 1604 1336 1671 marchionibus
1353 1605 1454 1682 Ceve,
1472 1607 1643 1673 confertur
1665 1609 1859 1675 canonicatis

519 1713 659 1779 ecclesie
683 1714 718 1777 S.
735 1711 849 1778 Crucis
868 1710 1119 1777 Cameracensis
1137 1713 1198 1776 sub
1221 1711 1458 1797 expectatione
1482 1713 1663 1798 prebende,
1690 1714 1858 1780 considera·

520 1818 613 1882 tione
630 1815 780 1894 Roberti,
795 1816 881 1900 regis
893 1814 1013 1881 Sicilie.

564 1920 636 1985 Tue
652 1920 822 1985 meritis...

564 2025 642 2090 Dat.
658 2024 757 2088 Avin.
778 2033 838 2107 14¹²
856 2021 923 2089 kal.
939 2021 1087 2088 octobris
1102 2042 1193 2087 anno
1214 2041 1242 2107 5.

564 2127 602 2192 In
619 2150 648 2193 e.
665 2149 710 2193 m.
737 2126 1014 2214 archipresbitero
1035 2126 1067 2191 S.
1091 2124 1198 2191 Marie
1217 2127 1260 2192 de
1278 2127 1375 2209 Zeva,
1395 2128 1551 2194 Albensis
1573 2129 1729 2213 diocesis,
1750 2143 1784 2197 et
1801 2131 1858 2196 Bal·

521 2232 623 2297 duino
638 2232 680 2297 de
693 2231 901 2311 Comazan0,
917 2229 1180 2309 Cameracensis,
1196 2251 1235 2296 ac
1253 2230 1428 2296 Emanueli
1446 2232 1488 2296 de
1505 2231 1629 2314 Flisco,
1651 2234 1859 2301 atrebatensis

521 2336 692 2403 canonicis
707 2336 933 2403 ecclesiarum.

557 2491 615 2549 Rog.
628 2492 674 2537 As.
690 2490 725 2546 lt,
737 2491 755 2536 l.
768 2489 795 2536 8ν
807 2504 813 2542 ς
826 2488 885 2536 Vnt.
900 2489 939 2548 71,
951 2487 969 2536 i.
982 2489 1032 2547 Stil,
1045 2503 1070 2536 n.
1084 2489 1123 2536 29.

565 2685 682 2770 870-
1477 2716 1573 2780 1320,
1591 2697 1637 2760 18
1649 2695 1830 2783 septembre.

563 2802 741 2880 Arditioni,
758 2801 827 2865 filio
842 2799 1011 2884 quondam
1024 2797 1253 2864 Bartholomei
1269 2799 1311 2865 de
1324 2798 1475 2882 Ulmeta,
1485 2801 1655 2866 confertur
1664 2801 1863 2868 canonicatus

521 2907 662 2974 ecclesie
689 2906 720 2970 S.
749 2903 891 2969 Dionisii
920 2901 1115 2969 Leodiensis
1139 2905 1199 2968 sub
1224 2904 1460 2989 expectatione
1492 2905 1673 2992 prebende,
1693 2904 1863 2973 considera·

521 3012 614 3077 tione
631 3009 780 3089 Roberti,
796 3007 882 3093 regis
898 3006 1019 3073 Sicilie.

564 3115 737 3181 Attributa
760 3113 864 3179 tibi...

566 3221 644 3285 Dat.
660 3220 759 3283 Avin.
780 3239 818 3302 14
833 3216 899 3282 kal.
921 3216 1066 3283 octobris
1085 3237 1175 3281 anno
1195 3236 1224 3300 5.

565 3322 605 3387 In
621 3343 649 3386 e.
666 3343 710 3387 m.
726 3320 892 3400 Vachin0,
909 3320 1188 3405 archipresbitero
1204 3320 1233 3384 S.
1252 3318 1360 3386 Marie
1376 3322 1418 3386 de
1434 3322 1533 3402 Zeva,
1549 3322 1708 3388 Albensis
1731 3320 1866 3398 diocesis,

522 704 584 770 350
1054 699 1223 780 Cinquibne
1243 702 1346 767 anne'e.

566 854 645 919 Dat.
661 850 761 916 Avin.
781 871 819 935 14
834 850 900 916 kal.
917 848 1063 915 octobris
1077 869 1168 915 anno
1185 869 1213 933 5.
1901 860 1905 868 '

566 956 606 1021 ln
621 977 651 1022 e.
667 977 712 1021 m.
724 954 1001 1040 archipresbitero
1016 955 1048 1020 S.
1065 953 1103 1019 M
1107 954 1174 1019 arie
1186 954 1228 1019 de
1238 953 1336 1032 Zeva,
1349 954 1506 1020 Albensis
1521 954 1681 1038 diocesis,
1689 964 1726 1022 et
1741 954 1862 1034 Johauni
1901 997 1905 1004 -

521 3435 554 3491 et
572 3426 722 3490 Antonio
737 3424 779 3490 de
795 3423 946 3507 Bugella,
964 3423 1169 3504 Leodiensis,
1187 3433 1221 3488 et
1238 3423 1480 3491 Bartholomeo
1504 3426 1547 3491 de
1569 3425 1687 3512 Regio,
1704 3424 1866 3505 Januensis

521 3529 691 3597 canonicis
707 3528 935 3594 ecclesiarum.

555 3679 614 3738 Reg.
626 3681 673 3726 Au.
687 3680 725 3735 ll,
737 3677 756 3725 f.
768 3678 784 3724 9
797 3692 802 3733 ;
817 3676 874 3725 Vat.
887 3677 926 3735 71,
938 3675 956 3724 i.
970 3676 1019 3734 80¹¹,
1033 3690 1057 3725 n.
1073 3678 1112 3725 30.

565 3869 806 3952 871-874.
1471 3895 1566 3959 1520,
1583 3898 1627 3944 20
1650 3882 1835 3967 septembre.
1903 3933 1905 3996 p

566 3987 730 4070 Magistro
746 3986 848 4050 Petro
864 3982 1025 4063 Durandi,
1042 3983 1208 4049 canonico
1225 3980 1467 4062 Ebredunensi,
1482 4002 1570 4069 pape
1587 3985 1775 4069 capellano,
1787 4003 1867 4070 apos·
1903 4005 1905 4030 ³

521 4091 623 4156 tolice
634 4091 726 4155 Sedis
735 4089 864 4167 nuntio,
875 4087 1053 4153 mandatur
1065 4096 1102 4151 ut
1114 4086 1224 4170 exigat
1237 4093 1271 4150 et
1282 4084 1421 4171 recipiat
1437 4105 1556 4151 census
1572 4087 1715 4153 ecclesie
1733 4088 1866 4156 Romane
1902 4077 1905 4108 ¹

521 4194 652 4259 debitos
667 4194 700 4258 in
718 4192 925 4271 Treverensi,
944 4189 1145 4275 Maguntina
1160 4197 1195 4254 et
1211 4187 1404 4254 Coloniensi
1421 4188 1624 4272 civitatibus,
1641 4190 1825 4258 diocesibus
1840 4195 1865 4251 et

522 4297 712 4383 provinciis.

565 4401 649 4467 Cum
666 4402 868 4466 nonnulle...

566 4507 644 4571 Dat.
666 4506 766 4570 Asin.
791 4525 826 4568 12
849 4503 915 4569 kal.
939 4503 1087 4569 octobris
1110 4523 1200 4568 anno
1223 4522 1251 4586 5.

556 4650 614 4711 Bcg.
628 4649 687 4697 l'ut.
700 4652 740 4707 71,
754 4650 772 4697 i.
785 4653 819 4708 2',
831 4663 884 4697 cur.
898 4663 922 4696 n.
937 4651 958 4697 7.

565 4836 647 4896 872.
663 4866 706 4875 -
724 4827 841 4893 Eidem
858 4828 1016 4911 magistro
1041 4830 1218 4893 mandatur
1239 4837 1404 4914 quatenus
1430 4831 1574 4915 inquirat
1598 4853 1698 4919 super
1719 4826 1851 4919 depositis
1904 4853 1905 4857 ¹

522 4932 620 4998 factis
639 4932 673 4996 in
689 4930 896 5012 Treverensi,
913 4930 1113 5015 Maguntina
1138 4942 1172 4998 et
1197 4932 1390 5000 Coloniensi
1415 4935 1619 5017 civitatibus
1635 4937 1809 5004 diocesibus
1825 4937 1849 4992 et

560 5145 579 5176 r.
592 5147 599 5174 r
611 5144 659 5174 arar·
672 5145 685 5172 u
699 5143 747 5189 rep.
767 5129 821 5176 l'ut.
1889 5151 1895 5200 p

1887 5369 1905 5536 l
