4409 6017
397 693 407 706 '
503 707 542 772 24
1046 713 1193 779 Prenilre
1213 716 1316 780 eunte.

499 879 586 941 cura,
603 860 744 942 obtinet,
761 871 795 926 et
819 862 862 927 de
885 863 1055 948 prebenda
1079 864 1179 950 ipsius
1203 864 1341 930 ecclesie
1358 862 1567 930 Caturcensis
1591 883 1630 930 ac
1657 861 1864 930 archidiaco

501 972 582 1029 natu
598 963 641 1028 de
657 963 804 1030 Vallibus
820 966 852 1029 in
870 967 988 1031 eadem
1005 968 1145 1034 ecclesia
1160 968 1278 1052 litigat.

545 1065 664 1152 Nuper
678 1089 753 1133 eum
770 1070 1027 1138 canonicatus...

546 1171 625 1238 Dat.
642 1171 793 1256 Lugduni
811 1196 830 1257 4
847 1173 890 1239 id.
906 1176 1103 1259 septembris
1118 1197 1208 1241 anno
1227 1196 1253 1240 1.

545 1273 584 1338 ln
601 1295 630 1340 e.
646 1295 691 1341 m.
706 1276 817 1341 abbati
834 1278 1024 1342 monasterii
1041 1278 1266 1361 Galliacensis,
1282 1278 1448 1343 Albiensis
1463 1278 1613 1360 diocesis,
1630 1287 1665 1343 et
1688 1278 1863 1364 preposito

502 1375 787 1445 Claromontensis
810 1402 849 1446 ac
867 1379 1026 1445 Ratlrerio
1050 1382 1092 1447 de
1110 1380 1325 1465 Miramonte,
1344 1382 1507 1448 canonico
1524 1381 1693 1447 Albiensis
1708 1382 1863 1447 ecclesia·

501 1500 585 1547 rum.

536 1609 800 1673 Reg.Av.o,f.122;
815 1614 1035 1675 vat.65,r.1552
1049 1617 1160 1664 n.251u

545 1775 624 1857 79.
1462 1793 1556 1876 1516,
1573 1813 1612 1857 rr
1629 1793 1821 1879 septembre.

545 1893 681 1959 Valtero
708 1894 856 1960 Hamere
897 1895 1065 1961 confertur
1095 1897 1311 1962 canonicatus
1341 1896 1480 1963 ecclesie
1512 1895 1773 1976 Cameracensis,
1803 1897 1861 1960 sub

500 1998 734 2083 expectatione
749 1998 929 2084 prebende,
945 2000 1212 2067 consideratione
1231 1999 1352 2081 Caroli,
1367 2000 1452 2084 regis
1469 1999 1608 2066 Francie
1638 1999 1707 2081 filii,
1731 1998 1861 2066 comitis

502 2100 634 2167 Valesii.

545 2206 741 2290 Apostolice
757 2206 1028 2273 munificentie...

545 2309 624 2375 Dat.
642 2308 794 2393 Lugduni
812 2330 829 2394 3
847 2310 890 2375 id.
906 2311 1102 2398 septembris
1118 2333 1208 2377 anno
1228 2333 1254 2377 1.

546 2412 584 2477 ln
617 2434 646 2478 e.
662 2433 707 2478 m.
732 2413 861 2480 decano
885 2424 920 2479 et
944 2415 1178 2504 archidiacono
1203 2437 1241 2481 ac
1266 2415 1423 2499 magistro
1448 2414 1594 2493 Johanni
1626 2414 1862 2493 Cerclremont,

503 2516 665 2583 canonico
681 2517 820 2583 ecclesie
837 2517 1037 2585 Parisiensis.

539 2645 1143 2708 RQMLMWWQMMMAEU

548 2810 630 2893 80.
1463 2828 1557 2910 1516,
1575 2848 1614 2891 rr
1631 2827 1823 2914 septembre.

546 2928 693 3007 Johanni
729 2931 772 2996 de
795 2930 934 2997 Cernere
956 2931 1124 2997 confertur
1154 2931 1369 2997 canonicatus
1399 2931 1538 2997 ecclesie
1566 2929 1781 3011 Mutinensis
1805 2932 1865 2996 sub

503 3035 736 3119 expectatione
752 3035 931 3120 prebende,
947 3035 1214 3101 consideratione
1230 3034 1350 3117 Caroli,
1376 3033 1432 3099 filii
1460 3034 1544 3118 regis
1561 3032 1711 3114 Francie,
1732 3033 1866 3100 comitis

503 3136 634 3220 Valesii,
651 3159 719 3203 non
736 3140 892 3204 obstante
908 3139 998 3223 quod
1017 3139 1049 3203 in
1067 3138 1314 3205 Cenomanensi
1340 3147 1375 3203 et
1390 3138 1421 3204 S.
1439 3136 1586 3203 Melonis
1618 3137 1661 3204 de
1678 3137 1865 3218 Pontizara,

505 3240 786 3326 Rothomagensis
801 3243 951 3323 diocesis
968 3243 1114 3309 ecclesiis
1129 3243 1275 3308 decanus
1291 3242 1412 3323 existit,
1438 3250 1471 3306 et
1497 3241 1588 3326 quod
1615 3241 1646 3305 in
1677 3240 1865 3306 Senonensi

503 3345 737 3412 canonicatum
762 3356 795 3412 et
820 3348 1033 3432 prebendam,
1061 3355 1095 3411 et
1128 3346 1328 3431 capellanias
1358 3355 1536 3431 perpetuas
1565 3345 1598 3409 in
1628 3344 1865 3428 Andegavensi

504 3450 650 3515 ecclesiis
665 3471 703 3516 ac
719 3450 753 3514 in
768 3459 876 3516 castro
892 3451 935 3516 de
951 3451 1123 3536 CrispeyO,
1139 3449 1395 3515 Silvanectensis
1410 3449 1561 3530 diocesis
1577 3449 1719 3513 obtinet.

548 3554 743 3640 Apostolice
759 3554 1029 3620 munificentie...

549 3656 627 3722 Dat.
644 3655 797 3741 Lugduni
815 3678 832 3741 3
850 3658 893 3723 id.
909 3658 1106 3743 septembris
1122 3678 1212 3722 anno
1233 3677 1258 3721 1.

551 3760 591 3825 In
608 3783 636 3827 e.
653 3781 697 3826 ιιι.
713 3761 842 3827 decano
858 3761 889 3826 S.
907 3759 1044 3826 Martini
1060 3760 1312 3844 Andegaxensis
1328 3769 1362 3824 et
1383 3759 1546 3843 magistris
1564 3758 1714 3824 Roberto
1731 3758 1866 3838 Brione,

509 3864 729 3945 EbroicensiS,
742 3886 780 3930 ac
797 3864 940 3930 Nicolao
955 3866 998 3931 de
1014 3864 1182 3945 Condeto,
1195 3864 1441 3930 Aurelianensis
1457 3863 1670 3929 ecclesiamm
1686 3862 1866 3929 canonicis

541 3993 1165 4054 RQMleWmfflMwnssH

550 4157 625 4239 81.
1468 4171 1562 4254 1516,
1579 4190 1619 4233 12
1635 4170 1825 4255 septembre.

551 4276 697 4355 Johanni
714 4276 756 4341 de
773 4275 930 4341 Condeto
948 4286 1134 4340 reservatur
1149 4276 1291 4359 dignitas
1307 4295 1365 4340 seu
1380 4283 1577 4360 personatus
1592 4273 1645 4337 rel
1662 4272 1811 4338 officium
1834 4273 1868 4336 in

509 4381 648 4447 ecclesia
664 4379 872 4457 Carnotensi,
889 4379 1156 4445 consideratione
1172 4378 1292 4461 Caroli,
1317 4378 1448 4444 comitis
1473 4377 1604 4458 l'alesii,
1621 4397 1689 4441 non
1711 4379 1868 4442 obstante

509 4484 599 4570 quod
616 4483 647 4548 in
665 4483 780 4548 eadem
799 4482 996 4547 Carnotensi
1013 4491 1047 4547 et
1064 4483 1094 4547 in
1114 4482 1325 4548 Laudunensi
1349 4491 1383 4546 et
1399 4481 1602 4565 Senogiensi,
1619 4480 1869 4545 Cameracensis

510 4586 659 4666 diocesis,
690 4586 836 4652 ecclesiis
860 4586 1075 4652 canonicatus
1106 4596 1140 4650 et
1170 4586 1366 4672 prebendas,
1397 4608 1435 4650 ac
1465 4585 1664 4651 decanatum
1685 4595 1699 4617 ‘⁸
1728 4583 1868 4650 ecclesie

511 4693 542 4757 S.
559 4691 663 4757 Laudi
679 4690 931 4771 Andegarensis
947 4691 1088 4772 obtinet,
1105 4711 1204 4774 quem
1221 4690 1421 4754 decanatum
1437 4689 1605 4754 dimittere
1620 4689 1799 4754 tenebitur.

555 4795 775 4879 Sullragantia
790 4793 893 4859 tibi...

556 4900 634 4964 Dat.
651 4897 807 4981 Lugduni
826 4919 842 4962 2
860 4898 903 4964 id.
920 4899 1117 4984 septembris
1133 4919 1222 4963 anno
1238 4919 1263 4962 1.

558 5003 597 5068 In
615 5024 644 5068 e.
660 5024 704 5067 m.
721 5003 830 5067 abbati
848 5003 1037 5066 monasterii
1056 5003 1086 5067 S.
1098 5001 1255 5066 (iemrani
1272 5001 1315 5066 de
1331 5000 1437 5066 Pratis
1449 5003 1544 5088 juxta
1555 5003 1705 5086 Parisius,
1722 5015 1757 5069 et
1770 5005 1870 5070 Petro

547 5162 972 5226 wmmfflwfflmmt
