4409 6017
503 716 543 780 26
1046 716 1192 783 Premiere
1214 718 1316 782 annea

546 863 626 947 85.
1458 879 1552 962 1316,
1568 900 1609 943 21
1626 882 1820 967 septembre.

546 981 726 1046 Guillelrno
751 981 793 1046 de
821 979 953 1046 Casello
977 982 1145 1047 confertur
1166 982 1382 1048 canonicatus
1406 983 1544 1048 ecclesie
1571 982 1779 1062 Leodiensis,
1803 986 1863 1049 sub

502 1085 736 1171 expectatione
751 1084 919 1170 prebende
936 1084 1046 1165 libere,
1063 1085 1191 1168 integre
1207 1095 1241 1150 et
1257 1106 1325 1149 non
1345 1084 1568 1166 sacerdotalis,
1594 1085 1864 1152 consideratione

503 1187 674 1269 Ludovici,
691 1187 747 1251 filii
762 1188 847 1271 regis
864 1186 1013 1269 Francie,
1029 1189 1161 1254 comitis
1178 1189 1397 1255 Ebroicensis

547 1290 708 1356 Volentes
722 1310 909 1377 personam.
919 1342 942 1355 ..

546 1395 624 1460 Dat.
655 1394 743 1479 apud
768 1393 1060 1474 Castrumnornni,
1090 1393 1327 1460 Arinionensis
1363 1395 1512 1475 diocesis,
1549 1416 1582 1458 11
1617 1395 1683 1461 kal.
1718 1397 1864 1462 octobris

503 1519 593 1563 anno
613 1518 638 1562 1.

546 1600 585 1665 ln
602 1622 631 1666 e.
647 1621 692 1666 m.
708 1600 865 1685 episcopo
882 1599 1112 1666 Cameracensi
1130 1610 1164 1666 et
1185 1601 1313 1666 decano
1330 1601 1559 1667 Laudunensis
1574 1622 1613 1667 ac
1628 1601 1862 1668 archidiacono

502 1703 748 1769 Aurelianensis
764 1703 986 1768 ecclesiarum.

535 1841 596 1900 ch.
609 1840 668 1888 var.
682 1843 721 1895 93,
734 1841 751 1888 l.
767 1844 818 1894 129,
833 1856 857 1887 n.
870 1842 925 1888 372.

546 2005 628 2089 86.
1461 2019 1556 2102 1316,
1572 2040 1614 2083 21
1630 2021 1821 2107 septembre.

544 2123 690 2202 Johanni
708 2124 863 2189 Cressant
878 2124 1046 2189 confertur
1061 2124 1277 2189 canonicatus
1298 2125 1437 2190 ecclesie
1452 2124 1483 2189 S.
1500 2123 1641 2189 Dionisii
1657 2121 1861 2202 Leodiensis,

502 2230 562 2292 snb
578 2226 811 2312 expectatione
827 2226 996 2311 prebende
1011 2226 1149 2309 integre,
1165 2226 1267 2291 libere
1283 2235 1318 2292 et
1342 2247 1410 2291 non
1435 2225 1658 2308 sacerdotalis,
1675 2224 1862 2292 considera·

503 2330 595 2394 tione
611 2328 782 2408 Ludosici,
800 2328 854 2392 lilii
872 2329 956 2412 regis
973 2326 1121 2409 Francie,
1138 2328 1270 2394 comitis
1286 2327 1504 2394 Ebroicensis.

547 2432 708 2497 Volentes
723 2451 910 2516 personam.
921 2482 943 2496 ..

547 2535 625 2600 Dat.
656 2534 744 2619 apud
774 2533 1065 2613 Castrumnoxnm,
1096 2534 1333 2599 Avinionensis
1363 2533 1514 2615 diocesis,
1548 2554 1582 2598 11
1617 2533 1683 2599 kal.
1715 2528 1864 2598 octobris

504 2659 639 2703 annor.

547 2742 585 2807 ln
603 2764 631 2806 e.
648 2762 692 2805 nr.
708 2740 866 2825 episcopo
883 2738 1048 2805 Meldensi
1065 2748 1100 2805 et
1116 2740 1226 2806 abbati
1243 2741 1433 2806 monasterii
1450 2742 1481 2807 S.
1499 2739 1672 2805 Genovele
1688 2738 1722 2802 in
1741 2735 1864 2801 Monte

505 2845 695 2910 Parisiensis
710 2866 749 2910 ac
765 2844 998 2910 archidiacono
1013 2844 1255 2910 Aurelianensi.

535 2984 595 3040 Rea.
609 2985 655 3030 AV.
667 2986 689 3032 3.
702 2983 720 3030 l.
733 2985 792 3029 2919
805 2999 810 3032 ;
823 2982 881 3030 var.
894 2984 932 3031 d‘l.
946 2983 962 3029 l.
978 2985 1041 3036 lti',
1055 2998 1079 3030 11.
1092 2985 1174 3030 39911.

547 3148 625 3231 87.
1463 3163 1557 3245 1316,
1573 3184 1614 3227 21
1631 3165 1823 3249 septembre.

545 3268 677 3333 Thome
707 3267 890 3353 Scriptoris,
921 3269 1095 3353 capellano
1126 3268 1298 3348 GuidoniS,
1314 3268 1446 3334 comitis
1488 3267 1664 3347 Blesensis,
1696 3266 1867 3333 confertur

502 3372 717 3438 canonicatus
741 3371 879 3437 ecclesie
895 3371 926 3436 S.
944 3371 1032 3437 Petri
1058 3372 1100 3437 de
1126 3372 1248 3450 Insula,
1265 3370 1484 3437 Tornacensis
1500 3370 1650 3450 diocesis,
1667 3372 1729 3436 sub
1745 3390 1866 3456 expec-

502 3475 631 3541 tatione
646 3475 815 3560 prebende
831 3475 943 3555 libere,
957 3475 1083 3558 integre
1095 3483 1130 3539 et
1146 3496 1214 3539 non
1234 3474 1456 3556 sacerdotalis,
1467 3495 1536 3538 non
1553 3476 1709 3539 obstante
1725 3472 1818 3558 quod
1833 3472 1866 3536 in

504 3577 642 3643 ecclesia
669 3577 699 3642 S.
716 3577 850 3641 Andree
877 3577 919 3642 de
945 3577 1154 3656 Castriduno,
1171 3577 1384 3642 Camotensis
1400 3577 1550 3659 diocesis,
1566 3576 1811 3663 preposituram
1827 3597 1867 3640 ac

503 3680 737 3747 canonicatum
753 3688 787 3744 et
803 3680 1006 3764 prebendam
1028 3701 1066 3745 ac
1093 3701 1194 3745 unam
1219 3689 1414 3765 perpetuant
1435 3680 1654 3765 capellaniam
1679 3678 1751 3744 sine
1777 3699 1865 3754 cura,

503 3782 806 3849 contradicentibus
821 3782 950 3848 decano
966 3792 1001 3848 et
1016 3783 1163 3868 capitulo
1179 3783 1278 3868 ipsius
1290 3783 1439 3863 ecclesie,
1449 3782 1647 3868 acceptarit.

547 3885 577 3947 V
579 3888 709 3950 olentes
723 3906 910 3971 personam.
921 3937 943 3950 ..

549 3991 625 4054 Dat.
656 3990 745 4074 apud
775 3988 1066 4065 Castrunrnovmn,
1098 3989 1334 4054 Avinionensis
1375 3990 1524 4069 diocesis,
1561 4010 1594 4052 11
1625 3987 1691 4053 kal.
1717 3985 1864 4053 octobris

504 4113 594 4156 anno
616 4112 640 4157 1.

549 4194 587 4258 ln
615 4217 643 4259 e.
669 4216 712 4259 rn.
732 4196 843 4260 abbati
870 4195 1061 4260 monasterii
1087 4196 1365 4279 Aquicinctensis,
1390 4194 1621 4260 Atrebatensis
1651 4191 1803 4273 diocesis
1827 4212 1866 4255 ac

503 4297 736 4363 archidiacono
751 4299 964 4363 Atrebatensi
980 4307 1014 4362 et
1030 4300 1157 4364 cantori
1174 4298 1376 4364 Turonensis
1393 4298 1615 4364 ecclesiarum.

538 4435 597 4496 Reg.
610 4437 657 4484 Av.
671 4439 693 4493 3,
706 4437 723 4483 l.
738 4438 767 4484 ill
779 4452 784 4488 ς
797 4437 856 4485 Vnt.
869 4440 907 4496 63,
921 4439 938 4485 f.
954 4439 1006 4494 138,
1019 4453 1043 4485 n.
1057 4439 1112 4485 42⁸.

547 4599 627 4681 88.
1464 4615 1557 4697 1316,
1575 4633 1614 4676 21
1631 4611 1821 4698 septembre.

547 4716 676 4795 Jacobo
693 4717 839 4794 Castelli,
855 4718 1047 4802 presbitero,
1063 4719 1232 4785 confertur
1248 4718 1464 4784 canonicatus
1480 4716 1619 4782 ecclesie
1630 4715 1661 4780 S.
1672 4711 1866 4782 Audomari.

505 4819 707 4886 Morinensis
722 4820 872 4901 diocesis,
885 4823 945 4885 sub
961 4822 1196 4907 expectatione
1212 4822 1391 4906 prebende,
1404 4820 1673 4886 consideratione
1689 4816 1866 4895 johannis,

503 4924 713 5012 primogeniti
731 4923 903 5002 Gnidonis,
920 4923 1052 4990 comitis
1068 4925 1098 4990 S.
1118 4924 1219 4989 Pauli.

548 5027 708 5092 Volentes
723 5048 941 5112 personam...

548 5132 627 5199 Dat.
639 5131 727 5222 apud
740 5130 1030 5214 Castrumnorum,
1046 5131 1282 5203 Arinionensis
1293 5134 1483 5215 diocesis,11
1499 5131 1564 5202 kal.
1576 5129 1722 5199 octobris
1731 5150 1823 5196 anno
1839 5149 1864 5197 1.
