4409 6017
512 704 572 767 532
1048 672 1206 765 Neuviene
1226 697 1329 762 annae.

557 849 617 929 14
656 848 699 930 2.
1521 884 1590 927 12
1646 884 1694 928 12
1710 864 1836 929 octobre.

514 969 518 975 ’
557 851 801 1033 Exe3utoribus
810 958 989 1034 mandatur
1000 976 1167 1054 quatenus
1178 965 1498 1053 Guidoni,episcopo
1509 883 1865 1049 cgmssracensipmnir

511 1073 599 1137 bona
621 1079 656 1136 et
668 1072 741 1156 jura
755 1071 797 1138 ad
812 1092 965 1138 mensam
981 1072 1209 1159 episcopalem
1224 1070 1412 1157 spectantia
1427 1090 1447 1135 a
1462 1070 1618 1157 capitulo
1635 1070 1738 1138 dicte
1753 1070 1866 1138 ecclam

511 1184 663 1262 tempore
684 1175 867 1242 vacationis
883 1176 970 1243 sedis
986 1172 1237 1239 Cameracensis
1252 1181 1426 1260 occupata,
1442 1172 1574 1239 restitui
1592 1182 1797 1261 procurent

519 1366 535 1409 .·
556 1370 574 1411 a
598 1345 849 1414 venerabilibus
864 1347 1017 1413 fratribus
1028 1397 1046 1413 ..
1058 1345 1245 1411 Vivariensi
1255 1353 1290 1410 et
1301 1394 1321 1411 ..
1341 1346 1576 1412 Attrebatensi
1592 1366 1638 1413 ac
1651 1397 1674 1415 ..
1691 1346 1869 1415 Belvaceusi

509 1451 673 1538 episcopis
683 1452 835 1516 salutem.
844 1451 1052 1536 Significavit
1061 1450 1159 1515 nobis
1168 1449 1369 1515 venerabilis
1378 1449 1479 1516 frater
1488 1458 1608 1516 noster
1624 1449 1761 1534 Guido,
1771 1449 1870 1517 came

508 1554 663 1636 recensis,
682 1555 764 1620 olim
779 1554 1003 1622 Tornacensis
1018 1555 1206 1641 episcopm,
1220 1554 1311 1638 quod
1330 1562 1409 1640 post
1430 1553 1703 1621 translationem
1729 1575 1824 1623 suam
1840 1554 1873 1621 de

508 1657 714 1724 Tomaccnsi
730 1659 872 1725 ecclesia
886 1658 930 1725 ad
947 1659 1229 1724 Cameracensem
1253 1658 1431 1724 ecclesiam
1447 1678 1506 1744 per
1520 1677 1586 1723 nos
1609 1658 1759 1742 factam,
1775 1658 1872 1727 ducati

508 1762 566 1828 lilii
589 1763 773 1849 capitulum
799 1763 949 1846 ejusdem
972 1762 1115 1829 ecclesie
1138 1762 1402 1842 Cameracensis,
1426 1761 1679 1848 pretendentes
1703 1763 1872 1850 regaliain

508 1866 627 1931 eadem
643 1866 880 1932 Cameracensi
897 1866 1050 1948 ecclesia,
1067 1865 1147 1932 sede
1164 1864 1398 1931 Cameracensi
1415 1874 1571 1948 vacante,
1584 1866 1630 1932 ad
1649 1887 1691 1934 se
1706 1868 1872 1955 pertinere,

507 1969 642 2052 fructus,
657 1970 808 2036 redditus
824 1978 858 2035 et
873 1978 1058 2056 proventus
1073 1978 1108 2035 ct
1125 1970 1239 2035 omnia
1255 1970 1494 2051 emolumenta,
1510 1970 1647 2036 ratione
1665 1971 1873 2058 spiritualita-

505 2074 549 2139 tis
564 2094 622 2139 seu
638 2074 900 2160 temporalitatis
916 2074 959 2140 ad
974 2095 1127 2141 mensam
1144 2073 1372 2160 episcopalem
1389 2072 1677 2141 Cameracensem
1693 2076 1872 2163 spectante

505 2187 716 2264 occuparunt
750 2187 784 2243 et
814 2186 1046 2265 perceperunt,
1078 2198 1218 2244 nemora
1244 2177 1334 2244 dicte
1365 2197 1481 2242 mense
1511 2177 1670 2260 succindi
1700 2188 1738 2247 et
1765 2181 1872 2269 piscari

503 2281 648 2367 piscinas
662 2281 826 2362 faciendo,
837 2282 1001 2347 beneficia
1010 2281 1241 2347 ecclesiastica
1250 2281 1294 2348 ad
1305 2281 1455 2367 episcopi
1467 2279 1742 2367 Cameracensis,
1761 2287 1819 2371 qui
1832 2293 1872 2351 ert

504 2405 564 2470 pro
586 2394 749 2471 ternpore,
772 2386 991 2451 collationem
1017 2385 1207 2470 spectantia
1236 2384 1442 2451 conferendo
1475 2393 1510 2450 et
1540 2384 1823 2455 administrando
1847 2388 1871 2453 in

505 2489 661 2555 omnibus
675 2510 737 2575 pro
751 2509 868 2555 eorum
878 2489 975 2555 libito
991 2489 1186 2569 voluntatis
1202 2497 1238 2554 et
1253 2488 1362 2555 adhuc
1381 2489 1495 2554 omnia
1509 2491 1599 2554 bona
1619 2496 1660 2555 et
1673 2490 1755 2576 jura
1768 2513 1872 2558 mense

507 2592 657 2678 predicte
679 2592 835 2659 detinent
850 2603 1025 2679 occupata.
1043 2592 1156 2676 Quare
1180 2592 1329 2679 prefatus
1345 2592 1522 2678 episcopus
1537 2592 1581 2658 ad
1595 2613 1664 2660 nos
1692 2615 1801 2683 super
1822 2597 1874 2662 hiis

507 2695 631 2762 devote
646 2717 828 2778 recurrens,
845 2697 943 2761 nobis
965 2696 1138 2762 humiliter
1160 2696 1363 2783 supplicavit
1389 2705 1425 2761 ut
1449 2698 1540 2762 bona
1564 2703 1601 2762 et
1622 2697 1706 2783 jura
1730 2700 1875 2787 predicta

507 2800 569 2866 sibi
589 2800 719 2866 restitui
735 2801 980 2867 mandaremus.
1002 2799 1077 2866 Nos
1098 2800 1231 2885 igitur...
1248 2799 1448 2866 fraternitati
1465 2808 1576 2866 vestre
1601 2821 1665 2887 per
1691 2805 1874 2891 apostolica

507 2904 632 2991 scripta
647 2903 846 2971 mandamus
861 2913 1028 2991 quatenus
1043 2924 1105 2970 vos
1120 2905 1174 2969 vel
1190 2904 1258 2971 duo
1282 2914 1341 2970 aut
1356 2925 1442 2970 unus
1466 2913 1628 2987 vestrum,
1652 2926 1721 2993 per
1744 2930 1811 2977 vos
1828 2908 1874 2977 rel

506 3029 566 3094 per
580 3008 683 3075 alium
699 3030 758 3075 scu
777 3010 870 3091 alios,
897 3009 1045 3095 prefatos
1061 3008 1247 3094 capitulum
1262 3030 1303 3074 ex
1327 3016 1422 3095 parte
1438 3016 1554 3074 nostra
1568 3029 1718 3078 monere
1733 3022 1772 3081 et
1789 3014 1873 3081 indu·

505 3134 580 3179 cere
597 3113 781 3199 procuretis
791 3122 828 3179 ut
839 3113 949 3179 eidem
966 3114 1127 3199 episcopo
1142 3113 1198 3178 vel
1213 3113 1284 3197 ejus
1299 3113 1430 3179 nunciis
1443 3134 1502 3179 seu
1516 3113 1652 3180 vicariis
1669 3124 1709 3182 et
1722 3138 1872 3204 procura·

503 3218 640 3298 toribus,
656 3220 746 3282 bona
761 3227 796 3282 et
809 3219 882 3303 jura
901 3218 1014 3282 omnia
1030 3238 1146 3281 mense
1162 3216 1312 3303 predicte
1328 3219 1442 3283 statim
1464 3218 1676 3302 integraliter
1693 3224 1869 3290 restituant

504 3331 539 3385 ct
561 3322 743 3406 assignent,
764 3323 890 3386 nullam
916 3321 1129 3386 occasionem
1154 3321 1231 3386 inde
1254 3331 1426 3386 sumentes
1453 3321 1543 3406 quod
1569 3321 1662 3387 idem
1696 3328 1870 3415 episcopus

505 3425 699 3511 homagium
709 3445 777 3490 non
791 3425 990 3504 lecerit,nec
996 3425 1225 3509 juramentum
1238 3425 1409 3490 fidelitatis
1419 3426 1548 3491 ratione
1560 3427 1709 3495 ecclesie
1722 3431 1868 3497 Camera-

504 3529 612 3594 censis
627 3528 809 3614 prestitcrit
830 3528 899 3613 regi
931 3528 1171 3609 Romanorum,
1193 3549 1270 3594 curn
1293 3537 1447 3614 tempore
1469 3530 1706 3598 translationis
1728 3535 1868 3620 predicte

504 3635 613 3698 nullus
639 3654 696 3697 rex
724 3632 952 3697 Romanorum
969 3632 1076 3714 fuerit,
1101 3653 1167 3697 ncc
1189 3633 1299 3698 adhuc
1315 3634 1367 3710 sit,
1384 3633 1435 3699 cui
1459 3634 1663 3700 fidelitatem
1680 3658 1745 3703 seu
1762 3640 1867 3706 homa·

501 3738 592 3821 gium
608 3737 716 3803 lacere
742 3746 913 3802 teneretur
929 3758 987 3801 seu
1012 3737 1116 3801 etiarn
1141 3744 1317 3817 teneatur;
1335 3738 1378 3803 ad
1405 3737 1439 3804 id
1454 3759 1523 3820 eos,
1540 3739 1567 3804 si
1593 3741 1802 3826 expedierit,
1817 3762 1865 3830 per

500 3860 675 3906 censuram
699 3841 972 3922 ecclesiasticam,
997 3840 1230 3926 appellatione
1256 3842 1456 3927 postposita,
1484 3844 1744 3928 compellendo.
1769 3849 1864 3933 Super

499 3944 718 4029 proventibus
734 3964 824 4023 vero,
840 3943 1027 4009 redditibus
1043 3952 1077 4008 et
1093 3945 1333 4010 emolumentis
1348 3945 1507 4031 predictis
1529 3966 1588 4032 per
1615 3948 1772 4033 prefatos
1787 3948 1861 4036 capi·

499 4048 618 4128 tulum,
634 4067 693 4112 seu
708 4046 751 4111 de
776 4047 939 4113 mandato
963 4048 1121 4133 ipsorum,
1145 4048 1313 4134 perceptis
1340 4049 1453 4115 medio
1477 4059 1634 4135 tempore
1662 4051 1708 4119 de
1729 4055 1859 4121 boniset

496 4151 623 4235 juribus
639 4151 819 4236 prelibatis,
836 4152 1022 4216 exhibeatis
1038 4151 1148 4216 cidem
1166 4153 1327 4237 episcopo
1351 4154 1531 4219 summarie
1554 4154 1650 4220 etde
1666 4158 1783 4242 plano,
1797 4158 1856 4223 sine

499 4255 641 4340 strepitu
657 4264 691 4319 et
707 4255 810 4338 figura
822 4255 948 4338 judicii,
961 4255 1091 4339 justitie
1108 4256 1406 4342 complementum,
1424 4257 1585 4322 facientes
1602 4261 1698 4343 quod
1714 4262 1853 4328 decrero

498 4358 579 4440 ritis,
607 4375 747 4424 censura
775 4359 884 4440 simili,
911 4360 1140 4445 appellatione
1170 4369 1334 4444 cessante,
1364 4362 1502 4426 firmiter
1532 4363 1719 4433 observari.
1755 4366 1853 4432 Testes

499 4470 653 4527 autem...
674 4462 750 4527 Dat.
767 4462 866 4528 Avin.
883 4487 902 4547 4
919 4463 964 4528 id.
981 4465 1129 4528 octobris
1145 4485 1235 4529 anno
1253 4486 1312 4544 9.»
1885 4449 1888 4458 ⁵

532 4602 591 4663 ch.
607 4606 655 4651 Ar.
671 4606 711 4661 22,
726 4604 744 4651 f.
760 4605 801 4650 82⁸⁴
817 4619 822 4653 ;
836 4602 894 4652 l'at.
911 4606 949 4662 aa,
966 4604 982 4651 i.
999 4607 1038 4662 50,
1054 4618 1078 4651 n.
1096 4606 1150 4652 ltitt.

545 4776 687 4858 1433.
1503 4811 1600 4877 1324,
1618 4814 1663 4859 12
1678 4799 1818 4862 octobre.

541 4893 697 4973 Guidoni,
741 4894 900 4979 episcopo
946 4894 1193 4976 Cameracensi,
1238 4894 1360 4961 dantur
1401 4904 1563 4981 tanquam
1611 4910 1851 4967 conservatores

500 4997 664 5064 S.Odoeni
676 4996 959 5082 Rothonragensis
975 5008 1009 5062 et
1022 4997 1256 5081 Bononiensis,
1269 4998 1472 5065 Morinensis
1482 5000 1635 5080 diocesis,
1647 5003 1851 5072 monasterio

500 5124 572 5168 rum
590 5105 728 5167 abbates
743 5123 782 5168 ac
798 5102 1053 5167 archidiaconus
1069 5103 1272 5171 Parisiensis.
