4409 6017
491 722 551 787 520
1035 722 1183 789 Huitibme
1203 722 1306 789 annia.

490 870 623 936 ratione
638 871 760 953 Caroli,
775 874 862 959 regis
878 873 1030 956 Francie,
1046 893 1115 939 non
1132 874 1289 937 obstante
1304 871 1394 957 quod
1410 872 1518 940 dictus
1534 873 1635 960 Rogo
1661 876 1699 943 in
1722 878 1861 945 ecclesia

491 974 522 1040 S.
540 974 630 1040 Petri
647 975 843 1059 Duacensis,
858 976 1093 1058 Atrebatensis
1116 976 1268 1058 diocesis,
1284 978 1345 1042 sub
1372 978 1611 1063 expectatione
1635 981 1861 1067 prebendein

492 1080 693 1145 canonicum
709 1088 761 1146 est
776 1089 942 1167 receptus.

536 1182 707 1250 Nobilitas
722 1185 891 1270 generis...

538 1286 616 1352 Dat.
632 1287 731 1354 Avin.
748 1312 767 1372 4
783 1309 863 1355 non.
883 1289 1084 1377 septembris
1098 1309 1189 1355 anno
1205 1291 1235 1354 8.

525 1444 586 1505 Reg.
599 1444 646 1492 Av.
659 1446 698 1502 21,
709 1443 729 1493 f.
741 1445 788 1492 352
799 1460 805 1501 ;
818 1445 878 1494 Vat.
892 1448 930 1505 77,
943 1445 961 1494 i.
974 1446 1029 1505 304,
1041 1460 1067 1494 n.
1080 1445 1151 1493 1848.

542 1619 677 1703 1391.
1472 1649 1568 1716 1324,
1579 1650 1605 1712 3
1621 1636 1823 1720 septembre.

543 1736 696 1819 Mathe0,
711 1746 795 1803 nato
811 1736 975 1803 Guidonis
990 1737 1113 1803 Sanina
1133 1736 1176 1801 de
1193 1734 1346 1817 Foliano,
1362 1733 1477 1800 militis
1495 1733 1625 1820 Regini,
1643 1736 1863 1804 conferuntur

497 1840 716 1908 canonicatus
731 1850 765 1907 et
780 1841 951 1927 prebenda
966 1840 1108 1908 ecclesie
1125 1839 1252 1925 Regine
1268 1848 1431 1905 vacantes
1440 1859 1500 1925 per
1511 1838 1776 1926 promotionem
1792 1840 1864 1907 Bar-

496 1947 662 2012 tholomei
677 1947 720 2012 ad
735 1946 1061 2034 archiepiscopatum
1077 1944 1283 2022 Januensem
1300 1946 1357 2030 (¹),
1373 1964 1441 2008 non
1462 1945 1620 2008 obstante
1647 1943 1745 2029 quod
1771 1966 1865 2013 cano

499 2050 648 2117 nicatum
679 2052 819 2117 ecclesie
849 2051 880 2116 S.
916 2049 1099 2116 Donatiani
1136 2050 1324 2136 Brugensis,
1357 2046 1581 2115 Tornacensis
1619 2048 1785 2133 diocesis,
1811 2054 1864 2117 sub

496 2154 732 2241 expectatione
747 2154 917 2241 prebende
932 2153 1073 2220 obtinet.

541 2245 711 2325 Nobilitas
725 2258 866 2344 generis.
875 2311 896 2324 ..

540 2362 618 2428 Dat.
635 2362 734 2429 Avin.
752 2383 769 2447 3
787 2383 866 2429 non.
882 2362 1081 2448 septembris
1096 2382 1187 2427 anno
1203 2363 1233 2428 8.

541 2465 581 2531 In
607 2487 636 2533 e.
661 2488 706 2532 m.
731 2466 891 2552 magistro
917 2465 1064 2543 Johanni
1088 2465 1131 2531 de
1155 2465 1271 2552 Regio,
1293 2464 1466 2552 preposito
1491 2462 1695 2548 Parmensis,
1722 2466 1865 2535 Camere
1906 2514 1907 2575 p

497 2572 683 2657 apostolice
707 2570 840 2651 clerico,
857 2579 891 2636 et
916 2570 959 2636 de
974 2568 1092 2656 Bagno
1107 2590 1148 2637 ac
1163 2570 1205 2637 de
1220 2571 1416 2649 Salvaterra,
1434 2567 1562 2653 Regine
1577 2567 1739 2655 diocesis,
1764 2574 1865 2641 archi·

496 2675 689 2760 presbiteris
703 2675 927 2742 ecclesiarum.

531 2812 592 2874 Bag.
604 2813 651 2862 nv.
664 2814 703 2872 21,
715 2813 733 2861 r.
747 2816 793 2861 arr
805 2829 811 2869 ;
823 2813 882 2862 va.
896 2816 934 2872 rr,
946 2813 964 2861 r.
977 2815 1045 2871 actv,
1057 2826 1082 2861 n.
1097 2813 1168 2861 1744.

543 2982 684 3068 1392.
1038 2997 1152 3084 [1323,
1165 3017 1190 3081 5
1205 2999 1383 3085 septembre
1399 3040 1440 3050 -
1457 3020 1551 3084 1324,
1565 3020 1586 3084 4
1602 3006 1822 3093 septembre}

543 3101 728 3182 Ludovico,
745 3101 860 3167 comiti
888 3100 1054 3183 Flandrie,
1067 3110 1101 3167 et
1127 3101 1277 3167 Roberto
1302 3102 1345 3167 de
1362 3102 1528 3184 Flandria,
1544 3111 1667 3189 patruo
1682 3127 1760 3191 suo,
1778 3130 1865 3175 man-

501 3207 598 3272 datur
622 3205 714 3291 quod
737 3206 849 3271 littere
874 3226 990 3270 eorum
1014 3206 1056 3271 de
1083 3204 1262 3271 concordia
1287 3205 1433 3273 invicem
1453 3208 1535 3275 inita
1554 3209 1705 3275 letanter
1728 3222 1864 3301 accepte
1906 3232 1907 3289 l

502 3312 604 3394 sunt(
623 3311 647 3393 ).

548 3465 768 3545 «Ludovico,
798 3464 913 3531 comiti
942 3464 1109 3531 Flandrie.
1135 3464 1208 3529 Tue
1232 3465 1418 3531 nobilitatis
1443 3486 1575 3532 necnon
1601 3476 1635 3534 et
1663 3469 1785 3539 dilecti
1813 3472 1863 3538 filii

500 3570 623 3636 nobilis
639 3570 701 3634 viri
716 3570 854 3636 Roberti
871 3570 913 3635 de
930 3567 1096 3651 Flandria,
1113 3568 1222 3654 patrui
1238 3569 1298 3650 tui,
1314 3569 1422 3637 missis
1438 3591 1544 3657 nuper
1559 3571 1658 3639 nobis
1684 3574 1719 3640 in
1749 3577 1863 3644 eadem

502 3674 623 3760 pagina
658 3673 778 3740 litteris
811 3682 972 3739 consueta
1007 3672 1216 3758 benignitate
1242 3674 1396 3759 receptis,
1421 3674 1463 3740 de
1500 3675 1680 3742 concordia
1709 3679 1863 3756 invicem,

499 3787 670 3843 annuente
699 3777 857 3857 Domino,
883 3776 975 3857 inita,
992 3797 1110 3862 ymmo
1136 3776 1278 3842 validius
1299 3776 1456 3860 excitata,
1483 3799 1583 3863 quarn
1610 3780 1759 3848 letanter
1774 3805 1863 3851 acce·
1904 3819 1907 3899 Ι

500 3884 619 3970 pimus,
635 3883 707 3964 tibi,
723 3883 779 3964 fili,
795 3883 953 3969 gaudenti
977 3891 1156 3969 propterea
1182 3883 1413 3969 multipliciter
1438 3884 1701 3970 congaudemus,
1727 3900 1863 3976 agentes

501 3986 580 4053 inde
595 3986 770 4053 Altissimo
785 3987 908 4073 gratias
923 3996 958 4052 et
974 3995 1132 4073 optantes
1148 3987 1312 4052 immense
1328 3987 1429 4072 quod,
1445 3988 1530 4055 sicut
1547 4010 1588 4054 ex
1603 3989 1676 4075 ipsa
1686 3993 1862 4062 concordia

500 4093 682 4178 prudenter
698 4094 792 4178 plura
806 4095 896 4158 bona
913 4099 1117 4177 proventura
1132 4090 1332 4173 consideras,
1349 4092 1396 4157 sic
1420 4092 1463 4159 ad
1487 4092 1560 4183 ejus
1585 4094 1714 4160 cultum
1740 4098 1861 4165 incom-

500 4196 707 4261 mutabiliter
730 4206 765 4261 te
791 4196 960 4283 disponas.
992 4196 1163 4261 Dilectum
1187 4216 1267 4261 vero
1294 4196 1433 4262 filium..
1464 4198 1622 4262 abbatem
1646 4198 1690 4264 de
1718 4199 1861 4279 Verzela,

501 4321 601 4385 quem
617 4300 649 4364 in
667 4300 805 4385 negotio
820 4300 909 4366 dicte
926 4298 1106 4366 concordie
1122 4299 1331 4384 laudabiliter
1346 4302 1513 4367 laborasse
1529 4302 1674 4383 testaris,
1687 4324 1790 4391 super
1804 4307 1862 4371 hoc

501 4405 534 4469 in
561 4404 711 4469 Domino
736 4405 917 4490 plurimum
942 4402 1218 4469 commendamus
1232 4426 1240 4482 ;
1265 4403 1308 4468 de
1346 4425 1413 4488 quo
1451 4425 1518 4469 non
1552 4405 1721 4474 credimus
1749 4410 1862 4475 leviter

500 4508 624 4593 aliquid
646 4508 736 4593 quod
763 4530 820 4573 sue
847 4507 1020 4574 devotioni
1044 4507 1236 4574 detraheret
1260 4516 1294 4572 et
1311 4509 1506 4594 opinionem
1532 4530 1627 4575 suam
1643 4514 1738 4598 apud
1755 4535 1817 4581 nos
1832 4521 1862 4578 et

502 4613 622 4678 Scdem
639 4613 861 4697 apostolicam
878 4619 1083 4697 aggravaret.

536 4830 557 4875 l.
577 4825 741 4889 llartlidldmy
752 4828 784 4875 dc
797 4828 899 4888 lleggio,
913 4826 1015 4875 nomme.
1032 4829 1055 4876 lc
1074 4829 1103 4877 18
1120 4828 1205 4891 juillet
1226 4831 1285 4877 1321
1306 4831 1409 4890 (Rubel,
1422 4838 1440 4880 t.
1456 4832 1474 4889 l,
1486 4846 1511 4895 p.
1523 4833 1590 4892 292).
1602 4859 1634 4867 -
1646 4835 1670 4882 2.
1690 4834 1713 4882 ll
1724 4835 1802 4899 s'agit
1811 4850 1862 4885 mne

501 4908 579 4956 ‹loutc
592 4910 623 4956 ici
644 4908 676 4955 dc
695 4909 770 4956 l’actc
786 4909 948 4970 ‹lliommage
965 4908 1037 4971 pri-ld
1049 4925 1082 4957 au
1094 4915 1179 4959 comte
1197 4910 1230 4960 dc
1255 4912 1365 4960 l'landre
1383 4927 1429 4975 par·
1446 4926 1489 4960 son
1508 4913 1581 4962 oncle
1593 4913 1693 4964 Robert
1703 4916 1736 4965 ‹le
1749 4918 1862 4977 Caeseti

503 4989 591 5053 Yprcs,
612 4991 636 5038 lu
658 4994 686 5038 ll)
706 4990 790 5052 juillet
812 4994 874 5039 1323
895 4992 936 5050 (dc
957 4992 1201 5053 Lirrrburg·Sti1‘u111,
1225 4992 1306 5042 (brien
1318 4993 1501 5057 diplouurtieus
1514 4994 1669 5055 Flaadriue,
1682 5004 1702 5047 t.
1715 4999 1752 5058 ll,
1766 5015 1790 5064 p.
1802 5001 1863 5060 366).

507 5071 643 5121 L'absence
654 5073 767 5121 d'autrus
778 5072 872 5122 details
884 5088 915 5122 ne
927 5077 1024 5137 permut
1039 5088 1084 5137 pas
1094 5074 1126 5122 de
1138 5074 1248 5137 [11001301-
1260 5075 1284 5123 lu
1296 5076 1357 5125 (lale
1368 5076 1400 5125 de
1409 5081 1478 5126 cette
1487 5075 1614 5138 bullo,qui
1624 5092 1651 5126 se
1665 5082 1760 5131 trouve
1771 5082 1834 5132 dans
1845 5081 1864 5130 le

504 5153 610 5215 registra
621 5153 666 5202 des
678 5154 767 5203 lettres
777 5155 809 5204 de
822 5155 847 5203 la
859 5153 982 5204 huitieme
993 5154 1075 5204 annea
1086 5155 1119 5204 de
1130 5156 1195 5205 dean
1209 5157 1299 5207 XXll.
