4409 6017
434 708 495 772 226
972 705 1128 772 Deuxieme
1149 706 1252 771 annae.

433 859 735 924 archidiaconatum
747 856 979 923 l'astinensem
995 857 1026 921 in
1041 857 1304 943 Senonensi,per
1316 857 1444 924 obitum
1459 858 1631 943 quondam
1646 858 1787 942 magistri

432 963 506 1028 ilde
527 963 569 1027 de
586 962 741 1040 Pruvin0,
757 971 792 1026 et
814 961 954 1027 dilectus
981 961 1065 1026 filius
1081 960 1279 1026 Guillelmus
1302 961 1345 1026 de
1360 960 1498 1027 Ordone
1521 962 1739 1027 camerariam
1760 962 1789 1026 iu

433 1065 630 1131 Carnotensi
658 1064 815 1143 ecclesiis,
839 1085 899 1149 per
923 1064 1052 1129 obitum
1080 1064 1251 1148 quondam
1273 1064 1421 1148 magistri
1448 1064 1537 1130 Petri
1564 1065 1607 1131 de
1632 1064 1791 1130 Sabaudia

432 1180 512 1235 tunc
527 1177 696 1248 vacantes,
713 1189 753 1233 ex
770 1168 951 1233 collatione
969 1168 1210 1232 ordinariorum
1235 1167 1342 1233 fuistis
1362 1168 1504 1253 pacifice
1519 1168 1664 1234 assecuti
1680 1190 1688 1246 ;
1705 1178 1792 1253 post·

432 1273 568 1338 modum
584 1282 707 1348 autem,
723 1272 896 1357 cupientes
908 1272 1089 1355 dignitates
1105 1271 1294 1355 hujusmodi
1321 1293 1361 1335 ex
1389 1273 1487 1337 certis
1508 1271 1617 1338 causis
1641 1270 1794 1356 legitimis

430 1377 472 1442 ad
493 1376 638 1441 invicem
664 1385 864 1461 permutare,
891 1386 928 1440 tu
953 1375 1271 1455 archidiaconatum,
1298 1374 1495 1442 Guillelmus
1519 1395 1600 1440 vero
1627 1375 1794 1460 predictus

429 1480 642 1545 camerariam
676 1478 823 1565 prelatos
905 1480 938 1543 in
977 1479 1129 1543 manibus
1160 1479 1305 1563 ipsorum
1337 1478 1576 1545 ordinariorum
1610 1480 1715 1543 libere
1748 1500 1794 1542 re-

428 1584 581 1668 signastis
596 1607 605 1663 ;
622 1583 811 1669 hujusmodi
828 1604 908 1648 vero
924 1583 1200 1667 resignationibus
1223 1586 1265 1647 ab
1290 1582 1462 1649 ordinariis
1488 1583 1566 1670 ipsis
1580 1582 1736 1669 receptis,
1758 1593 1794 1646 tu

428 1688 640 1754 camerariam
677 1688 781 1773 ipsam
818 1688 906 1753 luisti
934 1708 975 1752 ex
1005 1687 1187 1752 collatione
1213 1687 1419 1754 ordinaria...
1447 1687 1586 1774 pacifice
1611 1694 1792 1752 assecutus.

429 1793 550 1857 Verum
583 1792 669 1877 quia,
695 1792 779 1857 sicut
804 1790 1021 1878 postmodum
1056 1791 1098 1856 ad
1128 1799 1220 1856 tuam
1248 1792 1401 1877 pervenit
1425 1791 1591 1872 notitiam,
1618 1790 1731 1856 Adam
1760 1798 1793 1853 et

428 1897 543 1962 Petrus
566 1895 706 1982 predicti
729 1896 827 1960 fuisse
853 1896 1009 1960 dicuntur
1036 1894 1130 1959 Sedis
1155 1894 1339 1980 apostolice
1361 1896 1524 1980 capellani
1553 1903 1589 1960 et
1614 1903 1792 1981 propterea

425 2001 662 2087 pennutationi
679 2011 713 2064 et
730 1999 900 2064 collationi
917 1999 1118 2084 hujusmodi,
1136 1999 1363 2064 reservatione
1378 1998 1530 2063 omnium
1552 1998 1791 2064 beneficiorum

425 2124 697 2188 quorumcunque
714 2104 962 2188 capellanorum
988 2101 1081 2167 Sedis
1096 2102 1245 2187 ejusdem
1275 2102 1463 2187 ubicunque
1480 2101 1720 2168 decedentium
1735 2121 1791 2187 per

426 2208 528 2273 felicis
537 2206 778 2272 recordationis
789 2204 1000 2270 Clementem
1018 2226 1139 2291 papam
1157 2204 1196 2284 V,
1209 2205 1479 2290 predecessorem
1492 2215 1656 2285 nostrum,
1673 2204 1790 2270 facta...

426 2312 619 2389 obsistente,
632 2309 764 2374 dubitas
781 2309 885 2375 inhac
895 2319 988 2395 parte
1005 2309 1065 2374 tibi
1078 2309 1299 2395 prejudicium
1315 2309 1499 2390 imminere,
1510 2309 1608 2375 nobis
1622 2308 1790 2373 humiliter

425 2413 617 2502 supplicasti
636 2421 673 2477 ut
688 2412 864 2498 providere
891 2414 950 2478 tibi
967 2433 1065 2498 super
1080 2413 1147 2478 lroc
1163 2412 1205 2477 de
1221 2423 1389 2498 oportuno
1404 2412 1554 2479 remedio
1569 2412 1789 2497 dignaremur.

426 2519 500 2584 Nos
516 2518 639 2601 itaque,
655 2516 872 2582 attendentes
887 2516 1063 2582 laudabilia
1078 2517 1168 2582 dona
1184 2517 1345 2582 virtutum
1362 2538 1460 2604 super
1475 2517 1593 2602 quibus
1616 2515 1709 2602 apud
1731 2535 1788 2579 nos

427 2621 668 2704 lidediguorum
685 2620 879 2685 testimonia
902 2629 937 2684 te
962 2620 1235 2686 commendant...
1256 2620 1445 2705 hujusmodi
1461 2620 1680 2687 collationem
1704 2618 1789 2685 dicte

426 2724 603 2790 camerarie
619 2722 677 2787 tibi
692 2722 824 2801 factam,
834 2733 869 2788 ut
884 2724 1339 2809 premittitur,approbantes,
1352 2745 1426 2790 earn
1441 2724 1641 2789 auctoritate
1657 2732 1789 2810 aposto

426 2829 490 2893 lica
506 2849 546 2891 ex
561 2836 652 2892 certa
667 2826 806 2892 scientia
823 2828 1059 2892 conlinnamus
1076 2827 1247 2913 ipsamque
1263 2827 1471 2893 decemimus
1485 2829 1623 2913 plenam
1639 2827 1789 2892 obtinere

427 2930 554 2994 roboris
572 2929 773 3004 limritatem‚
790 2932 984 3015 supplentes
1001 2951 1136 2994 omnem
1154 2930 1333 3011 delectum,
1349 2931 1375 2995 si
1400 2931 1473 3015 quis
1494 2930 1527 2994 in
1543 2931 1789 3016 permutatione

427 3044 461 3099 et
495 3033 675 3099 collatione
702 3034 902 3118 hujusmodi,
927 3034 1038 3121 quoad
1061 3046 1154 3099 tuam
1179 3035 1344 3099 duntaxat
1379 3054 1566 3121 personam,
1594 3033 1717 3115 extitit,
1750 3033 1790 3098 de

427 3138 610 3224 apostolice
642 3137 849 3222 plenitudine
886 3139 1073 3224 potestatis,
1104 3138 1254 3223 predicta
1285 3138 1511 3204 reservatione
1548 3137 1791 3223 predecessoris

427 3242 575 3326 ejusdem
591 3252 624 3305 et
642 3242 790 3325 qualibet
806 3243 870 3306 alia
885 3242 1126 3308 constitutione
1142 3262 1240 3327 super
1255 3242 1320 3308 hoc
1337 3243 1370 3306 in
1387 3242 1590 3308 contrarium
1607 3242 1700 3308 edita
1722 3263 1790 3308 non

425 3349 591 3428 obstante,
608 3346 678 3410 sire
694 3347 784 3429 quod
802 3347 833 3409 in
845 3347 984 3411 ecclesia
994 3347 1151 3420 Aniensi,
1165 3345 1367 3412 Morinensis
1382 3347 1534 3428 diocesis
1550 3347 1788 3412 canonicatum

424 3459 458 3514 et
486 3449 690 3534 prebendam
718 3451 862 3515 nosceris
889 3450 1050 3515 obtinere.
1079 3447 1171 3514 Nulli
1203 3472 1336 3533 ergo...
1368 3451 1446 3516 Dat.
1477 3450 1577 3517 Asin.
1609 3449 1676 3516 kal.
1709 3451 1786 3516 maii

424 3574 513 3619 anno
526 3575 554 3620 2.
573 3576 589 3615 n

457 3692 517 3749 Πομ.
530 3694 576 3739 Av.
590 3694 624 3741 ltt.
639 3693 655 3739 f.
671 3694 714 3737 llb'
728 3707 733 3741 ς
749 3691 804 3738 l'ar.
818 3694 855 3740 titt.
870 3692 886 3738 i.
900 3694 953 3744 2115,
967 3705 991 3738 n.
1006 3692 1076 3738 lttflt't.

464 3875 703 3958 581-582.
1499 3894 1594 3973 1318,
1618 3915 1639 3957 2
1664 3898 1743 3961 mat

464 3993 588 4058 Abbati
605 3994 796 4057 monasterii
815 3992 852 4058 B.
870 3993 977 4058 Marie
994 3994 1027 4057 in
1045 3993 1197 4068 Boionia,
1213 3993 1413 4083 Morinensis
1429 3995 1579 4075 diocesis
1596 3997 1788 4076 mandatur,

421 4096 463 4161 ad
481 4096 673 4161 instantiam
690 4097 837 4182 episcopi
856 4096 1069 4170 Morinensis,
1087 4105 1252 4180 quatenus
1268 4120 1307 4163 ea
1324 4120 1388 4182 que
1403 4099 1445 4163 de
1461 4099 1557 4164 bonis
1575 4100 1619 4166 ad
1634 4121 1788 4167 mensam

420 4200 500 4264 dicti
517 4199 664 4284 episcopi
692 4202 920 4285 spectantibus
945 4201 1062 4265 illicite
1083 4201 1227 4265 alienata
1251 4201 1425 4281 invenerit,
1442 4203 1483 4267 ad
1501 4204 1553 4287 jus
1578 4212 1613 4269 et
1640 4207 1788 4291 proprie-

420 4311 526 4366 tatem
542 4303 689 4387 ejusdem
706 4325 821 4369 mense
837 4325 994 4370 revocare
1013 4314 1178 4389 procuret.

466 4404 668 4470 Venerabilis
692 4407 830 4473 fratris...

465 4509 542 4574 bat.
559 4509 658 4575 Asin.
678 4516 694 4568 o
712 4533 791 4576 uon.
808 4512 884 4576 maii
902 4533 990 4576 amm
1009 4535 1037 4578 2.

454 4648 532 4708 t'opiu
549 4649 614 4695 «laus
635 4665 667 4696 uu
688 4661 746 4698 acro
758 4651 791 4696 dn
810 4653 836 4696 ttt
850 4653 898 4698 nini
916 4654 975 4697 tata
988 4666 1039 4697 nux
1053 4652 1178 4701 ‚trulrirer
1187 4654 1220 4700 dc
1232 4653 1345 4702 l'dvicln't
1357 4672 1372 4703 a
1386 4656 1490 4714 Bruges,
1503 4656 1645 4704 cartulaire
1656 4657 1690 4706 de
1702 4661 1784 4707 saint

421 4725 516 4773 llartin
529 4729 638 4790 d'l'prcs
649 4732 796 4790 (itui-unna
811 4734 935 4794 nigrum),
948 4734 964 4780 l'.
978 4736 1016 4781 5¹2.
1034 4762 1054 4766 --
1078 4734 1106 4784 Ε.
1121 4736 1186 4795 l‘cys
1197 4748 1219 4782 ct
1237 4739 1265 4784 il.
1278 4737 1357 4796 Noto,
1376 4736 1421 4783 Lau
1436 4737 1595 4785 tartidate-ax
1606 4737 1637 4784 dc
1650 4738 1676 4785 lu
1686 4740 1785 4802 pruritu

419 4806 449 4851 dr·
461 4809 649 4856 atina-,trioni
663 4811 676 4855 il
700 4813 783 4874 l'pria,
799 4824 816 4860 t.
833 4815 863 4862 ll.
879 4817 957 4874 1».le
972 4817 1078 4872 tlcxtcl.

461 5013 546 5074 582.
564 5045 605 5054 -
620 5007 735 5072 Eidem
753 5008 930 5073 mandatur
946 5016 1110 5091 quatenus
1127 5030 1166 5073 ea
1182 5029 1246 5092 que
1274 5008 1315 5072 de
1340 5009 1436 5074 bonis
1453 5030 1569 5074 mense
1585 5010 1781 5097 episcopalis

419 5107 621 5176 Morinensis
631 5115 672 5175 ab
690 5113 854 5197 episcopis
868 5111 1114 5177 llorinensibus
1130 5134 1188 5199 per
1198 5113 1432 5178 concessiones
1447 5113 1489 5179 ad
1506 5113 1636 5179 firmam
1654 5118 1707 5180 vel
1723 5117 1780 5180 sub
