4409 6017
962 740 1089 808 Sixibne
1110 742 1213 809 anuto.
1705 748 1768 813 405

451 887 534 953 Dat.
549 888 650 957 Avin.
670 909 707 974 15
724 888 791 956 kal.
807 888 937 975 augusti
953 910 1044 957 anno
1061 895 1091 958 6.

450 989 494 1056 In
509 1012 539 1056 e.
554 1012 600 1060 m.
617 992 731 1059 abbati
746 993 940 1059 monasterii
956 994 988 1060 S.
1005 994 1179 1062 G'enovele
1194 1005 1230 1063 et
1242 999 1370 1065 cantori
1387 997 1581 1065 Parisiensis
1596 1018 1635 1063 ac
1650 998 1769 1083 magis-

403 1103 460 1160 tro
475 1093 579 1161 Petro
594 1096 637 1162 de
650 1093 788 1179 Fractis‚
804 1097 969 1164 canonico
978 1097 1142 1165 Gaietane
1158 1102 1384 1168 ecclesiarum.

437 1233 502 1295 aeg.
519 1234 567 1284 av.
585 1236 622 1294 rr,
634 1235 655 1286 f.
671 1237 716 1282 103
729 1251 736 1293 ;
748 1234 807 1284 vm.
823 1236 894 1296 131.
909 1238 976 1296 serv,
990 1250 1015 1287 n
1032 1238 1102 1288 1003.

448 1413 597 1499 1068.
1440 1456 1538 1519 1333,
1555 1438 1600 1501 18
1606 1433 1728 1518 yiu‘llet.

448 1537 470 1616 J
473 1540 599 1605 ohanni
624 1542 666 1608 de
691 1541 806 1628 Bloys,
822 1543 1090 1612 consideratione
1122 1542 1244 1625 Caroli,
1268 1540 1356 1627 regis
1381 1538 1533 1623 Francie,
1558 1540 1772 1606 conferuntur

403 1643 567 1726 cantoria,
578 1644 795 1712 canonicatus
811 1654 846 1712 et
861 1648 1032 1734 prebenda
1047 1648 1190 1716 ecclesie
1207 1643 1424 1711 Bituricensis
1433 1650 1595 1710 vacantes
1609 1662 1669 1729 per
1684 1643 1770 1709 elec-

403 1746 535 1812 tionem
551 1746 641 1814 Petri
666 1748 708 1814 de
725 1748 946 1817 Mortuomari
974 1751 1008 1817 in
1034 1752 1232 1839 episcopum
1256 1747 1498 1830 vivariensem,
1515 1766 1584 1813 non
1610 1748 1767 1812 obstante

403 1850 496 1935 quod
511 1850 545 1915 in
560 1850 711 1919 Tullensi
732 1854 1040 1922 archidiaconatum
1055 1877 1133 1923 cum
1148 1853 1357 1942 prepositura
1371 1850 1513 1919 ecclesie
1528 1850 1560 1917 S.
1577 1849 1766 1936 Gengulphi

403 1952 572 2021 Tullensis
587 1956 649 2022 sibi
665 1977 806 2040 annexa,
822 1979 899 2025 cum
915 1980 1003 2042 cura,
1019 1968 1054 2026 et
1070 1960 1104 2025 in
1120 1959 1239 2026 eadem
1254 1978 1294 2023 ac
1304 1955 1504 2023 Carnotensi
1516 1963 1552 2021 et
1561 1953 1766 2020 Tornacensi

403 2063 625 2127 canonicatus
647 2068 683 2127 et
698 2063 885 2148 prebendas
900 2065 1032 2131 obtinet
1048 2073 1083 2130 et
1104 2064 1139 2130 in
1158 2061 1334 2129 Parisiensi
1357 2060 1506 2126 ecclesiis
1529 2057 1767 2125 canonicatum

403 2162 539 2229 obtinet
568 2173 604 2231 et
644 2167 852 2252 prebendam
881 2188 921 2233 ac
951 2168 1151 2253 dignitatem
1180 2167 1235 2231 vel
1265 2172 1485 2252 personatum
1517 2183 1576 2229 seu
1617 2160 1765 2228 officium

403 2274 577 2353 expectat.

449 2370 549 2437 Sedis
564 2371 792 2457 apostolice...

450 2474 530 2540 Dat.
547 2473 647 2541 Avin.
668 2494 703 2560 15
721 2474 787 2540 kal.
804 2476 936 2561 augusti
951 2496 1043 2543 anno
1060 2480 1089 2542 6.

449 2577 491 2644 In
507 2598 537 2643 e.
553 2600 598 2645 m.
609 2579 721 2644 abbati
732 2580 925 2645 monasterii
936 2581 967 2647 S.
978 2579 1180 2646 Launomari
1193 2578 1371 2660 Blesensis‚
1384 2578 1601 2648 Carnotensis
1616 2583 1768 2662 diocesis,

403 2690 439 2747 et
455 2682 617 2768 magistro
632 2681 762 2760 Jacobo
775 2682 940 2766 Mercerii,
956 2684 1214 2766 Aurelianensis,
1227 2704 1267 2751 ac
1281 2682 1301 2761 J
1304 2684 1430 2749 ohanni
1446 2684 1489 2750 de
1505 2684 1632 2769 Gessia,
1645 2687 1768 2754 Carno-

403 2786 512 2852 tensis
527 2786 697 2853 canonicis
712 2788 938 2854 ecelesiarum.

440 2924 504 2986 Reg.
518 2926 565 2974 Ar.
581 2924 652 2985 17,t
669 2926 713 2973 191
726 2940 732 2983 ;
747 2924 804 2975 Vat.
819 2926 888 2986 73,1.
904 2927 960 2987 383,
975 2942 1000 2982 n.
1013 2928 1086 2978 1112.

454 3114 603 3197 1069.
1436 3152 1534 3215 1333,
1551 3151 1591 3195 21
1603 3131 1726 3214 Jurllet.

449 3232 598 3311 Johanni
625 3232 717 3300 dicto
732 3232 944 3320 Crupenninc
969 3233 1139 3299 confertur
1163 3235 1380 3302 canonicatus
1403 3235 1544 3302 ecclesie
1569 3234 1601 3300 S.
1626 3234 1766 3300 Servatii

403 3338 640 3425 Trajectensis,
681 3335 878 3403 Leodiensis
911 3336 1062 3418 diocesis,
1095 3340 1155 3403 sub
1193 3338 1429 3425 expectatione
1467 3337 1649 3425 prebende,
1695 3358 1765 3402 non

403 3446 565 3510 obstante
581 3440 672 3527 quod
687 3441 930 3527 parrochialem
953 3441 1132 3508 ecclesiam
1154 3442 1197 3509 de
1222 3441 1410 3525 Roesbeke,
1426 3440 1674 3509 Cameracensis
1697 3440 1768 3506 dio-

404 3547 500 3628 cesis,
518 3547 660 3612 obtinet.

450 3651 503 3716 Ex
519 3660 576 3717 tue
592 3651 826 3718 devotionis...

449 3756 529 3822 Dat.
545 3756 645 3821 Avin.
666 3777 702 3820 12
720 3755 786 3821 kal.
803 3754 933 3841 augusti
950 3776 1041 3822 anno
1060 3761 1088 3823 6.

449 3859 488 3925 ln
505 3880 534 3924 0.
559 3880 603 3925 m.
621 3857 823 3943 Maguntine
839 3867 874 3924 et
891 3857 1098 3925 Ronacensis
1114 3860 1294 3946 prepositis
1309 3880 1350 3925 ac
1365 3859 1494 3925 decano
1511 3859 1542 3925 S.
1559 3858 1717 3926 Germani
1734 3862 1767 3926 in

404 3965 541 4043 Thenis,
558 3963 809 4029 Cameracensis
825 3972 860 4028 et
877 3962 1071 4029 Leodiensis
1087 3963 1271 4045 diocesum‚
1289 3963 1516 4030 ecclesiarum.

437 4106 498 4167 aeg.
513 4107 562 4155 xv.
576 4106 613 4163 rr,
626 4104 646 4153 r.
661 4105 767 4162 301ν,0,
784 4105 844 4151 1515
864 4103 941 4161 aar.
956 4105 994 4162 ra,
1009 4103 1027 4152 r.
1041 4104 1096 4163 520,
1111 4117 1137 4155 n.
1153 4105 1224 4154 1531.

450 4295 597 4378 1070.
1437 4320 1532 4382 1322,
1549 4320 1589 4364 21
1601 4299 1723 4382 juillet.

446 4414 598 4493 Johanni
622 4413 665 4479 de
688 4412 906 4499 Landeglrem
932 4413 1101 4479 confertur
1125 4414 1341 4481 canonicatus
1366 4417 1507 4483 ecclesie
1524 4417 1554 4483 S.
1572 4417 1665 4483 Pauli
1682 4417 1768 4482 Leo-

404 4518 528 4587 diensis
545 4520 605 4583 sub
623 4518 859 4604 expectatione
875 4518 1057 4604 prebende,
1073 4539 1141 4583 non
1159 4522 1316 4585 obstante
1333 4521 1425 4605 quod
1445 4530 1642 4609 perpetuam
1659 4523 1768 4609 capel-

404 4623 529 4690 laniam
545 4623 579 4688 in
591 4622 733 4690 ecclesia
749 4622 791 4688 de
801 4622 896 4704 Rost,
908 4622 1157 4690 Cameracensis
1172 4623 1324 4707 diocesis,
1338 4625 1478 4692 obtinet.

449 4727 630 4793 Probitatis
646 4734 745 4792 tue...

451 4833 529 4897 Dat.
546 4831 647 4897 Avin.
669 4852 704 4895 12
722 4831 788 4895 kal.
806 4829 936 4914 augusti
952 4849 1042 4894 anno
1060 4832 1088 4893 6.

451 4936 598 5002 1110111.
617 4936 817 5022 Maguntine
842 4944 877 5000 ct
900 4932 1117 5014 Ronacensis,
1134 4933 1387 5000 Cameracensis
1413 4934 1565 5019 diocesis,
1589 4937 1769 5024 prepositis

408 5063 446 5107 ac
461 5043 591 5108 decano
608 5042 639 5106 S.
657 5042 815 5106 Germani
833 5042 865 5105 in
882 5039 1018 5120 Thenis,
1035 5038 1231 5104 Leodiensis
1247 5039 1399 5120 diocesis
1415 5040 1642 5106 ecclesiarum.

442 5185 502 5246 Reg.
517 5185 565 5231 Av.
579 5185 617 5241 li,
632 5183 649 5231 1.
663 5184 717 5242 362,
729 5197 754 5232 n.
769 5182 831 5229 1516
844 5196 850 5239 ;
865 5180 975 5233 13073,
990 5181 1007 5229 1.
1022 5182 1091 5239 5201,
1107 5194 1134 5229 11.
1151 5182 1221 5229 1532.
