4409 6017
540 976 572 1041 S.
590 974 716 1040 Bertini
732 982 861 1060 septem
877 973 978 1051 milia,
994 980 1029 1037 et
1045 972 1077 1036 S.
1089 970 1254 1049 Johannis
1268 970 1479 1036 monasteriis
1493 970 1653 1057 predictis
1669 961 1885 1054 quadrigentas

540 1081 596 1146 lib.
612 1079 709 1166 paris.
725 1098 786 1164 pro
801 1076 968 1143 dictorum
983 1096 1145 1141 annorum
1162 1075 1312 1160 quolibet
1328 1075 1519 1140 auferendo
1544 1073 1579 1140 N
1582 1094 1621 1140 ec
1638 1075 1808 1161 premissis
1822 1094 1883 1140 con·

540 1192 654 1250 tentus
685 1181 798 1247 extitit
831 1179 1055 1246 comminatus
1089 1179 1227 1259 eisdem,
1254 1179 1344 1264 quod
1371 1200 1391 1245 a
1415 1178 1594 1245 censuariis
1624 1165 1881 1245 ecclesiarumet

540 1285 819 1354 monasteriorum
844 1284 1070 1371 predictorum
1095 1284 1137 1350 de
1163 1283 1260 1350 bonis
1287 1283 1417 1367 augusti
1443 1283 1521 1349 anni
1544 1280 1626 1347 XVI
1653 1283 1814 1369 preteriti,
1836 1302 1883 1369 pro

539 1390 691 1457 terminis
714 1389 769 1474 qui
796 1388 947 1455 nondum
974 1396 1149 1469 venerant,
1165 1408 1283 1454 census
1307 1387 1434 1453 eisdem
1461 1386 1611 1453 ecclesiis
1634 1395 1669 1452 et
1692 1385 1884 1454 monasteriis

538 1496 671 1562 debitos
686 1493 839 1576 auferret,
854 1492 1057 1578 pretendens
1073 1491 1262 1578 hujusmodi
1279 1491 1404 1558 fructus
1419 1499 1454 1556 et
1469 1498 1653 1578 proventus
1663 1490 1726 1557 sibi
1742 1490 1883 1557 confisca·

538 1608 593 1665 tos
608 1598 707 1664 luisse
722 1605 758 1663 et
773 1596 971 1663 commissos
993 1605 1131 1682 propter
1145 1615 1296 1680 guerram
1324 1596 1474 1661 habitam
1497 1596 1584 1660 inter
1609 1615 1725 1680 regem
1751 1602 1787 1660 et
1803 1592 1884 1659 Flan-

538 1703 673 1769 drenses
688 1701 858 1788 predictos
873 1707 908 1764 et
923 1699 966 1765 ad
981 1720 1058 1765 eum
1074 1699 1241 1786 pertinere
1264 1699 1384 1765 debere
1400 1700 1503 1765 etiam
1518 1719 1560 1765 ex
1583 1698 1795 1765 ordinatione
1808 1697 1884 1784 pacis

538 1807 626 1872 facte
641 1814 676 1871 et
692 1804 805 1870 habite
821 1803 907 1869 inter
922 1824 990 1869 eos.
1018 1803 1068 1868 Ex
1085 1804 1204 1888 quibus
1230 1802 1395 1888 siquidem
1412 1802 1682 1889 oppressionibus
1709 1811 1745 1868 et
1764 1800 1883 1888 jacturis

538 1910 678 1977 ecclesie
694 1918 728 1973 et
744 1907 948 1973 monasteria
963 1908 1127 1992 prelibata
1142 1907 1228 1973 adeo
1244 1916 1322 1972 sunt
1338 1907 1371 1972 in
1387 1907 1454 1973 suis
1475 1906 1660 1972 redditibus
1678 1906 1839 1972 diminuta
1856 1913 1883 1969 et

537 2013 580 2079 ad
601 2021 726 2079 statum
747 2010 886 2076 reducta
907 2011 1128 2095 importabilis
1149 2011 1365 2097 paupertatis,
1387 2010 1477 2095 quod
1503 2029 1646 2096 persone
1672 2008 1884 2074 deservientes

538 2117 572 2182 in
594 2117 642 2182 eis
663 2117 696 2181 in
717 2114 839 2180 divinis
859 2123 1031 2198 nequeunt
1054 2115 1282 2201 provisionem
1303 2115 1437 2180 solitam
1457 2115 1490 2179 in
1511 2112 1748 2180 ecclesiasticis
1775 2112 1883 2198 stipen-

537 2220 600 2286 diis
615 2220 766 2286 obtinere
782 2237 845 2282 nec
869 2217 934 2283 alia
949 2217 1177 2286 incumbentia
1192 2239 1294 2284 onera
1321 2226 1526 2305 supportare.
1550 2216 1679 2302 Quibus
1702 2215 1882 2301 jamdudum
1900 2277 1903 2282 .

539 2347 580 2390 ex
596 2324 779 2389 eomndem
800 2341 1033 2406 oppressorum
1047 2324 1180 2408 querela
1193 2323 1236 2389 ad
1244 2322 1449 2389 audientiam
1461 2331 1610 2387 nostram
1622 2320 1739 2386 valido
1754 2321 1882 2386 clamore
1899 2345 1903 2394 5

538 2428 700 2508 deductis,
724 2424 939 2494 attendentes
961 2428 1052 2513 quod
1073 2448 1143 2492 non
1166 2430 1274 2493 solum
1297 2426 1444 2513 prelatus
1460 2446 1574 2493 comes
1598 2423 1767 2506 Flandrie,
1783 2423 1838 2489 sed
1855 2397 1903 2494 etl

539 2534 641 2598 ceteri
657 2534 814 2599 catholici
831 2532 998 2621 principes
1014 2540 1048 2596 et
1064 2531 1190 2597 domini
1213 2532 1427 2617 temporales
1444 2538 1743 2615 quantumcunque
1768 2527 1801 2591 in
1816 2525 1903 2660 locis!

538 2637 768 2723 temporaliter
783 2638 831 2703 eis
847 2636 987 2703 subditis
1001 2634 1193 2701 discrimina
1209 2655 1399 2719 guerrarum
1416 2634 1626 2717 immineant,
1636 2653 1771 2721 semper
1781 2642 1882 2698 tenen·
1898 2663 1903 2716 ξ

538 2749 591 2805 tur
606 2748 642 2805 et
657 2740 782 2806 debent
808 2761 876 2806 non
892 2742 1000 2806 solum
1016 2743 1058 2805 ab
1074 2739 1351 2825 occupationibus
1372 2759 1482 2804 rerum
1505 2739 1805 2806 ecclesiasticarum
1825 2757 1882 2803 om·
1899 2755 1903 2768 ·

539 2843 673 2909 nimode
698 2844 875 2925 abstinere,
891 2844 950 2910 sed
973 2846 1063 2910 bona
1078 2853 1112 2908 et
1136 2844 1209 2928 jura
1233 2843 1448 2909 ecclesiarum
1473 2852 1508 2908 et
1529 2845 1809 2910 monasteriorum
1831 2858 1882 2928 pro

537 2947 661 3013 viribus
675 2946 858 3029 defensare,
873 2949 1026 3013 volentes
1042 2946 1144 3012 etiam
1154 2946 1306 3033 ipsomm
1328 2948 1439 3030 statui,
1460 2956 1559 3034 prout
1574 2948 1617 3014 ad
1633 2948 1786 3024 debitum
1799 2965 1882 3034 apos·

537 3051 640 3117 tolice
655 3051 874 3118 solicitudinis
897 3052 1053 3139 pertinet,
1069 3052 1103 3115 in
1120 3059 1172 3116 tot
1196 3050 1350 3138 dampnis
1372 3060 1407 3117 et
1430 3052 1590 3138 pressuris
1610 3052 1797 3119 consultius
1819 3069 1881 3138 pro

538 3155 662 3236 videre,
678 3156 857 3222 venerabili
874 3156 965 3222 fratri
989 3163 1139 3221 nostro..
1165 3155 1324 3241 episcopo
1349 3156 1496 3220 Ostiensi
1518 3156 1746 3224 commisimus
1762 3154 1882 3223 oraculo

540 3260 616 3325 vive
631 3262 734 3340 vocis,
750 3271 787 3326 ut
803 3282 901 3348 super
916 3260 1084 3346 premissis
1100 3260 1255 3325 omnibus
1270 3269 1305 3324 et
1321 3260 1458 3345 singulis
1479 3261 1727 3346 gravaminibus
1747 3263 1884 3328 relevan-

538 3363 588 3429 dis
610 3373 645 3430 et
667 3364 948 3431 satisfactionibus
970 3364 1092 3430 debitis
1115 3362 1347 3449 impendendis
1370 3364 1519 3430 ecclesiis
1541 3372 1576 3430 et
1594 3365 1808 3431 monasteriis
1823 3384 1885 3452 pre·

538 3467 645 3548 dictis,
672 3468 781 3534 eidem
806 3468 920 3534 comiti
947 3466 1114 3546 Flandrie,
1140 3467 1182 3532 de
1205 3475 1319 3532 nostra
1345 3469 1560 3549 conscientia,
1588 3469 1744 3554 dirigeret
1772 3470 1887 3535 litteras

539 3571 704 3652 efficaces
721 3572 932 3638 inductiones
947 3570 990 3636 ad
1011 3572 1075 3636 lroc
1094 3578 1129 3635 et
1148 3570 1380 3658 persuasiones
1395 3573 1542 3637 salubres
1555 3573 1771 3640 continentes
1786 3582 1820 3639 et
1834 3572 1888 3638 alia

538 3696 603 3759 que
626 3696 687 3761 pro
703 3675 880 3740 reddendis
896 3674 1046 3740 ecclesiis
1069 3683 1103 3739 et
1127 3675 1337 3739 monasteriis
1359 3675 1517 3761 predictis
1540 3675 1777 3762 indempnibus
1799 3695 1888 3763 expe·

538 3778 646 3843 dirent
662 3778 770 3843 facere
786 3785 989 3864 procuraret.
1008 3777 1051 3843 Et
1068 3778 1219 3861 quamvis
1242 3779 1390 3864 prelatus
1414 3780 1590 3866 episcopus
1613 3780 1791 3862 Ostiensis,
1804 3782 1889 3867 juxta

539 3882 808 3947 commissionem
837 3892 986 3947 nostram
1013 3882 1213 3967 hujusmodi,
1241 3882 1466 3966 requisivisset
1496 3904 1556 3968 per
1585 3884 1714 3950 litteras
1744 3906 1820 3951 suas
1849 3889 1889 3968 (ι)

539 3986 698 4051 comitem
725 3985 880 4051 Flandrie
903 3985 1142 4072 supradictum,
1168 3995 1203 4051 ut
1229 3987 1389 4070 premissa
1414 3988 1527 4053 omnia
1551 3996 1585 4053 et
1612 3987 1751 4073 singula,
1778 4008 1890 4076 perse

538 4098 572 4154 et
599 4089 641 4155 de
668 4090 829 4155 mandato
859 4111 929 4169 suo,
960 4090 1111 4154 ecclesiis
1135 4097 1169 4153 et
1198 4091 1411 4156 monasteriis
1438 4091 1597 4177 predictis
1622 4095 1746 4172 ablata,
1773 4093 1891 4161 eisdem

538 4214 615 4258 cum
646 4193 837 4278 integritate
862 4193 992 4258 restitui
1023 4192 1148 4259 faceret
1182 4193 1275 4258 etin
1301 4193 1449 4259 futurum
1474 4216 1494 4260 a
1516 4196 1679 4262 similibus
1705 4198 1890 4273 abstineret,

538 4296 626 4362 idem
652 4304 767 4361 tamen
793 4317 907 4362 comes
934 4295 1100 4377 Flandrie,
1128 4297 1213 4363 sicut
1236 4318 1278 4362 ex
1304 4297 1472 4364 dictorum
1497 4319 1733 4386 oppressorum
1756 4302 1890 4389 repetita

537 4400 670 4484 querela
694 4400 912 4485 percepimus,
937 4399 1096 4485 premissa
1131 4400 1238 4465 lacere
1264 4421 1332 4465 non
1356 4402 1493 4468 curavit.
1521 4402 1781 4472 Considerantes
1804 4406 1892 4491 igitur

538 4501 627 4585 quod
643 4523 695 4566 res
710 4513 761 4568 est
783 4502 961 4588 perniciosi
984 4503 1141 4589 exempli,
1167 4524 1243 4569 cum
1265 4525 1284 4569 a
1303 4505 1464 4585 fidelibus,
1489 4513 1523 4570 et
1547 4508 1723 4592 presertim
1750 4508 1890 4595 personis

537 4605 672 4670 honoris
710 4613 744 4669 et
781 4606 952 4690 dignitatis
988 4606 1198 4691 prerogativa
1234 4608 1448 4693 pollentibus
1483 4610 1642 4675 adversus
1675 4633 1834 4698 personas
1861 4619 1889 4675 et

540 722 602 787 270
1074 716 1232 783 Troisiema
1252 710 1354 782 annes.

540 871 769 958 predicte,pro
780 869 930 955 quolibet
942 868 1088 955 ipsorum
1098 867 1239 933 duorum
1250 887 1424 947 annorum,
1435 866 1582 952 quinque
1591 865 1683 931 milia
1691 865 1760 946 lib,
1770 885 1884 932 necnon

544 4755 699 4762 -.——
721 4758 773 4762 -....
806 4757 1022 4763 .-.------
1049 4758 1090 4763 --
1112 4758 1239 4766 ‘-

574 4836 592 4882 l.
606 4833 669 4894 Voy.
682 4832 708 4880 ln
719 4833 794 4881 lettre
805 4832 884 4881 (crite
896 4833 920 4881 le
932 4835 945 4880 l
957 4832 1060 4894 junvicr
1073 4835 1134 4882 1317
1147 4849 1193 4896 par
1205 4835 1314 4892 Nicolns
1332 4836 1449 4884 cardinal
1469 4837 1574 4896 d'Ostie,
1592 4852 1627 4886 au
1645 4845 1731 4889 comte
1743 4839 1776 4889 de
1787 4836 1884 4888 Flandrt

537 4929 571 4961 au
583 4913 651 4975 sujct
667 4913 712 4963 des
731 4915 864 4960 vexatione
880 4916 1013 4962 commisce
1033 4916 1049 4962 it
1070 4914 1164 4975 l'cgurd
1186 4915 1231 4963 des
1249 4916 1395 4977 colleginlcs
1414 4924 1438 4965 et
1454 4919 1500 4966 ‹lcs
1518 4918 1676 4968 rnonastbres
1691 4921 1729 4970 du
1747 4921 1843 4970 diocte
1856 4917 1881 4964 de

537 4995 705 5044 'l'hdrounnne
716 4995 761 5056 (do
778 4995 1020 5055 limburg-snmus,
1043 4995 1125 5044 (lulec
1142 4995 1324 5059 diplonmliens
1340 4998 1492 5058 Flundrr'ue,
1506 5005 1524 5048 t.
1536 5002 1569 5060 11,
1589 5016 1615 5064 p.
1626 5003 1708 5065 328);
1726 5010 1753 5052 ct
1764 5019 1813 5053 une
1822 5010 1880 5050 autre

536 5077 572 5126 du
586 5080 596 5125 l
611 5075 705 5125 fevrler
718 5079 779 5125 1317
791 5092 823 5124 cn
833 5078 924 5124 fureur
932 5077 967 5125 du
975 5077 1092 5139 clmpilre
1102 5077 1135 5125 de
1147 5079 1258 5126 Tournni
1267 5080 1336 5139 (l'an
1348 5081 1470 5138 lmlrcrun,
1487 5082 1592 5130 clames
1603 5087 1626 5131 a
1638 5083 1782 5135 documenta
1792 5085 1821 5133 dr
1830 5079 1877 5131 lul·

538 5159 638 5224 bunede
650 5158 829 5208 Satn-Pom
839 5172 875 5205 ou
887 5158 960 5206 ,llont
973 5158 1092 5206 Blandis
1105 5157 1121 5206 ὰ
1137 5159 1222 5219 Oarrd,
1236 5168 1255 5207 t.
1269 5161 1303 5210 ΙΙ,
1316 5176 1340 5223 p.
1354 5164 1405 5223 21).
