4409 6017
817 666 946 761 neonus
967 730 1007 743 -

393 876 440 917 rus
470 859 619 923 episcopus
651 861 789 921 Fundan,
822 867 876 917 246
906 862 957 918 bis.

393 957 439 1001 rus,
460 940 610 1003 episcopus
630 941 800 1003 Trajecten.,
825 947 903 999 1104.

393 1037 431 1071 sus
454 1021 560 1079 Abbas,
583 1021 621 1074 de
646 1021 751 1074 Sancto
776 1023 908 1076 Amando
931 1022 957 1075 in

393 1103 461 1163 ruia,
481 1120 505 1156 v.
527 1102 633 1158 Abbas.

393 1199 431 1233 nus
459 1183 658 1235 Bonaventure
685 1184 721 1236 de
753 1184 904 1246 Cardinali,
932 1204 957 1240 v.

393 1261 496 1317 rdinali.
587 1314 591 1324 ,

393 1361 431 1394 ·us
455 1344 656 1407 Bonisengoris
679 1346 716 1397 de
742 1347 832 1409 Senis
857 1365 882 1402 v.
908 1347 958 1399 Bo·

393 1424 509 1486 engoris¹

393 1524 430 1557 (ιε
450 1506 632 1561 Carnewake.

393 1604 430 1638 ns
444 1586 569 1642 Castelli.

393 1684 430 1718 -us
447 1668 483 1719 de
501 1668 580 1721 Actis
601 1668 637 1721 de
654 1668 775 1731 Mutina,
792 1688 818 1725 v,
838 1670 956 1728 Mutina.

393 1765 430 1800 sus
451 1748 488 1800 de
510 1750 587 1803 Aria.

393 1846 430 1880 ns
450 1830 486 1881 de
507 1829 649 1884 Barbona.

393 1927 430 1961 sus
450 1911 487 1963 de
509 1911 627 1973 Bargiis.

393 2008 431 2042 sus
451 1991 487 2043 de
509 1992 663 2046 Bauchion.

396 2089 430 2124 us
448 2073 487 2124 de
509 2073 639 2125 Bonleer.

394 2170 430 2204 ¹us
450 2154 486 2205 de
508 2154 639 2209 Brueriis

393 2251 430 2285 ns
450 2235 486 2285 de
508 2235 705 2289 Buccamatiis.

396 2332 430 2366 us
449 2316 487 2367 de
508 2315 609 2367 Carnn.

394 2413 429 2447 ns
450 2397 486 2448 de
507 2396 664 2451 Casalibus

393 2494 430 2528 ‹us
450 2478 486 2528 de
507 2478 666 2541 Columpna
689 2479 761 2535 diac,
785 2479 860 2534 card.

393 2575 430 2609 sus
450 2559 486 2609 de
507 2558 675 2622 Columpna.

395 2657 429 2691 us
448 2640 485 2691 de
504 2640 569 2693 filiis
589 2641 656 2693 Ursi
674 2641 710 2693 de
730 2641 817 2702 Urbe,
837 2660 862 2693 v.
883 2643 956 2696 Ursi.

394 2736 429 2771 ¹us
449 2719 485 2771 de
507 2721 610 2775 Fossis

393 2817 431 2852 nus
451 2801 487 2852 de
510 2801 593 2856 Hole.

393 2898 431 2932 «us
451 2882 487 2933 de
512 2883 607 2933 Insula
632 2883 668 2934 de
693 2883 780 2944 Urbe,
802 2901 827 2940 v,
854 2884 956 2939 Insula.

393 2980 430 3014 ns
450 2963 486 3014 de
508 2963 609 3017 Labro.

393 3060 430 3094 ns
450 3044 486 3095 de
508 3044 624 3106 Lorgiis.

393 3141 430 3175 ns
450 3125 486 3176 de
508 3125 663 3179 Malbodi0.

393 3222 429 3257 ‹us
449 3206 485 3257 de
507 3204 645 3261 Marxili0.

393 3302 429 3337 «us
449 3287 485 3337 de
507 3285 662 3340 Melbodio.

397 3383 429 3418 us
449 3367 485 3418 de
507 3367 724 3423 Montezemu10.

397 3465 429 3499 us
448 3449 484 3499 de
505 3449 650 3501 Montibus
676 3449 796 3502 Anonie.

397 3545 429 3580 us
449 3529 485 3581 de
507 3529 652 3591 Moyland.

397 3626 428 3660 us
449 3610 485 3661 de
508 3610 626 3664 Mutina.

396 3707 428 3741 us
449 3691 485 3742 de
507 3692 625 3746 Nineve.

396 3788 428 3821 us
448 3771 485 3822 de
506 3772 642 3833 Pacyacn

396 3870 428 3903 us
448 3852 484 3903 de
506 3852 648 3907 Penestre.

395 3951 427 3984 us
447 3934 484 3984 de
504 3934 635 3985 Plebanis
654 3935 736 3986 castri
754 3935 776 3985 F
779 3936 917 3988 lorentini.

395 4032 428 4064 us
448 4014 484 4065 de
506 4014 663 4068 Sabanacn

395 4112 427 4145 us
449 4096 484 4145 dc
506 4095 629 4148 Sabello,

395 4193 427 4226 us
448 4176 484 4227 de
505 4176 645 4229 Savastre.

395 4274 427 4306 us
448 4256 484 4307 de
505 4257 575 4310 Sels

395 4354 428 4388 us
448 4337 484 4388 de
505 4337 581 4391 Taw.

396 4435 429 4469 us
449 4417 485 4468 de
506 4418 634 4470 Tosectis
662 4418 698 4469 de
730 4419 816 4480 Urbe,
849 4438 874 4473 v.
905 4420 956 4471 To·

393 4511 433 4552 [15.

396 4596 428 4630 us
449 4580 484 4631 de
505 4580 721 4634 Vadoherberti.

395 4677 428 4711 us
449 4660 485 4711 dc
506 4660 596 4714 Valle.

396 4758 429 4792 us
450 4741 485 4791 de
506 4741 568 4794 Via.

396 4838 429 4872 us
451 4822 472 4871 F
476 4822 552 4876 aber.

398 4920 430 4953 ns
453 4902 565 4955 FestiaI.

397 5001 430 5034 us
452 4983 594 5037 Florentii.

393 5081 430 5115 ¹us
452 5063 576 5118 Groune.
986 5077 988 5124 3

393 5161 431 5195 (ιε
453 5144 564 5199 Leonis.
797 5205 801 5215 ¹
985 5127 990 5195 i

1028 695 1141 761 nuche
1605 696 1666 759 667

1014 860 1138 923 Jacobus
1159 860 1262 914 Leonis
1283 859 1421 922 Fannelli,
1446 877 1470 916 v,
1494 858 1630 914 Fannelli.

1012 942 1137 1013 Jacobus
1158 942 1199 995 Lo
1221 942 1342 1004 Groene,
1365 960 1390 995 v,
1414 941 1536 994 Groune.

1014 1023 1138 1086 Jacobus
1159 1023 1269 1077 Mathei
1290 1023 1327 1076 de
1349 1023 1414 1078 filiis
1441 1022 1516 1081 Ursi,
1540 1040 1565 1076 v,
1590 1022 1664 1077 Ursi.

1014 1104 1137 1167 Jacobus
1159 1104 1267 1159 Mechs.

1014 1186 1137 1248 Jacobus
1159 1184 1297 1239 Mercerii.

1014 1267 1137 1328 Jacobus
1159 1266 1239 1318 Parel
1264 1266 1300 1318 de
1325 1264 1459 1327 Chaneie‚
1487 1283 1512 1319 v.
1539 1264 1629 1321 Parel.

1014 1347 1137 1409 Jacobus
1159 1347 1254 1409 Regis.

1014 1428 1137 1491 Jacobus
1159 1427 1273 1481 Ricardi
1299 1427 1335 1479 de
1362 1426 1519 1490 Anibaldis‚
1548 1444 1573 1481 v.
1601 1426 1666 1480 Ani·

1048 1509 1151 1564 haldis.

1014 1590 1137 1653 Jacobus
1159 1589 1233 1642 Rodi
1253 1590 1289 1641 de
1311 1589 1453 1651 Penestre,
1478 1606 1502 1643 v.
1527 1586 1609 1643 Rodi.

1014 1671 1137 1734 Jacobus
1159 1669 1327 1724 Rousseleti.

1014 1752 1137 1814 Jacobus
1158 1750 1311 1813 Rynvisch.

1013 1832 1137 1895 Jacobus
1153 1831 1262 1886 Soloes.

1014 1913 1138 1977 Jacobus
1158 1913 1289 1975 Symonis
1313 1912 1349 1963 de
1373 1911 1456 1972 Villa,
1483 1929 1508 1966 v.
1534 1910 1664 1966 Simonis.

1014 1994 1138 2058 Jacobus
1158 1994 1290 2055 symonis
1312 1993 1493 2048 Scavedresc.
1516 2010 1541 2046 v,
1568 1991 1667 2044 Scave·

1049 2075 1156 2131 drese.¹

1014 2156 1138 2219 Jacobus
1157 2156 1225 2210 Vos.

1015 2237 1139 2299 Jacobus
1158 2236 1249 2291 Woic.

1014 2317 1154 2380 Jainviiia,
1171 2335 1196 2369 v.
1213 2316 1353 2378 Joinvilla.

1015 2399 1130 2462 Jamais,
1152 2398 1294 2450 Robertus
1314 2397 1360 2459 de,
1385 2413 1445 2451 can.
1469 2396 1547 2459 preb,
1569 2396 1668 2448 Virdu·

1051 2496 1116 2535 nen.
1132 2490 1159 2531 et
1175 2478 1203 2535 S.
1222 2478 1359 2542 Johannis
1376 2476 1518 2538 Leodien„
1535 2493 1596 2532 can.
1613 2476 1666 2528 sub

1052 2578 1115 2624 exp.
1133 2560 1212 2623 preb,
1232 2559 1352 2619 Tullen„
1377 2563 1454 2614 1125.

1016 2643 1154 2705 Jnnottus.
1187 2641 1331 2702 Johannes
1365 2640 1535 2692 Manissetus
1568 2639 1666 2693 dictus.

1050 2740 1076 2778 v,
1103 2722 1284 2777 Manissetus

1016 2805 1122 2872 Jnm,
1144 2802 1247 2857 Gsnes.

1015 2886 1116 2950 Ianua,
1137 2883 1302 2937 Albertinus
1320 2882 1357 2934 de
1378 2881 1450 2934 Mari
1473 2882 1517 2941 de,
1538 2898 1563 2937 v.
1584 2880 1666 2936 Mari.

1016 2967 1116 3031 Janua,
1138 2964 1291 3017 Andriolus
1311 2963 1348 3015 de
1364 2962 1444 3015 ¹Mari
1468 2962 1512 3023 dc,
1535 2980 1560 3016 v.
1585 2961 1666 3017 Mari.

1016 3045 1116 3113 Janua,
1137 3045 1298 3097 Antoninus
1326 3043 1534 3106 squarciaficus
1564 3042 1608 3104 de,
1640 3060 1666 3096 v.

1051 3125 1269 3189 Squarciaficus.

1015 3208 1115 3271 Janua,
1137 3206 1277 3258 Antonius
1297 3205 1334 3256 de
1356 3203 1456 3256 Goano
1480 3204 1524 3262 de.
1547 3221 1572 3258 v.
1595 3202 1667 3255 Goa-

1014 3370 1028 3431 J

1050 3304 1095 3342 no.

1031 3385 1115 3431 anua,
1137 3367 1353 3419 Bartholomeus
1383 3366 1418 3416 de
1451 3364 1587 3416 Honestis
1620 3364 1664 3426 (1ο,

1050 3467 1075 3504 ν,
1098 3448 1243 3503 Honestis

1012 3531 1112 3591 Ianua.
1140 3527 1306 3579 Franciscus
1332 3526 1541 3589 Squarciaficus
1567 3526 1612 3588 de,
1639 3543 1662 3576 r.

1048 3609 1266 3674 Squarciaficus.

1013 3695 1112 3756 Ianua,
1157 3691 1323 3743 Fredericus
1364 3691 1408 3746 de.
1441 3707 1502 3742 can.
1536 3689 1663 3753 Romen,

1012 3778 1288 3917 Jaiiii'racobnus
1309 3852 1347 3903 de
1372 3851 1444 3902 Mari
1467 3851 1511 3908 de,
1534 3869 1557 3901 v.
1582 3849 1664 3901 narr.

1016 3936 1113 3997 ianua.
1137 3933 1278 3986 Meliadus
1302 3933 1460 3994 Salvaygus
1485 3933 1528 3983 de.
1557 3949 1581 3984 r.
1608 3930 1664 3982 sai·

1050 4015 1166 4077 vaygus.

1013 4098 1113 4159 janua,
1134 4094 1285 4146 Thedisius
1312 4094 1348 4146 dc
1377 4093 1534 4146 Malocellis
1564 4092 1609 4152 dc,
1638 4109 1662 4146 r.

1050 4176 1216 4229 Malocellis.

1008 4256 1347 4318 Jargeauidarffolnim),
1373 4256 1488 4309 Franco.
1516 4253 1580 4315 dep,
1607 4253 1665 4306 Loi-

1048 4348 1098 4395 rct.
1122 4337 1194 4390 dioc,
1219 4336 1348 4391 Orle'nns

1017 4448 1047 4454 -
1068 4418 1145 4472 Eccl.
1172 4418 1235 4472 coll,
1263 4418 1290 4475 S,
1321 4417 1434 4475 Verani,
1464 4445 1495 4451 -
1522 4432 1583 4470 carr,
1611 4415 1663 4465 sub

1050 4517 1119 4561 exp.⁴
1132 4499 1219 4561 preb„
1242 4497 1396 4549 Ganfridus
1420 4497 1521 4555 Bellcs,

1014 4579 1147 4643 Jnrgolio,
1172 4577 1325 4630 (laufridus
1347 4579 1391 4636 de,
1418 4595 1442 4631 v.
1467 4576 1569 4637 Helles,
1594 4575 1665 4627 Gau-

1049 4661 1147 4716 fridus,

1013 4741 1147 4805 Jargoiio,
1176 4740 1320 4800 ,lohannes
1347 4740 1392 4797 de,
1423 4755 1483 4789 ran.
1513 4738 1663 4798 Turonen,

1047 4829 1109 4877 633.

1014 4904 1182 4968 daramium,
1196 4903 1327 4963 Jnrgeau.

987 5021 988 5044 2
1013 4985 1121 5046 aaroni,
1140 4983 1263 5035 Giarnle.

1012 5074 1140 5122 Jauche
1165 5065 1295 5125 (lucica),
1322 5064 1469 5125 Belgique,
1498 5080 1574 5125 pror,
1603 5062 1666 5113 Bra·

1050 5146 1127 5208 bant,
1148 5145 1220 5199 dioc,
1242 5144 1338 5205 Lisge.
