4409 6017
915 706 1063 772 Premiere
1084 705 1186 772 annae.
1698 712 1738 775 87

412 854 524 937 278.
1387 852 1391 861 ’
1416 886 1511 952 1317,
1533 872 1575 934 18
1590 891 1693 935 marc.

412 972 577 1059 Magistro
588 971 690 1038 Petro
702 971 809 1054 Fabri,
818 972 949 1038 notario
958 993 1055 1058 pape,
1062 970 1277 1037 conferuntur
1293 972 1509 1038 canonicatus
1522 980 1556 1037 et
1567 973 1737 1057 prebenda

364 1098 406 1143 ac
436 1077 647 1163 prepositura
677 1077 817 1143 ecclesie
847 1076 878 1142 S.
909 1075 1096 1160 Walburgis
1127 1074 1316 1155 Fumeusis,
1348 1074 1550 1141 Mutinensis
1586 1076 1736 1156 diocesis,

363 1191 528 1247 vacantes
544 1200 603 1266 per
619 1180 747 1244 obitum
766 1180 914 1258 Henrici,
939 1178 1098 1265 prepositi
1126 1178 1274 1264 ejusdem
1291 1179 1440 1260 ecclesie,
1463 1180 1496 1243 in
1512 1179 1575 1245 illis
1590 1180 1737 1264 partibus

364 1284 529 1362 defuncti,
553 1291 588 1348 et
611 1283 781 1349 collationi
806 1284 900 1349 Sedis
922 1281 1109 1369 apostolice
1132 1282 1301 1363 reservati,
1325 1302 1392 1346 non
1419 1284 1574 1347 obstante
1597 1283 1688 1367 quod
1703 1283 1735 1347 iu

361 1386 563 1453 Beliacensi
591 1408 630 1452 ac
657 1386 689 1452 S.
721 1384 901 1451 Frontonis
928 1385 1208 1470 Petragoricensis
1238 1386 1453 1451 canonicatus
1484 1394 1517 1451 et
1548 1386 1736 1471 prebendas

360 1490 508 1569 obtinet,
526 1489 615 1555 acin
631 1489 750 1555 eadem
766 1488 960 1555 Belvacensi
978 1488 1175 1572 dignitatem
1192 1508 1251 1553 seu
1266 1496 1481 1572 personatum
1500 1490 1554 1553 vel
1578 1488 1735 1568 officium,

359 1612 498 1657 necnon
515 1593 600 1657 etin
617 1591 805 1659 Pictavensi
821 1613 860 1658 ac
877 1590 1075 1657 Massiliensi
1100 1591 1256 1671 ecclesiis,
1273 1591 1307 1655 in
1331 1591 1449 1675 quibus
1476 1592 1509 1655 in
1534 1592 1735 1657 canonicum

359 1705 412 1760 est
438 1704 606 1781 receptus
636 1697 822 1782 prebendas
848 1704 1014 1781 expectat,
1031 1695 1187 1780 quodque
1212 1696 1241 1759 ei
1272 1714 1378 1781 nuper
1407 1695 1449 1761 de
1476 1695 1676 1761 canonicatu
1700 1705 1735 1762 et

359 1799 538 1885 prebenda
561 1821 600 1866 ac
627 1800 796 1866 scolastria
821 1800 960 1866 ecclesie
992 1799 1271 1882 Petragoricensis
1286 1799 1454 1885 provisum
1472 1798 1541 1865 luit.

413 1902 507 1966 Dum
523 1902 780 1969 conditiones..

412 2005 493 2071 Dat.
509 2006 610 2072 Avin.
632 2025 668 2090 15
686 2005 752 2072 kal.
769 2005 879 2092 aprilis
895 2026 985 2071 anno
1006 2026 1031 2070 1.

411 2107 453 2172 ln
482 2129 511 2174 e.
543 2129 588 2174 m.
616 2109 775 2195 episcopo
804 2109 1017 2174 Atrebatensi
1050 2117 1084 2173 et
1114 2108 1244 2174 decano
1274 2129 1313 2174 ac
1339 2108 1573 2174 archidiacono
1597 2107 1736 2174 ecclesie

362 2212 616 2278 Atrebatensis.

401 2352 466 2412 Beg.
475 2353 523 2399 Ar.
536 2354 559 2410 5,
571 2350 590 2398 l.
604 2352 651 2399 382
664 2351 817 2413 (fragment.)
829 2355 855 2399 ct
865 2350 883 2400 l.
896 2352 942 2398 385
956 2366 962 2406 ;
975 2350 1034 2399 Vat.
1045 2352 1083 2404 65,
1094 2349 1112 2397 i.
1121 2350 1170 2410 64',
1179 2364 1205 2397 n.
1218 2352 1288 2398 2210.

411 2513 528 2599 279.
1418 2546 1513 2611 1317,
1530 2531 1573 2593 18
1589 2550 1692 2593 mars.

410 2633 553 2712 Jacobo,
575 2631 629 2698 SS.
652 2629 817 2709 Johannis
840 2640 875 2697 et
899 2631 989 2696 Pauli
1013 2630 1198 2717 presbitero
1220 2631 1387 2712 cardinali,
1403 2630 1619 2697 conferuntur
1641 2640 1736 2696 motu

363 2738 503 2825 proprio
534 2736 664 2802 decime
694 2736 736 2801 de
763 2735 980 2801 Podioabano
1005 2744 1039 2799 et
1069 2735 1111 2800 de
1143 2733 1308 2818 Vigoleto,
1335 2735 1379 2800 ad
1408 2756 1559 2800 mensam
1589 2735 1734 2821 episcopi

364 2842 552 2908 Tholosani
579 2848 780 2926 spectantes,
804 2848 963 2905 vacantes
986 2859 1045 2925 per
1071 2839 1358 2905 consecrationem
1389 2837 1558 2920 Bemardi,
1589 2839 1735 2926 episcopi

365 2943 612 3023 Atrebatensis,
628 2964 696 3008 non
713 2944 869 3008 obstante
884 2942 975 3026 quod
1049 2943 1081 3006 in
1102 2941 1334 3008 Cameracensi
1348 2943 1487 3008 ecclesia
1503 2941 1736 3007 canonicatum

366 3058 405 3115 et
422 3047 629 3135 prebendam
645 3068 684 3112 ac
699 3045 1004 3112 archidiaconatum
1023 3044 1272 3110 Bruxellensem
1292 3046 1432 3111 obtinet.
1481 3063 1483 3067 ·

418 3153 508 3216 Dum
525 3148 734 3235 exquisitam.
745 3201 767 3214 ..

417 3257 495 3321 Dat.
512 3255 612 3320 Acin.
634 3274 669 3338 15
686 3252 752 3318 kal.
770 3253 880 3337 aprilis
895 3274 985 3318 anno
1006 3274 1031 3317 1.

415 3359 453 3424 In
480 3382 510 3425 e.
535 3379 579 3424 m.
605 3358 893 3422 claromontensis
919 3366 954 3420 et
977 3357 1213 3421 Avinionensis
1233 3357 1409 3443 prepositis
1439 3378 1478 3421 ac
1505 3356 1737 3421 archidiacono

368 3462 550 3542 Hulmesii,
567 3460 759 3526 Tholosane
775 3460 998 3525 ecclesiarum.

405 3601 465 3657 lieu.
477 3601 524 3646 Ar.
536 3601 559 3647 2.
572 3599 590 3645 l.
605 3599 667 3653 llll3
682 3598 740 3644 Vat.
753 3600 791 3649 «33,
803 3597 821 3644 l.
835 3599 891 3653 lul,
903 3612 956 3645 cur.
970 3611 994 3643 n.
1008 3599 1061 3645 3⁴4.

415 3763 532 3846 280.
896 3811 900 3819 ·
1421 3792 1515 3858 1317,
1532 3794 1573 3838 ao
1590 3796 1693 3839 murs.

415 3882 434 3959 J
438 3884 556 3964 acobo,
569 3880 623 3945 SS.
634 3879 797 3958 Johannis
809 3889 842 3944 et
855 3879 947 3944 Pauli
964 3880 1149 3966 presbitero
1161 3879 1327 3958 cardinali,
1345 3878 1512 3943 confertur
1522 3877 1737 3943 canonicatus

370 3985 513 4052 ecclesie
530 3983 781 4063 Lincolniensis,
798 4005 874 4048 cum
895 3982 1066 4068 prebenda
1087 3983 1130 4047 de
1146 3981 1300 4067 Croppei,
1317 3991 1476 4046 vacantes
1491 4002 1550 4066 per
1566 4001 1736 4045 consecra-

370 4090 500 4155 tionem
518 4086 692 4168 Johannis,
709 4087 854 4173 episcopi
869 4086 1118 4165 Wintoniensis,
1132 4106 1200 4150 non
1217 4088 1374 4151 obstante
1390 4085 1480 4169 quod
1548 4085 1581 4149 in
1598 4084 1736 4150 ecclesia

371 4192 606 4257 Cameracensi
619 4191 852 4257 canonicatum
864 4198 899 4255 et
908 4189 1113 4275 prebendam
1124 4210 1163 4255 ac
1173 4189 1476 4254 archidiaconatum
1486 4187 1735 4253 Bruxellensem
1794 4222 1796 4226 ·

373 4297 518 4360 obtinet.

418 4400 507 4463 Dum
525 4398 766 4483 exquisitam...

417 4503 495 4568 Dat.
512 4503 612 4567 Avin.
634 4522 670 4585 13
687 4500 752 4566 kal.
770 4501 879 4585 aprilis
895 4521 985 4564 anno
1007 4521 1032 4565 1.

418 4607 512 4672 Ine.
539 4627 583 4671 m.
601 4606 768 4691 episcopo
799 4603 943 4688 Regensi
976 4611 1010 4668 et
1040 4604 1211 4689 preposito
1240 4604 1475 4668 Avinionensis
1506 4625 1544 4668 ac
1571 4604 1671 4668 Petro
1694 4603 1736 4668 de

374 4712 559 4796 NogaretO,
576 4709 739 4775 canonico
757 4707 1010 4791 Burdogalensis
1026 4709 1250 4773 ecclesiarum.

409 4850 469 4909 Rog.
483 4851 529 4895 Ax.
540 4850 562 4901 2,
575 4848 593 4895 f.
609 4849 664 4894 llll'
676 4863 682 4898 ;
696 4847 754 4893 l'al.
769 4850 806 4895 63.
820 4847 837 4892 f.
851 4848 916 4896 llll'.
928 4860 981 4893 cur.
995 4861 1019 4892 n.
1032 4848 1087 4892 345.

421 5005 658 5088 281-285.
780 5079 786 5085 ,
1422 5036 1517 5101 1517,
1534 5038 1574 5081 21
1592 5038 1694 5081 naurs.

425 5126 533 5207 Petro,
561 5125 721 5212 episcopo
752 5122 994 5202 Cameracensi,
1022 5122 1215 5187 conceditur
1243 5122 1381 5186 lacultas
1407 5121 1545 5185 laciendi
1574 5120 1672 5205 recipi
1705 5120 1737 5184 iu
