<?xml version="1.0" encoding="UTF-8"?>
<!DOCTYPE html PUBLIC "-//W3C//DTD XHTML 1.0 Transitional//EN"
    "http://www.w3.org/TR/xhtml1/DTD/xhtml1-transitional.dtd">
<html xmlns="http://www.w3.org/1999/xhtml" xml:lang="en" lang="en">
 <head>
  <title>
</title>
<meta http-equiv="Content-Type" content="text/html;charset=utf-8" />
  <meta name='ocr-system' content='tesseract 3.04.00' />
  <meta name='ocr-capabilities' content='ocr_page ocr_carea ocr_par ocr_line ocrx_word'/>
</head>
<body>
  <div class='ocr_page' id='page_1' title='image "./lettresdejeanxx00xxiigoog_0396.png"; bbox 0 0 4409 6017; ppageno 0'>
   <div class='ocr_carea' id='block_1_1' title="bbox 862 1030 1492 1153">
    <p class='ocr_par' dir='ltr' id='par_1_1' title="bbox 862 1030 1492 1153">
     <span class='ocr_line' id='line_1_1' title="bbox 862 1030 1492 1153; baseline 0 -20"><span class='ocrx_word' id='word_1_1' title='bbox 862 1030 1235 1153; x_wconf 72' lang='lat' dir='ltr'>Quarmbvrs</span> <span class='ocrx_word' id='word_1_2' title='bbox 1271 1036 1492 1134; x_wconf 67' lang='lat' dir='ltr'>anubis.</span> 
     </span>
    </p>
   </div>
   <div class='ocr_carea' id='block_1_2' title="bbox 609 1304 1752 1408">
    <p class='ocr_par' dir='ltr' id='par_1_2' title="bbox 609 1304 1752 1408">
     <span class='ocr_line' id='line_1_2' title="bbox 609 1304 1752 1408; baseline 0.003 -23"><span class='ocrx_word' id='word_1_3' title='bbox 609 1304 747 1407; x_wconf 85' lang='grc'><strong>1319,</strong></span> <span class='ocrx_word' id='word_1_4' title='bbox 774 1307 806 1391; x_wconf 91' lang='grc'>5</span> <span class='ocrx_word' id='word_1_5' title='bbox 835 1308 1193 1407; x_wconf 88' lang='lat' dir='ltr'>septembre-</span> <span class='ocrx_word' id='word_1_6' title='bbox 1223 1306 1368 1408; x_wconf 88' lang='grc'><strong>1320,</strong></span> <span class='ocrx_word' id='word_1_7' title='bbox 1396 1307 1428 1387; x_wconf 85' lang='grc'>4</span> <span class='ocrx_word' id='word_1_8' title='bbox 1452 1306 1752 1407; x_wconf 85' lang='lat' dir='ltr'>septembre.</span> 
     </span>
    </p>
   </div>
   <div class='ocr_carea' id='block_1_3' title="bbox 499 1651 1858 1948">
    <p class='ocr_par' dir='ltr' id='par_1_3' title="bbox 499 1651 1858 1948">
     <span class='ocr_line' id='line_1_3' title="bbox 542 1651 1818 1755; baseline -0.005 -17"><span class='ocrx_word' id='word_1_9' title='bbox 542 1651 655 1738; x_wconf 87' lang='grc'>756.</span> <span class='ocrx_word' id='word_1_10' title='bbox 760 1737 764 1745; x_wconf 73' lang='grc'><strong>,</strong></span> <span class='ocrx_word' id='word_1_11' title='bbox 1461 1687 1554 1754; x_wconf 75' lang='lat'>1319,</span> <span class='ocrx_word' id='word_1_12' title='bbox 1570 1686 1611 1732; x_wconf 91' lang='grc'>11</span> <span class='ocrx_word' id='word_1_13' title='bbox 1628 1667 1818 1755; x_wconf 77' lang='lat' dir='ltr'>septembre.</span> 
     </span>
     <span class='ocr_line' id='line_1_4' title="bbox 543 1770 1858 1862; baseline -0.002 -20"><span class='ocrx_word' id='word_1_14' title='bbox 543 1775 709 1862; x_wconf 93' lang='lat' dir='ltr'>Philippo,</span> <span class='ocrx_word' id='word_1_15' title='bbox 725 1773 793 1860; x_wconf 88' lang='lat' dir='ltr'>regi</span> <span class='ocrx_word' id='word_1_16' title='bbox 818 1771 967 1855; x_wconf 90' lang='lat' dir='ltr'>Francie,</span> <span class='ocrx_word' id='word_1_17' title='bbox 991 1772 1143 1840; x_wconf 86' lang='lat' dir='ltr'>scribitur</span> <span class='ocrx_word' id='word_1_18' title='bbox 1166 1781 1203 1839; x_wconf 93' lang='lat' dir='ltr'>ut</span> <span class='ocrx_word' id='word_1_19' title='bbox 1226 1792 1345 1859; x_wconf 89' lang='lat' dir='ltr'>pacem</span> <span class='ocrx_word' id='word_1_20' title='bbox 1368 1791 1445 1841; x_wconf 90' lang='lat' dir='ltr'>curn</span> <span class='ocrx_word' id='word_1_21' title='bbox 1469 1770 1729 1839; x_wconf 91' lang='lat' dir='ltr'>Flandrensibus</span> <span class='ocrx_word' id='word_1_22' title='bbox 1744 1771 1858 1839; x_wconf 87' lang='lat' dir='ltr'>initam</span> 
     </span>
     <span class='ocr_line' id='line_1_5' title="bbox 499 1880 918 1948; baseline 0.002 -2"><span class='ocrx_word' id='word_1_23' title='bbox 499 1880 735 1948; x_wconf 87' lang='lat' dir='ltr'>inviolabiliter</span> <span class='ocrx_word' id='word_1_24' title='bbox 751 1884 918 1947; x_wconf 86' lang='lat' dir='ltr'>observet.</span> 
     </span>
    </p>
   </div>
   <div class='ocr_carea' id='block_1_4' title="bbox 497 2071 1867 3722">
    <p class='ocr_par' dir='ltr' id='par_1_4' title="bbox 497 2071 1867 3722">
     <span class='ocr_line' id='line_1_6' title="bbox 545 2071 1859 2161; baseline 0.004 -25"><span class='ocrx_word' id='word_1_25' title='bbox 545 2071 753 2141; x_wconf 75' lang='lat' dir='ltr'>«Carissimo</span> <span class='ocrx_word' id='word_1_26' title='bbox 777 2074 846 2140; x_wconf 90' lang='lat' dir='ltr'>filio</span> <span class='ocrx_word' id='word_1_27' title='bbox 868 2073 1035 2160; x_wconf 93' lang='lat' dir='ltr'>Philippo,</span> <span class='ocrx_word' id='word_1_28' title='bbox 1058 2074 1126 2160; x_wconf 89' lang='lat' dir='ltr'>regi</span> <span class='ocrx_word' id='word_1_29' title='bbox 1152 2074 1293 2141; x_wconf 87' lang='lat' dir='ltr'>Francie</span> <span class='ocrx_word' id='word_1_30' title='bbox 1317 2085 1351 2141; x_wconf 89' lang='lat' dir='ltr'>et</span> <span class='ocrx_word' id='word_1_31' title='bbox 1371 2074 1521 2142; x_wconf 90' lang='lat' dir='ltr'>Navarre</span> <span class='ocrx_word' id='word_1_32' title='bbox 1537 2075 1665 2142; x_wconf 83' lang='lat' dir='ltr'>illustri.</span> <span class='ocrx_word' id='word_1_33' title='bbox 1681 2076 1859 2161; x_wconf 79' lang='lat' dir='ltr'>Quoniam,</span> 
     </span>
     <span class='ocr_line' id='line_1_7' title="bbox 499 2177 1861 2264; baseline 0.001 -22"><span class='ocrx_word' id='word_1_34' title='bbox 499 2177 583 2243; x_wconf 91' lang='lat' dir='ltr'>sicut</span> <span class='ocrx_word' id='word_1_35' title='bbox 599 2185 645 2259; x_wconf 89' lang='lat' dir='ltr'>te,</span> <span class='ocrx_word' id='word_1_36' title='bbox 661 2178 707 2242; x_wconf 88' lang='lat' dir='ltr'>fili</span> <span class='ocrx_word' id='word_1_37' title='bbox 724 2179 902 2259; x_wconf 86' lang='lat' dir='ltr'>carissime,</span> <span class='ocrx_word' id='word_1_38' title='bbox 918 2199 1017 2244; x_wconf 89' lang='lat' dir='ltr'>nosse</span> <span class='ocrx_word' id='word_1_39' title='bbox 1032 2199 1101 2245; x_wconf 90' lang='lat' dir='ltr'>non</span> <span class='ocrx_word' id='word_1_40' title='bbox 1118 2179 1327 2264; x_wconf 85' lang='lat' dir='ltr'>ambigimus,</span> <span class='ocrx_word' id='word_1_41' title='bbox 1342 2199 1412 2243; x_wconf 92' lang='lat' dir='ltr'>non</span> <span class='ocrx_word' id='word_1_42' title='bbox 1427 2178 1549 2244; x_wconf 90' lang='lat' dir='ltr'>minori</span> <span class='ocrx_word' id='word_1_43' title='bbox 1558 2179 1672 2246; x_wconf 90' lang='lat' dir='ltr'>virtuti</span> <span class='ocrx_word' id='word_1_44' title='bbox 1687 2180 1861 2248; x_wconf 85' lang='lat' dir='ltr'>ascribitur</span> 
     </span>
     <span class='ocr_line' id='line_1_8' title="bbox 499 2282 1861 2371; baseline 0.004 -25"><span class='ocrx_word' id='word_1_45' title='bbox 499 2282 662 2348; x_wconf 86' lang='lat' dir='ltr'>laboriose</span> <span class='ocrx_word' id='word_1_46' title='bbox 687 2283 818 2367; x_wconf 86' lang='lat' dir='ltr'>quesita</span> <span class='ocrx_word' id='word_1_47' title='bbox 834 2304 964 2349; x_wconf 90' lang='lat' dir='ltr'>servare</span> <span class='ocrx_word' id='word_1_48' title='bbox 991 2284 1106 2350; x_wconf 89' lang='lat' dir='ltr'>sedule</span> <span class='ocrx_word' id='word_1_49' title='bbox 1129 2304 1230 2369; x_wconf 89' lang='lat' dir='ltr'>quarn</span> <span class='ocrx_word' id='word_1_50' title='bbox 1255 2284 1342 2350; x_wconf 91' lang='lat' dir='ltr'>circa</span> <span class='ocrx_word' id='word_1_51' title='bbox 1366 2282 1436 2369; x_wconf 92' lang='lat' dir='ltr'>ipsa</span> <span class='ocrx_word' id='word_1_52' title='bbox 1462 2284 1632 2367; x_wconf 90' lang='lat' dir='ltr'>querenda</span> <span class='ocrx_word' id='word_1_53' title='bbox 1654 2284 1861 2371; x_wconf 87' lang='lat' dir='ltr'>diligentiam</span> 
     </span>
     <span class='ocr_line' id='line_1_9' title="bbox 499 2385 1862 2475; baseline 0.002 -23"><span class='ocrx_word' id='word_1_54' title='bbox 499 2385 648 2452; x_wconf 89' lang='lat' dir='ltr'>sedulam</span> <span class='ocrx_word' id='word_1_55' title='bbox 665 2386 831 2468; x_wconf 90' lang='lat' dir='ltr'>adhibere,</span> <span class='ocrx_word' id='word_1_56' title='bbox 848 2386 1094 2473; x_wconf 90' lang='lat' dir='ltr'>providentiam</span> <span class='ocrx_word' id='word_1_57' title='bbox 1111 2387 1236 2473; x_wconf 92' lang='lat' dir='ltr'>regiam</span> <span class='ocrx_word' id='word_1_58' title='bbox 1252 2388 1425 2454; x_wconf 86' lang='lat' dir='ltr'>hortamur</span> <span class='ocrx_word' id='word_1_59' title='bbox 1448 2387 1481 2451; x_wconf 93' lang='lat' dir='ltr'>in</span> <span class='ocrx_word' id='word_1_60' title='bbox 1505 2386 1654 2454; x_wconf 92' lang='lat' dir='ltr'>Domino</span> <span class='ocrx_word' id='word_1_61' title='bbox 1668 2395 1704 2454; x_wconf 92' lang='lat' dir='ltr'>et</span> <span class='ocrx_word' id='word_1_62' title='bbox 1720 2398 1862 2475; x_wconf 89' lang='lat' dir='ltr'>patemo</span> 
     </span>
     <span class='ocr_line' id='line_1_10' title="bbox 497 2489 1863 2577; baseline 0.001 -21"><span class='ocrx_word' id='word_1_63' title='bbox 497 2510 652 2576; x_wconf 84' lang='lat' dir='ltr'>rogamus</span> <span class='ocrx_word' id='word_1_64' title='bbox 674 2490 807 2573; x_wconf 87' lang='lat' dir='ltr'>affectu,</span> <span class='ocrx_word' id='word_1_65' title='bbox 831 2492 941 2558; x_wconf 88' lang='lat' dir='ltr'>eidem</span> <span class='ocrx_word' id='word_1_66' title='bbox 963 2492 1200 2558; x_wconf 88' lang='lat' dir='ltr'>nichilominus</span> <span class='ocrx_word' id='word_1_67' title='bbox 1223 2513 1306 2559; x_wconf 92' lang='lat' dir='ltr'>sano</span> <span class='ocrx_word' id='word_1_68' title='bbox 1329 2491 1469 2558; x_wconf 92' lang='lat' dir='ltr'>consilio</span> <span class='ocrx_word' id='word_1_69' title='bbox 1491 2489 1671 2557; x_wconf 88' lang='lat' dir='ltr'>suadentes</span> <span class='ocrx_word' id='word_1_70' title='bbox 1705 2491 1863 2577; x_wconf 90' lang='lat' dir='ltr'>quatinus</span> 
     </span>
     <span class='ocr_line' id='line_1_11' title="bbox 498 2593 1863 2682; baseline -0.001 -21"><span class='ocrx_word' id='word_1_71' title='bbox 498 2594 586 2661; x_wconf 88' lang='lat' dir='ltr'>circa</span> <span class='ocrx_word' id='word_1_72' title='bbox 601 2594 833 2661; x_wconf 89' lang='lat' dir='ltr'>stabiliendam</span> <span class='ocrx_word' id='word_1_73' title='bbox 849 2602 885 2661; x_wconf 88' lang='lat' dir='ltr'>et</span> <span class='ocrx_word' id='word_1_74' title='bbox 911 2596 1146 2662; x_wconf 91' lang='lat' dir='ltr'>inviolabiliter</span> <span class='ocrx_word' id='word_1_75' title='bbox 1162 2595 1406 2662; x_wconf 87' lang='lat' dir='ltr'>observandam</span> <span class='ocrx_word' id='word_1_76' title='bbox 1429 2614 1547 2682; x_wconf 90' lang='lat' dir='ltr'>pacem</span> <span class='ocrx_word' id='word_1_77' title='bbox 1570 2593 1696 2660; x_wconf 93' lang='lat' dir='ltr'>dudum</span> <span class='ocrx_word' id='word_1_78' title='bbox 1718 2594 1808 2661; x_wconf 88' lang='lat' dir='ltr'>inter</span> <span class='ocrx_word' id='word_1_79' title='bbox 1829 2604 1863 2661; x_wconf 88' lang='lat' dir='ltr'>te</span> 
     </span>
     <span class='ocr_line' id='line_1_12' title="bbox 498 2695 1863 2785; baseline 0.001 -23"><span class='ocrx_word' id='word_1_80' title='bbox 498 2706 533 2763; x_wconf 92' lang='lat' dir='ltr'>et</span> <span class='ocrx_word' id='word_1_81' title='bbox 550 2695 771 2765; x_wconf 89' lang='lat' dir='ltr'>Flandrenses</span> <span class='ocrx_word' id='word_1_82' title='bbox 787 2698 904 2765; x_wconf 92' lang='lat' dir='ltr'>initam</span> <span class='ocrx_word' id='word_1_83' title='bbox 920 2720 959 2766; x_wconf 91' lang='lat' dir='ltr'>ac</span> <span class='ocrx_word' id='word_1_84' title='bbox 974 2700 1118 2781; x_wconf 89' lang='lat' dir='ltr'>noviter,</span> <span class='ocrx_word' id='word_1_85' title='bbox 1134 2700 1220 2766; x_wconf 91' lang='lat' dir='ltr'>sicut</span> <span class='ocrx_word' id='word_1_86' title='bbox 1230 2700 1334 2766; x_wconf 87' lang='lat' dir='ltr'>habet</span> <span class='ocrx_word' id='word_1_87' title='bbox 1342 2707 1437 2785; x_wconf 89' lang='lat' dir='ltr'>grata</span> <span class='ocrx_word' id='word_1_88' title='bbox 1446 2698 1543 2765; x_wconf 92' lang='lat' dir='ltr'>nobis</span> <span class='ocrx_word' id='word_1_89' title='bbox 1552 2697 1737 2765; x_wconf 89' lang='lat' dir='ltr'>admodum</span> <span class='ocrx_word' id='word_1_90' title='bbox 1748 2699 1863 2766; x_wconf 87' lang='lat' dir='ltr'>dilecti</span> 
     </span>
     <span class='ocr_line' id='line_1_13' title="bbox 498 2800 1864 2889; baseline 0.003 -24"><span class='ocrx_word' id='word_1_91' title='bbox 498 2800 554 2866; x_wconf 89' lang='lat' dir='ltr'>filii</span> <span class='ocrx_word' id='word_1_92' title='bbox 571 2800 756 2884; x_wconf 89' lang='lat' dir='ltr'>Gaucelmi,</span> <span class='ocrx_word' id='word_1_93' title='bbox 771 2803 860 2870; x_wconf 90' lang='lat' dir='ltr'>tituli</span> <span class='ocrx_word' id='word_1_94' title='bbox 878 2803 1076 2870; x_wconf 86' lang='lat' dir='ltr'>Sanctorum</span> <span class='ocrx_word' id='word_1_95' title='bbox 1093 2802 1282 2870; x_wconf 90' lang='lat' dir='ltr'>Marcellini</span> <span class='ocrx_word' id='word_1_96' title='bbox 1310 2812 1345 2870; x_wconf 90' lang='lat' dir='ltr'>et</span> <span class='ocrx_word' id='word_1_97' title='bbox 1362 2803 1451 2869; x_wconf 89' lang='lat' dir='ltr'>Petri</span> <span class='ocrx_word' id='word_1_98' title='bbox 1477 2801 1651 2889; x_wconf 90' lang='lat' dir='ltr'>presbiteri</span> <span class='ocrx_word' id='word_1_99' title='bbox 1675 2802 1864 2883; x_wconf 72' lang='lat' dir='ltr'>cardinalis</span> 
     </span>
     <span class='ocr_line' id='line_1_14' title="bbox 498 2904 1865 2993; baseline 0.002 -23"><span class='ocrx_word' id='word_1_100' title='bbox 498 2904 687 2987; x_wconf 88' lang='lat' dir='ltr'>insinuatio,</span> <span class='ocrx_word' id='word_1_101' title='bbox 701 2907 797 2992; x_wconf 85' lang='lat' dir='ltr'>juxta</span> <span class='ocrx_word' id='word_1_102' title='bbox 812 2916 1001 2974; x_wconf 88' lang='lat' dir='ltr'>nostrarum</span> <span class='ocrx_word' id='word_1_103' title='bbox 1018 2908 1205 2974; x_wconf 87' lang='lat' dir='ltr'>litterarum</span> <span class='ocrx_word' id='word_1_104' title='bbox 1221 2907 1476 2989; x_wconf 89' lang='lat' dir='ltr'>continentiam,</span> <span class='ocrx_word' id='word_1_105' title='bbox 1491 2907 1694 2989; x_wconf 87' lang='lat' dir='ltr'>roboratam,</span> <span class='ocrx_word' id='word_1_106' title='bbox 1710 2905 1865 2993; x_wconf 85' lang='lat' dir='ltr'>vigilanti</span> 
     </span>
     <span class='ocr_line' id='line_1_15' title="bbox 498 3009 1866 3099; baseline 0.001 -24"><span class='ocrx_word' id='word_1_107' title='bbox 498 3010 609 3076; x_wconf 91' lang='lat' dir='ltr'>studio</span> <span class='ocrx_word' id='word_1_108' title='bbox 623 3010 798 3078; x_wconf 87' lang='lat' dir='ltr'>intendere</span> <span class='ocrx_word' id='word_1_109' title='bbox 813 3012 1025 3099; x_wconf 90' lang='lat' dir='ltr'>providentia</span> <span class='ocrx_word' id='word_1_110' title='bbox 1041 3012 1132 3098; x_wconf 90' lang='lat' dir='ltr'>regia</span> <span class='ocrx_word' id='word_1_111' title='bbox 1147 3033 1216 3078; x_wconf 93' lang='lat' dir='ltr'>non</span> <span class='ocrx_word' id='word_1_112' title='bbox 1231 3013 1404 3079; x_wconf 91' lang='lat' dir='ltr'>ommittat</span> <span class='ocrx_word' id='word_1_113' title='bbox 1430 3030 1561 3098; x_wconf 89' lang='lat' dir='ltr'>queque</span> <span class='ocrx_word' id='word_1_114' title='bbox 1578 3009 1640 3076; x_wconf 92' lang='lat' dir='ltr'>hec</span> <span class='ocrx_word' id='word_1_115' title='bbox 1661 3029 1866 3096; x_wconf 90' lang='lat' dir='ltr'>promoven·</span> 
     </span>
     <span class='ocr_line' id='line_1_16' title="bbox 497 3113 1866 3201; baseline 0.002 -22"><span class='ocrx_word' id='word_1_116' title='bbox 497 3113 545 3179; x_wconf 90' lang='lat' dir='ltr'>tia</span> <span class='ocrx_word' id='word_1_117' title='bbox 559 3124 714 3201; x_wconf 91' lang='lat' dir='ltr'>prompte</span> <span class='ocrx_word' id='word_1_118' title='bbox 726 3123 761 3181; x_wconf 90' lang='lat' dir='ltr'>et</span> <span class='ocrx_word' id='word_1_119' title='bbox 771 3114 914 3182; x_wconf 90' lang='lat' dir='ltr'>sollicite</span> <span class='ocrx_word' id='word_1_120' title='bbox 930 3116 1165 3201; x_wconf 88' lang='lat' dir='ltr'>prosequendo</span> <span class='ocrx_word' id='word_1_121' title='bbox 1181 3124 1215 3182; x_wconf 92' lang='lat' dir='ltr'>et</span> <span class='ocrx_word' id='word_1_122' title='bbox 1231 3115 1442 3183; x_wconf 88' lang='lat' dir='ltr'>adversantia</span> <span class='ocrx_word' id='word_1_123' title='bbox 1457 3114 1596 3181; x_wconf 82' lang='lat' dir='ltr'>viriliter</span> <span class='ocrx_word' id='word_1_124' title='bbox 1604 3114 1808 3200; x_wconf 89' lang='lat' dir='ltr'>respuendo,</span> <span class='ocrx_word' id='word_1_125' title='bbox 1824 3115 1866 3182; x_wconf 93' lang='lat' dir='ltr'>de</span> 
     </span>
     <span class='ocr_line' id='line_1_17' title="bbox 497 3217 1866 3306; baseline 0.001 -22"><span class='ocrx_word' id='word_1_126' title='bbox 497 3218 619 3284; x_wconf 90' lang='lat' dir='ltr'>talibus</span> <span class='ocrx_word' id='word_1_127' title='bbox 634 3217 830 3286; x_wconf 86' lang='lat' dir='ltr'>officialibus</span> <span class='ocrx_word' id='word_1_128' title='bbox 846 3219 925 3305; x_wconf 90' lang='lat' dir='ltr'>ipsis</span> <span class='ocrx_word' id='word_1_129' title='bbox 942 3218 1200 3286; x_wconf 89' lang='lat' dir='ltr'>Flandrensibus</span> <span class='ocrx_word' id='word_1_130' title='bbox 1216 3221 1405 3306; x_wconf 88' lang='lat' dir='ltr'>provisurus</span> <span class='ocrx_word' id='word_1_131' title='bbox 1428 3220 1483 3305; x_wconf 94' lang='lat' dir='ltr'>qui</span> <span class='ocrx_word' id='word_1_132' title='bbox 1507 3218 1618 3284; x_wconf 89' lang='lat' dir='ltr'>Deum</span> <span class='ocrx_word' id='word_1_133' title='bbox 1633 3218 1791 3301; x_wconf 89' lang='lat' dir='ltr'>timeant,</span> <span class='ocrx_word' id='word_1_134' title='bbox 1808 3220 1866 3286; x_wconf 78' lang='lat' dir='ltr'>ho</span> 
     </span>
     <span class='ocr_line' id='line_1_18' title="bbox 499 3322 1867 3411; baseline 0.003 -24"><span class='ocrx_word' id='word_1_135' title='bbox 499 3343 615 3388; x_wconf 91' lang='lat' dir='ltr'>norem</span> <span class='ocrx_word' id='word_1_136' title='bbox 631 3324 757 3408; x_wconf 90' lang='lat' dir='ltr'>regium</span> <span class='ocrx_word' id='word_1_137' title='bbox 773 3333 808 3389; x_wconf 87' lang='lat' dir='ltr'>et</span> <span class='ocrx_word' id='word_1_138' title='bbox 823 3324 1030 3391; x_wconf 89' lang='lat' dir='ltr'>subditorum</span> <span class='ocrx_word' id='word_1_139' title='bbox 1043 3346 1162 3411; x_wconf 92' lang='lat' dir='ltr'>pacem</span> <span class='ocrx_word' id='word_1_140' title='bbox 1178 3326 1316 3410; x_wconf 86' lang='lat' dir='ltr'>diligant</span> <span class='ocrx_word' id='word_1_141' title='bbox 1332 3334 1366 3391; x_wconf 84' lang='lat' dir='ltr'>et</span> <span class='ocrx_word' id='word_1_142' title='bbox 1383 3345 1442 3391; x_wconf 89' lang='lat' dir='ltr'>sua</span> <span class='ocrx_word' id='word_1_143' title='bbox 1458 3323 1602 3390; x_wconf 91' lang='lat' dir='ltr'>comoda</span> <span class='ocrx_word' id='word_1_144' title='bbox 1617 3322 1651 3387; x_wconf 96' lang='lat' dir='ltr'>in</span> <span class='ocrx_word' id='word_1_145' title='bbox 1667 3323 1789 3390; x_wconf 90' lang='lat' dir='ltr'>alienis</span> <span class='ocrx_word' id='word_1_146' title='bbox 1803 3325 1867 3392; x_wconf 91' lang='lat' dir='ltr'>dis·</span> 
     </span>
     <span class='ocr_line' id='line_1_19' title="bbox 498 3426 1867 3514; baseline 0.001 -22"><span class='ocrx_word' id='word_1_147' title='bbox 498 3426 628 3513; x_wconf 89' lang='lat' dir='ltr'>pendiis</span> <span class='ocrx_word' id='word_1_148' title='bbox 643 3449 711 3493; x_wconf 93' lang='lat' dir='ltr'>non</span> <span class='ocrx_word' id='word_1_149' title='bbox 727 3429 930 3513; x_wconf 89' lang='lat' dir='ltr'>perquirant,</span> <span class='ocrx_word' id='word_1_150' title='bbox 947 3449 999 3509; x_wconf 90' lang='lat' dir='ltr'>ne,</span> <span class='ocrx_word' id='word_1_151' title='bbox 1016 3429 1042 3493; x_wconf 92' lang='lat' dir='ltr'>si</span> <span class='ocrx_word' id='word_1_152' title='bbox 1067 3429 1176 3495; x_wconf 84' lang='lat' dir='ltr'>forsan</span> <span class='ocrx_word' id='word_1_153' title='bbox 1200 3429 1410 3514; x_wconf 88' lang='lat' dir='ltr'>contingeret</span> <span class='ocrx_word' id='word_1_154' title='bbox 1432 3428 1515 3494; x_wconf 91' lang='lat' dir='ltr'>alios</span> <span class='ocrx_word' id='word_1_155' title='bbox 1538 3426 1701 3508; x_wconf 88' lang='lat' dir='ltr'>ordinare,</span> <span class='ocrx_word' id='word_1_156' title='bbox 1717 3429 1867 3514; x_wconf 90' lang='lat' dir='ltr'>pericula</span> 
     </span>
     <span class='ocr_line' id='line_1_20' title="bbox 498 3531 1867 3617; baseline -0.001 -22"><span class='ocrx_word' id='word_1_157' title='bbox 498 3552 562 3616; x_wconf 89' lang='lat' dir='ltr'>que</span> <span class='ocrx_word' id='word_1_158' title='bbox 573 3554 614 3596; x_wconf 87' lang='lat' dir='ltr'>ex</span> <span class='ocrx_word' id='word_1_159' title='bbox 625 3533 748 3598; x_wconf 89' lang='lat' dir='ltr'>talibus</span> <span class='ocrx_word' id='word_1_160' title='bbox 760 3542 873 3598; x_wconf 89' lang='lat' dir='ltr'>secuta</span> <span class='ocrx_word' id='word_1_161' title='bbox 883 3532 1037 3599; x_wconf 89' lang='lat' dir='ltr'>dicuntur</span> <span class='ocrx_word' id='word_1_162' title='bbox 1046 3533 1127 3598; x_wconf 90' lang='lat' dir='ltr'>alias</span> <span class='ocrx_word' id='word_1_163' title='bbox 1138 3534 1302 3617; x_wconf 88' lang='lat' dir='ltr'>subsequi,</span> <span class='ocrx_word' id='word_1_164' title='bbox 1320 3533 1409 3617; x_wconf 89' lang='lat' dir='ltr'>quod</span> <span class='ocrx_word' id='word_1_165' title='bbox 1425 3532 1522 3611; x_wconf 90' lang='lat' dir='ltr'>absit,</span> <span class='ocrx_word' id='word_1_166' title='bbox 1531 3540 1670 3616; x_wconf 88' lang='lat' dir='ltr'>possent</span> <span class='ocrx_word' id='word_1_167' title='bbox 1685 3531 1867 3616; x_wconf 92' lang='lat' dir='ltr'>probabili-</span> 
     </span>
     <span class='ocr_line' id='line_1_21' title="bbox 498 3634 1456 3722; baseline -0.003 -22"><span class='ocrx_word' id='word_1_168' title='bbox 498 3641 549 3700; x_wconf 89' lang='lat' dir='ltr'>ter</span> <span class='ocrx_word' id='word_1_169' title='bbox 567 3634 745 3701; x_wconf 84' lang='lat' dir='ltr'>fonnidari.</span> <span class='ocrx_word' id='word_1_170' title='bbox 762 3637 840 3700; x_wconf 90' lang='lat' dir='ltr'>Dat.</span> <span class='ocrx_word' id='word_1_171' title='bbox 857 3636 956 3702; x_wconf 90' lang='lat' dir='ltr'>Avin.</span> <span class='ocrx_word' id='word_1_172' title='bbox 975 3656 991 3720; x_wconf 83' lang='lat'>3</span> <span class='ocrx_word' id='word_1_173' title='bbox 1010 3636 1052 3701; x_wconf 90' lang='lat' dir='ltr'>id.</span> <span class='ocrx_word' id='word_1_174' title='bbox 1069 3637 1268 3722; x_wconf 89' lang='lat' dir='ltr'>septembris</span> <span class='ocrx_word' id='word_1_175' title='bbox 1291 3657 1381 3701; x_wconf 89' lang='lat' dir='ltr'>anno</span> <span class='ocrx_word' id='word_1_176' title='bbox 1397 3659 1427 3720; x_wconf 83' lang='lat'>4.</span> <span class='ocrx_word' id='word_1_177' title='bbox 1439 3658 1456 3698; x_wconf 76' lang='lat' dir='ltr'>v</span> 
     </span>
    </p>
   </div>
   <div class='ocr_carea' id='block_1_5' title="bbox 532 3772 1395 3836">
    <p class='ocr_par' dir='ltr' id='par_1_5' title="bbox 532 3772 1395 3836">
     <span class='ocr_line' id='line_1_22' title="bbox 532 3772 1395 3836; baseline 0.005 -18"><span class='ocrx_word' id='word_1_178' title='bbox 532 3772 591 3832; x_wconf 77' lang='lat' dir='ltr'>ch.</span> <span class='ocrx_word' id='word_1_179' title='bbox 602 3773 658 3821; x_wconf 74' lang='lat' dir='ltr'>vat.</span> <span class='ocrx_word' id='word_1_180' title='bbox 670 3774 722 3832; x_wconf 82' lang='lat'>110,</span> <span class='ocrx_word' id='word_1_181' title='bbox 732 3787 791 3835; x_wconf 88' lang='lat' dir='ltr'>pars</span> <span class='ocrx_word' id='word_1_182' title='bbox 803 3775 823 3830; x_wconf 88' lang='lat' dir='ltr'>I,</span> <span class='ocrx_word' id='word_1_183' title='bbox 836 3775 853 3821; x_wconf 86' lang='lat' dir='ltr'>f.</span> <span class='ocrx_word' id='word_1_184' title='bbox 867 3777 905 3836; x_wconf 79' lang='lat' dir='ltr'>til,</span> <span class='ocrx_word' id='word_1_185' title='bbox 919 3790 943 3823; x_wconf 89' lang='lat' dir='ltr'>n.</span> <span class='ocrx_word' id='word_1_186' title='bbox 956 3777 1011 3822; x_wconf 78' lang='lat'>207.</span> <span class='ocrx_word' id='word_1_187' title='bbox 1024 3802 1054 3809; x_wconf 93' lang='lat'><strong>—</strong></span> <span class='ocrx_word' id='word_1_188' title='bbox 1069 3775 1175 3833; x_wconf 70' lang='lat' dir='ltr'>(bulon,</span> <span class='ocrx_word' id='word_1_189' title='bbox 1190 3790 1215 3823; x_wconf 93' lang='lat' dir='ltr'>n.</span> <span class='ocrx_word' id='word_1_190' title='bbox 1229 3777 1276 3823; x_wconf 78' lang='lat'>930</span> <span class='ocrx_word' id='word_1_191' title='bbox 1290 3775 1395 3836; x_wconf 80' lang='lat' dir='ltr'>(textu).</span> 
     </span>
    </p>
   </div>
   <div class='ocr_carea' id='block_1_6' title="bbox 501 3942 1865 4227">
    <p class='ocr_par' dir='ltr' id='par_1_6' title="bbox 501 3942 1865 4227">
     <span class='ocr_line' id='line_1_23' title="bbox 544 3942 1824 4041; baseline -0.001 -19"><span class='ocrx_word' id='word_1_192' title='bbox 544 3942 654 4023; x_wconf 88' lang='grc'>757.</span> <span class='ocrx_word' id='word_1_193' title='bbox 1447 3975 1543 4040; x_wconf 74' lang='lat'>1319,</span> <span class='ocrx_word' id='word_1_194' title='bbox 1567 3975 1607 4018; x_wconf 93' lang='grc'>11</span> <span class='ocrx_word' id='word_1_195' title='bbox 1631 3956 1824 4041; x_wconf 75' lang='lat' dir='ltr'>septembre.</span> 
     </span>
     <span class='ocr_line' id='line_1_24' title="bbox 543 4057 1865 4145; baseline -0.001 -22"><span class='ocrx_word' id='word_1_196' title='bbox 543 4057 708 4139; x_wconf 89' lang='lat' dir='ltr'>Johanne,</span> <span class='ocrx_word' id='word_1_197' title='bbox 723 4059 836 4143; x_wconf 80' lang='lat' dir='ltr'>regine</span> <span class='ocrx_word' id='word_1_198' title='bbox 854 4058 1003 4138; x_wconf 89' lang='lat' dir='ltr'>Francie,</span> <span class='ocrx_word' id='word_1_199' title='bbox 1017 4059 1169 4125; x_wconf 86' lang='lat' dir='ltr'>scribitur</span> <span class='ocrx_word' id='word_1_200' title='bbox 1185 4068 1221 4125; x_wconf 92' lang='lat' dir='ltr'>ut</span> <span class='ocrx_word' id='word_1_201' title='bbox 1237 4060 1279 4124; x_wconf 90' lang='lat' dir='ltr'>ad</span> <span class='ocrx_word' id='word_1_202' title='bbox 1296 4080 1415 4145; x_wconf 90' lang='lat' dir='ltr'>pacem</span> <span class='ocrx_word' id='word_1_203' title='bbox 1431 4057 1629 4124; x_wconf 89' lang='lat' dir='ltr'>servandam</span> <span class='ocrx_word' id='word_1_204' title='bbox 1646 4057 1737 4144; x_wconf 88' lang='lat' dir='ltr'>apud</span> <span class='ocrx_word' id='word_1_205' title='bbox 1753 4080 1865 4143; x_wconf 87' lang='lat' dir='ltr'>regem</span> 
     </span>
     <span class='ocr_line' id='line_1_25' title="bbox 501 4162 642 4227; baseline 0.021 -3"><span class='ocrx_word' id='word_1_206' title='bbox 501 4162 642 4227; x_wconf 88' lang='lat' dir='ltr'>insistat.</span> 
     </span>
    </p>
   </div>
   <div class='ocr_carea' id='block_1_7' title="bbox 497 4333 1864 5048">
    <p class='ocr_par' dir='ltr' id='par_1_7' title="bbox 497 4333 1864 5048">
     <span class='ocr_line' id='line_1_26' title="bbox 545 4333 1864 4421; baseline 0.002 -24"><span class='ocrx_word' id='word_1_207' title='bbox 545 4334 748 4399; x_wconf 81' lang='lat' dir='ltr'>‹Carissime</span> <span class='ocrx_word' id='word_1_208' title='bbox 765 4335 830 4400; x_wconf 89' lang='lat' dir='ltr'>filie</span> <span class='ocrx_word' id='word_1_209' title='bbox 847 4334 1012 4416; x_wconf 90' lang='lat' dir='ltr'>Johanne,</span> <span class='ocrx_word' id='word_1_210' title='bbox 1028 4337 1140 4421; x_wconf 90' lang='lat' dir='ltr'>regine</span> <span class='ocrx_word' id='word_1_211' title='bbox 1159 4335 1299 4401; x_wconf 90' lang='lat' dir='ltr'>Francie</span> <span class='ocrx_word' id='word_1_212' title='bbox 1315 4345 1349 4402; x_wconf 88' lang='lat' dir='ltr'>et</span> <span class='ocrx_word' id='word_1_213' title='bbox 1366 4335 1527 4401; x_wconf 84' lang='lat' dir='ltr'>Navarre.</span> <span class='ocrx_word' id='word_1_214' title='bbox 1541 4333 1665 4400; x_wconf 90' lang='lat' dir='ltr'>Pacem</span> <span class='ocrx_word' id='word_1_215' title='bbox 1677 4342 1712 4399; x_wconf 91' lang='lat' dir='ltr'>te</span> <span class='ocrx_word' id='word_1_216' title='bbox 1733 4334 1864 4400; x_wconf 85' lang='lat' dir='ltr'>intense</span> 
     </span>
     <span class='ocr_line' id='line_1_27' title="bbox 499 4435 1864 4524; baseline 0.002 -25"><span class='ocrx_word' id='word_1_217' title='bbox 499 4435 643 4521; x_wconf 89' lang='lat' dir='ltr'>diligere,</span> <span class='ocrx_word' id='word_1_218' title='bbox 659 4438 726 4503; x_wconf 90' lang='lat' dir='ltr'>filia</span> <span class='ocrx_word' id='word_1_219' title='bbox 750 4438 994 4504; x_wconf 88' lang='lat' dir='ltr'>benedictionis</span> <span class='ocrx_word' id='word_1_220' title='bbox 1021 4448 1056 4505; x_wconf 92' lang='lat' dir='ltr'>et</span> <span class='ocrx_word' id='word_1_221' title='bbox 1080 4440 1196 4524; x_wconf 90' lang='lat' dir='ltr'>gratie,</span> <span class='ocrx_word' id='word_1_222' title='bbox 1212 4449 1247 4505; x_wconf 88' lang='lat' dir='ltr'>te</span> <span class='ocrx_word' id='word_1_223' title='bbox 1263 4447 1423 4524; x_wconf 88' lang='lat' dir='ltr'>appetere</span> <span class='ocrx_word' id='word_1_224' title='bbox 1446 4460 1485 4505; x_wconf 89' lang='lat' dir='ltr'>ac</span> <span class='ocrx_word' id='word_1_225' title='bbox 1501 4458 1692 4523; x_wconf 85' lang='lat' dir='ltr'>guerrarum</span> <span class='ocrx_word' id='word_1_226' title='bbox 1717 4440 1864 4503; x_wconf 87' lang='lat' dir='ltr'>execrari</span> 
     </span>
     <span class='ocr_line' id='line_1_28' title="bbox 498 4539 1863 4629; baseline 0.002 -25"><span class='ocrx_word' id='word_1_227' title='bbox 498 4539 632 4605; x_wconf 89' lang='lat' dir='ltr'>dissidia</span> <span class='ocrx_word' id='word_1_228' title='bbox 648 4541 782 4606; x_wconf 91' lang='lat' dir='ltr'>indubie</span> <span class='ocrx_word' id='word_1_229' title='bbox 798 4550 1038 4627; x_wconf 86' lang='lat' dir='ltr'>supponentes,</span> <span class='ocrx_word' id='word_1_230' title='bbox 1054 4544 1114 4608; x_wconf 91' lang='lat' dir='ltr'>tihi</span> <span class='ocrx_word' id='word_1_231' title='bbox 1139 4564 1203 4629; x_wconf 89' lang='lat' dir='ltr'>que</span> <span class='ocrx_word' id='word_1_232' title='bbox 1226 4543 1317 4629; x_wconf 89' lang='lat' dir='ltr'>pacis</span> <span class='ocrx_word' id='word_1_233' title='bbox 1339 4551 1417 4608; x_wconf 91' lang='lat' dir='ltr'>sunt</span> <span class='ocrx_word' id='word_1_234' title='bbox 1433 4541 1526 4607; x_wconf 87' lang='lat' dir='ltr'>etad</span> <span class='ocrx_word' id='word_1_235' title='bbox 1539 4540 1634 4628; x_wconf 90' lang='lat' dir='ltr'>pacis</span> <span class='ocrx_word' id='word_1_236' title='bbox 1649 4561 1863 4627; x_wconf 88' lang='lat' dir='ltr'>perseveran-</span> 
     </span>
     <span class='ocr_line' id='line_1_29' title="bbox 498 4644 1864 4731; baseline 0.001 -22"><span class='ocrx_word' id='word_1_237' title='bbox 498 4644 579 4709; x_wconf 92' lang='lat' dir='ltr'>tiam</span> <span class='ocrx_word' id='word_1_238' title='bbox 595 4645 765 4729; x_wconf 90' lang='lat' dir='ltr'>pertinent</span> <span class='ocrx_word' id='word_1_239' title='bbox 781 4665 935 4710; x_wconf 89' lang='lat' dir='ltr'>curamus</span> <span class='ocrx_word' id='word_1_240' title='bbox 951 4645 1148 4711; x_wconf 88' lang='lat' dir='ltr'>fiducialiter</span> <span class='ocrx_word' id='word_1_241' title='bbox 1163 4646 1311 4712; x_wconf 88' lang='lat' dir='ltr'>suadere.</span> <span class='ocrx_word' id='word_1_242' title='bbox 1329 4645 1415 4710; x_wconf 91' lang='lat' dir='ltr'>Cum</span> <span class='ocrx_word' id='word_1_243' title='bbox 1432 4647 1544 4731; x_wconf 91' lang='lat' dir='ltr'>itaque</span> <span class='ocrx_word' id='word_1_244' title='bbox 1559 4665 1624 4730; x_wconf 87' lang='lat' dir='ltr'>pax</span> <span class='ocrx_word' id='word_1_245' title='bbox 1634 4644 1762 4712; x_wconf 90' lang='lat' dir='ltr'>dudum</span> <span class='ocrx_word' id='word_1_246' title='bbox 1779 4646 1864 4711; x_wconf 91' lang='lat' dir='ltr'>inter</span> 
     </span>
     <span class='ocr_line' id='line_1_30' title="bbox 498 4745 1861 4834; baseline 0.002 -24"><span class='ocrx_word' id='word_1_247' title='bbox 498 4745 703 4810; x_wconf 87' lang='lat' dir='ltr'>carissimum</span> <span class='ocrx_word' id='word_1_248' title='bbox 719 4748 823 4813; x_wconf 91' lang='lat' dir='ltr'>filium</span> <span class='ocrx_word' id='word_1_249' title='bbox 840 4747 1043 4833; x_wconf 91' lang='lat' dir='ltr'>Philippum,</span> <span class='ocrx_word' id='word_1_250' title='bbox 1061 4750 1222 4814; x_wconf 89' lang='lat' dir='ltr'>illustrem</span> <span class='ocrx_word' id='word_1_251' title='bbox 1251 4750 1392 4815; x_wconf 84' lang='lat' dir='ltr'>Francie</span> <span class='ocrx_word' id='word_1_252' title='bbox 1417 4765 1451 4814; x_wconf 83' lang='lat' dir='ltr'>et</span> <span class='ocrx_word' id='word_1_253' title='bbox 1475 4748 1626 4815; x_wconf 85' lang='lat' dir='ltr'>Navarre</span> <span class='ocrx_word' id='word_1_254' title='bbox 1642 4770 1767 4834; x_wconf 87' lang='lat' dir='ltr'>regem,</span> <span class='ocrx_word' id='word_1_255' title='bbox 1782 4759 1861 4815; x_wconf 90' lang='lat' dir='ltr'>tunc</span> 
     </span>
     <span class='ocr_line' id='line_1_31' title="bbox 497 4848 1860 4938; baseline 0.006 -29"><span class='ocrx_word' id='word_1_256' title='bbox 497 4866 599 4930; x_wconf 89' lang='lat' dir='ltr'>regna</span> <span class='ocrx_word' id='word_1_257' title='bbox 614 4848 765 4932; x_wconf 89' lang='lat' dir='ltr'>predicta</span> <span class='ocrx_word' id='word_1_258' title='bbox 781 4859 963 4935; x_wconf 90' lang='lat' dir='ltr'>regentem,</span> <span class='ocrx_word' id='word_1_259' title='bbox 981 4873 1020 4917; x_wconf 91' lang='lat' dir='ltr'>ac</span> <span class='ocrx_word' id='word_1_260' title='bbox 1037 4853 1198 4918; x_wconf 91' lang='lat' dir='ltr'>comitem</span> <span class='ocrx_word' id='word_1_261' title='bbox 1224 4852 1251 4916; x_wconf 89' lang='lat' dir='ltr'>F</span> <span class='ocrx_word' id='word_1_262' title='bbox 1252 4853 1379 4917; x_wconf 90' lang='lat' dir='ltr'>landrie</span> <span class='ocrx_word' id='word_1_263' title='bbox 1396 4862 1430 4917; x_wconf 89' lang='lat' dir='ltr'>et</span> <span class='ocrx_word' id='word_1_264' title='bbox 1446 4854 1517 4938; x_wconf 88' lang='lat' dir='ltr'>ejus</span> <span class='ocrx_word' id='word_1_265' title='bbox 1533 4851 1685 4918; x_wconf 88' lang='lat' dir='ltr'>subditos</span> <span class='ocrx_word' id='word_1_266' title='bbox 1701 4852 1805 4918; x_wconf 81' lang='lat' dir='ltr'>inita·</span> <span class='ocrx_word' id='word_1_267' title='bbox 1820 4853 1860 4918; x_wconf 91' lang='lat' dir='ltr'>sit</span> 
     </span>
     <span class='ocr_line' id='line_1_32' title="bbox 498 4953 1858 5048; baseline 0.004 -33"><span class='ocrx_word' id='word_1_268' title='bbox 498 4953 630 5018; x_wconf 87' lang='lat' dir='ltr'>noviter</span> <span class='ocrx_word' id='word_1_269' title='bbox 646 4955 743 5019; x_wconf 88' lang='lat' dir='ltr'>certis</span> <span class='ocrx_word' id='word_1_270' title='bbox 759 4955 836 5019; x_wconf 89' lang='lat' dir='ltr'>hinc</span> <span class='ocrx_word' id='word_1_271' title='bbox 852 4954 929 5020; x_wconf 90' lang='lat' dir='ltr'>inde</span> <span class='ocrx_word' id='word_1_272' title='bbox 946 4954 1031 5020; x_wconf 91' lang='lat' dir='ltr'>datis</span> <span class='ocrx_word' id='word_1_273' title='bbox 1047 4956 1278 5023; x_wconf 87' lang='lat' dir='ltr'>securitatibus</span> <span class='ocrx_word' id='word_1_274' title='bbox 1293 4960 1460 5040; x_wconf 88' lang='lat' dir='ltr'>roborata,</span> <span class='ocrx_word' id='word_1_275' title='bbox 1477 4954 1730 5023; x_wconf 91' lang='lat' dir='ltr'>considerantes</span> <span class='ocrx_word' id='word_1_276' title='bbox 1744 4976 1858 5048; x_wconf 88' lang='lat' dir='ltr'>parurn</span> 
     </span>
    </p>
   </div>
   <div class='ocr_carea' id='block_1_8' title="bbox 530 5145 730 5208">
    <p class='ocr_par' dir='ltr' id='par_1_8' title="bbox 530 5145 730 5208">
     <span class='ocr_line' id='line_1_33' title="bbox 530 5145 730 5208; baseline 0.005 -17"><span class='ocrx_word' id='word_1_277' title='bbox 530 5160 555 5192; x_wconf 83' lang='grc'>(1.</span> <span class='ocrx_word' id='word_1_278' title='bbox 574 5145 666 5191; x_wconf 84' lang='lat' dir='ltr'>initam</span> <span class='ocrx_word' id='word_1_279' title='bbox 680 5160 730 5208; x_wconf 70' lang='lat' dir='ltr'>rep.</span> 
     </span>
    </p>
   </div>
   <div class='ocr_carea' id='block_1_9' title="bbox 0 0 2211 6017">
    <p class='ocr_par' dir='ltr' id='par_1_9' title="bbox 0 0 2211 6017">
     <span class='ocr_line' id='line_1_34' title="bbox 0 0 2211 6017; baseline 0 0"><span class='ocrx_word' id='word_1_280' title='bbox 0 0 2211 6017; x_wconf 95' lang='lat' dir='ltr'> </span> 
     </span>
    </p>
   </div>
  </div>
 </body>
</html>
