4409 6017
509 709 569 773 278
1043 705 1201 772 Troisibne
1222 706 1323 772 annea

506 867 685 923 renuerent
701 879 736 922 se
752 858 898 941 obligare
914 857 956 921 ad
973 857 1172 922 servandum
1193 856 1353 942 premissa
1376 856 1488 923 omnia
1503 864 1538 922 et
1553 858 1683 944 singula
1700 860 1764 924 sub
1780 856 1862 923 dicta

507 983 594 1048 pena
616 963 835 1029 ducentarum
861 961 990 1026 milium
1005 961 1216 1026 marcharum
1233 960 1371 1045 argenti,
1394 960 1505 1027 dictus
1529 981 1586 1027 rex
1611 962 1645 1028 in
1676 959 1861 1047 hujusmodi

507 1088 585 1133 casu
609 1066 651 1132 ad
681 1066 897 1151 prestandum
924 1065 1113 1150 hujusmodi
1141 1064 1382 1151 obligationem
1412 1066 1603 1132 nullatenus
1633 1073 1803 1147 teneatur,
1827 1084 1861 1129 ac
1903 1119 1907 1124 .

507 1191 620 1236 comes
646 1178 681 1234 et
708 1170 943 1235 universitates
969 1168 1125 1234 Flandrie
1152 1169 1343 1256 supradicti,
1369 1168 1554 1258 dummodo
1580 1170 1663 1235 alias
1690 1167 1861 1256 premissas
1899 1181 1903 1196 ·

508 1294 625 1338 omnes
640 1280 675 1337 et
691 1273 835 1358 singulas
850 1293 949 1358 super
964 1272 1062 1339 dictis
1085 1273 1317 1340 securitatibus
1340 1273 1418 1338 hinc
1434 1273 1512 1339 inde
1531 1272 1722 1360 prestandis
1738 1280 1774 1340 et
1788 1271 1860 1339 reci·
1905 1293 1907 1300 ·

506 1375 636 1462 piendis
650 1376 816 1441 voluerint
831 1386 866 1441 et
882 1379 1070 1443 curaverint
1086 1398 1164 1443 cum
1180 1376 1303 1442 effectu
1318 1376 1466 1462 recipere
1482 1385 1517 1442 et
1532 1377 1692 1442 exhibere
1710 1376 1860 1455 cautelas,

507 1487 643 1565 propter
655 1479 826 1545 defectum
836 1479 1050 1564 obligationis
1066 1479 1256 1566 hujusmodi
1272 1479 1492 1546 ducentarum
1508 1480 1639 1546 milium
1656 1480 1861 1547 marcharum

506 1581 632 1664 argenti
648 1602 708 1668 per
724 1582 814 1669 ipsos
824 1604 892 1648 non
909 1584 1046 1669 prestite
1062 1584 1114 1649 vel
1132 1604 1200 1648 non
1216 1581 1406 1668 prestande,
1423 1582 1665 1668 suprascriptas
1680 1583 1861 1649 sententias

506 1704 573 1749 non
589 1683 768 1766 incurrant,
784 1708 848 1752 nec
863 1690 906 1752 ob
923 1688 989 1753 hoc
1005 1696 1124 1753 contra
1141 1687 1231 1773 ipsos
1241 1686 1451 1770 aliquatenus
1466 1686 1678 1773 procedatur,
1686 1687 1798 1754 donec
1808 1706 1860 1773 per
1901 1693 1907 1750 t

507 1809 567 1855 nos
591 1789 681 1855 aliud
707 1790 805 1855 suerit
828 1791 1029 1871 ordinatum,
1045 1791 1126 1857 dum
1151 1799 1276 1870 tamen,
1293 1798 1330 1855 ut
1355 1790 1509 1876 proximo
1534 1791 1753 1877 premittitur,
1770 1811 1860 1878 super

508 1894 740 1960 securitatibus
765 1894 954 1979 prestandis
987 1904 1022 1959 et
1051 1894 1252 1980 recipiendis
1283 1893 1442 1979 predictis
1471 1895 1537 1961 alia
1567 1894 1732 1981 premissa
1756 1895 1861 1962 omnia

508 2007 542 2063 et
567 1998 696 2082 singula
720 1998 908 2064 curaverint
935 1997 1117 2064 efficaciter
1142 1998 1336 2083 adimplere.
1364 1998 1442 2064 Dat.
1465 1998 1566 2065 Avin.
1599 2018 1635 2083 13
1662 1998 1733 2067 kal.
1759 1998 1863 2086 aprilis

509 2123 599 2168 anno
617 2113 659 2186 3⁰.
677 2124 694 2164 1)

541 2247 658 2309 Original
675 2262 727 2294 aux
748 2248 870 2297 Arclrivcs
890 2246 1040 2296 Notionalos
1058 2248 1073 2294 ir
1094 2248 1172 2306 Paria,
1186 2261 1210 2311 p.
1224 2246 1300 2304 56211,
1313 2260 1338 2295 rr.
1351 2248 1366 2294 2
1385 2246 1428 2309 ().
1441 2273 1473 2281 -
1486 2246 1564 2310 Copie
1581 2236 1651 2295 'dans
1663 2259 1699 2294 un
1712 2246 1826 2294 vidimus
1834 2243 1863 2291 du

507 2330 624 2393 elrapitro
635 2328 668 2376 do
680 2328 789 2376 Tonrnai
801 2329 837 2376 ‹lu
849 2332 880 2376 911
891 2329 950 2390 juin
964 2331 1032 2388 1319,
1044 2343 1097 2377 aux
1110 2328 1236 2377 Archives
1246 2329 1281 2377 du
1294 2342 1418 2389 royaumc
1435 2334 1450 2376 a
1473 2327 1613 2386 Bruxelles,
1625 2327 1731 2377 chattos
1741 2328 1788 2377 des
1798 2329 1862 2377 111111-

507 2418 546 2460 toi
567 2413 599 2460 de
623 2413 727 2472 Nunnn,
741 2428 766 2462 n.
780 2416 834 2462 432.
848 2441 879 2449 -
902 2414 980 2477 Copia
1002 2415 1018 2460 11
1037 2414 1063 2461 la
1089 2410 1271 2473 Bibliothbque
1293 2412 1434 2463 Nat-tonale
1455 2415 1472 2462 11
1496 2414 1575 2474 Paris,
1588 2413 1734 2465 Collectiou
1758 2415 1863 2471 1110111111,

508 2499 526 2543 t.
540 2496 624 2552 1291.
640 2497 796 2544 171191.-
816 2496 873 2553 ltrg.
887 2495 946 2545 l'at.
961 2497 1012 2554 119,
1026 2509 1085 2559 pars
1098 2495 1117 2554 l,
1131 2495 1149 2544 f.
1164 2496 1204 2554 59,
1219 2508 1243 2543 n.
1261 2496 1314 2543 193.
1327 2522 1359 2530 -
1371 2494 1476 2555 Conlon,
1490 2509 1516 2547 n.
1531 2496 1578 2544 800
1590 2495 1699 2558 (texte).

552 2703 668 2786 689.
1508 2720 1620 2807 [1319,
1636 2743 1679 2788 20
1704 2723 1828 2810 mars}

555 2820 673 2886 Fidem
701 2820 886 2886 Gaucelmo
911 2819 1069 2887 cardinali
1094 2820 1271 2887 mandatur
1297 2830 1464 2906 quatenus
1496 2835 1614 2890 contra
1648 2824 1866 2894 Flandrenses

512 2946 630 3010 pacem
646 2945 713 2989 non
730 2927 947 2990 observantes
961 2925 1321 2991 excommunicationis
1337 2934 1372 2992 et
1387 2926 1554 2994 interdicti
1566 2930 1755 2997 sententias
1764 2932 1866 3018 publi·

509 3029 574 3093 cari
592 3028 702 3107 saciat,
719 3037 752 3093 et
769 3049 827 3114 per
843 3028 924 3093 alias
939 3049 1042 3113 penas
1058 3028 1300 3095 ecclesiasticas
1316 3037 1434 3096 contra
1449 3051 1508 3097 eos
1521 3032 1696 3118 procedat.

554 3247 571 3287 «.
597 3223 732 3289 Dilecto
749 3223 817 3288 tilio
838 3222 1025 3287 Gaucelmo
1049 3231 1106 3287 etc.
1131 3219 1251 3287 Movet
1267 3244 1329 3287 nos
1345 3222 1489 3308 suscepti
1506 3244 1584 3288 cura
1600 3224 1782 3307 regiminis,
1802 3230 1868 3314 ejus

508 3349 569 3393 nos
599 3328 760 3393 instanter
791 3333 887 3411 urget
916 3327 1050 3391 aculeus
1076 3334 1113 3389 ut
1151 3326 1243 3391 illam
1272 3327 1430 3412 precipue
1461 3327 1661 3393 temeritatis
1694 3330 1867 3397 audaciam

510 3453 610 3516 quam
627 3431 660 3495 in
678 3431 740 3496 Dei
756 3450 893 3516 gravem
909 3429 1082 3509 offensam,
1099 3437 1333 3515 contemptum
1349 3430 1571 3516 periculosum
1599 3431 1748 3498 clavium
1764 3454 1806 3500 ac
1824 3435 1868 3499 in·

505 3536 625 3619 juriam
642 3534 890 3620 dispendiosam
907 3534 1047 3619 proximi
1064 3532 1308 3618 discrimenque
1319 3553 1387 3598 non
1400 3534 1474 3598 leve
1484 3533 1587 3599 Terre
1598 3534 1722 3601 Sancte
1735 3537 1867 3604 subsidii

511 3661 645 3724 vergere
661 3639 672 3674 ⁶
688 3639 863 3719 cernimus,
887 3637 1025 3702 solicitis
1048 3657 1201 3702 curemus
1224 3637 1404 3722 reprimere
1431 3638 1548 3703 studiis
1564 3637 1661 3723 eique
1677 3640 1870 3707 studeamus

509 3751 665 3829 prompte
681 3742 873 3808 ellicacibus
888 3741 1042 3805 remediis
1058 3740 1234 3806 contraire.
1251 3742 1385 3824 Quante
1401 3751 1514 3806 autem
1530 3742 1667 3808 audacie
1677 3754 1870 3831 quanteque

508 3849 708 3914 temeritatis
724 3847 794 3925 luit,
811 3847 897 3912 sicut
920 3847 1021 3911 habet
1048 3846 1290 3931 fidedignorum
1315 3846 1462 3928 assertio,
1490 3846 1610 3914 nobilis
1636 3846 1696 3911 viri
1723 3848 1870 3930 Roberti,

509 3954 641 4020 comitis
658 3950 823 4030 Flandrie,
840 3960 874 4015 et
892 3950 1033 4015 liliorum
1051 3950 1152 4035 ipsius
1167 3959 1421 4036 ceterorumque
1444 3950 1607 4016 nobilium
1623 3960 1658 4014 et
1682 3954 1870 4020 comunita-

509 4068 581 4123 turn
613 4066 784 4135 terrarum,
811 4055 974 4147 villarum,
1000 4063 1185 4119 castrorum
1212 4063 1246 4119 et
1271 4054 1410 4119 aliorum
1435 4055 1585 4120 locorum
1614 4053 1870 4124 Flandrensium

508 4162 670 4226 effrenata
684 4158 902 4245 presumpti0,
919 4178 1019 4241 quam
1043 4167 1207 4242 patenter,
1224 4179 1324 4243 quam
1347 4158 1521 4223 evidenter
1535 4177 1577 4222 ex
1607 4158 1686 4243 ipsis
1710 4162 1871 4245 premissa

507 4274 621 4332 secuta
637 4265 800 4329 hactenus
825 4260 1096 4326 inconvenientia
1112 4270 1146 4327 et
1172 4261 1350 4327 incomoda
1374 4262 1505 4342 fuerint,
1531 4270 1714 4346 sequantur
1736 4284 1869 4350 presen-

507 4369 630 4434 tialiter
656 4376 699 4444 et,
728 4366 788 4430 nisi
817 4374 1008 4430 occurratur
1034 4365 1196 4447 celeriter,
1218 4365 1438 4451 imposterum
1465 4365 1618 4450 subsequi
1645 4366 1869 4436 verisimiliter

507 4472 736 4550 formidentur,
753 4491 867 4534 aurern
883 4468 991 4534 cordis
1007 4469 1134 4554 aperire
1157 4469 1347 4534 volentibus
1363 4469 1535 4535 succincto
1557 4490 1714 4536 sermone
1729 4494 1869 4559 sequen·

507 4578 553 4641 tia
569 4576 649 4640 satis
672 4575 759 4640 clare
782 4579 999 4658 pertractant.
1028 4572 1163 4636 Dudum
1189 4572 1352 4657 siquidem
1378 4580 1455 4658 post
1481 4571 1643 4658 grandem
1667 4594 1869 4662 gravemque

506 4679 704 4746 discordiam
721 4697 822 4760 quam
839 4675 944 4741 bostis
959 4676 1095 4740 lnrmani
1112 4676 1251 4757 generis,
1267 4684 1464 4741 cunctorum
1481 4678 1644 4741 malorum
1668 4677 1824 4747 incentor
1836 4690 1868 4745 et

538 4847 562 4879 (1.
580 4845 649 4878 Ι(1111111
662 4831 738 4877 lertio
752 4845 859 4891 rrlrlrrqm’
870 4830 902 4876 rin
908 4846 934 4876 111
948 4846 997 4891 rr'p.
1021 4830 1074 4877 Vrii.
1087 4858 1119 4864 -
1132 4829 1152 4878 11.
1167 4845 1283 4891 1111111111·
1297 4846 1346 4892 rep.

573 4978 851 4986 ---.------
868 4979 994 4985 --.-.-
1013 4978 1207 4985 .-—.———-

542 5074 560 5119 1.
582 5072 628 5119 Les
648 5068 742 5118 mimos
766 5071 888 5118 Arclrlvcs
912 5070 1247 5119 ,1111111111-111111111111111
1266 5069 1379 5118 divorsos
1398 5070 1534 5133 copiesde
1554 5067 1593 5121 eet
1614 5075 1742 5128 1111101.
1764 5075 1862 5125 (bulon.

508 5168 532 5201 11.
546 5157 600 5202 billi.
