4409 6017
504 675 565 740 368
1032 678 1201 760 uinquitme
1222 681 1324 747 anuto.

504 823 542 890 M
546 825 706 891 orinensis
721 826 874 910 diocesis,
884 849 923 896 ac
933 831 1092 915 magistro
1105 830 1125 909 J
1128 832 1253 898 ohanni
1266 832 1308 898 de
1319 831 1443 914 Rocca,
1459 831 1627 899 canonico
1640 829 1851 917 Neapolitane
1894 843 1902 921 j

504 927 654 995 ecclesie.
1896 953 1902 960 ·

537 1067 597 1128 ch.
612 1068 659 1115 Ax.
673 1068 711 1125 15,
725 1066 744 1115 f.
756 1067 804 1115 362
816 1083 822 1126 ;
833 1067 892 1117 Vat.
902 1070 940 1127 72,
951 1068 969 1117 l.
983 1071 1050 1126 187&
1065 1083 1090 1117 n.
1110 1072 1179 1119 1288.

547 1233 658 1317 941.
1572 1274 1672 1337 1321,
1689 1254 1738 1320 26
1752 1256 1824 1321 moi.

548 1351 581 1416 N
585 1352 693 1418 icolao
719 1352 811 1419 dicto
835 1354 876 1420 de
904 1354 1097 1422 Marclrenis
1122 1356 1291 1423 confertur
1314 1358 1531 1425 canonicatus
1545 1358 1694 1425 ecclesie
1710 1359 1745 1425 S.
1760 1357 1856 1424 Amati

505 1455 700 1536 Duacensis,
716 1458 947 1524 Atrebatensis
962 1459 1115 1541 diocesis,
1132 1464 1192 1526 sub
1208 1463 1446 1548 expectatione
1462 1460 1634 1548 prebende
1647 1471 1683 1529 et
1700 1462 1858 1549 dignitatis

503 1561 558 1626 vel
572 1569 769 1646 personatus
784 1582 842 1626 seu
859 1561 970 1643 officii,
987 1583 1055 1628 non
1072 1565 1229 1630 obstante
1246 1565 1336 1649 quod
1358 1566 1391 1630 in
1407 1564 1737 1648 Teneremondensi,
1754 1564 1859 1631 Came·

503 1663 648 1729 racensis
672 1663 823 1745 diocesis,
848 1666 1084 1732 canonicatum
1101 1676 1136 1733 et
1151 1669 1355 1753 prebendam
1380 1676 1415 1734 et
1439 1668 1473 1733 in
1500 1667 1532 1732 S.
1557 1665 1649 1731 Petri
1674 1663 1858 1740 Duacensis

504 1767 748 1847 canonicatum,
765 1769 970 1834 scolastriam
985 1790 1118 1836 necnon
1135 1780 1170 1836 et
1185 1772 1402 1857 prebendam,
1418 1772 1460 1838 de
1476 1790 1541 1857 qua
1558 1769 1591 1833 in
1607 1769 1701 1835 curia
1716 1768 1858 1834 Romana

504 1870 623 1954 litigat,
640 1877 674 1935 et
691 1870 724 1934 in
741 1873 776 1936 S.
792 1870 810 1948 J
815 1872 957 1938 ohannis
973 1872 1162 1940 Gaudensis
1172 1876 1322 1941 ecclesiis
1335 1874 1522 1941 custodiam
1534 1893 1593 1939 seu
1608 1870 1860 1938 matriculariam

502 1973 644 2038 obtinet.

548 2076 731 2142 Laudabile
742 2076 1016 2143 testimonium...

549 2179 627 2244 Dat.
639 2178 738 2245 Avin.
757 2178 853 2263 7kal.
866 2180 949 2265 junii
966 2202 1056 2247 anno
1074 2203 1102 2266 5.

549 2280 588 2346 In
605 2302 634 2346 e.
650 2302 695 2347 m.
712 2282 742 2347 S.
760 2281 849 2347 Petri
866 2292 900 2348 et
916 2284 947 2349 S.
965 2283 1112 2350 Bavonis
1128 2283 1357 2350 Gaudensium
1374 2282 1655 2349 monasteriorum
1680 2282 1861 2360 abbatrlrus,

507 2383 730 2451 Tomacensis
745 2385 897 2467 diocesis,
913 2408 952 2453 ac
973 2389 1132 2475 magistro
1154 2386 1303 2465 Johanni
1324 2387 1367 2453 de
1389 2387 1512 2468 Rocca,
1537 2387 1705 2453 canonico
1731 2384 1864 2453 ecclesie

505 2486 740 2574 Neapolitane.

543 2625 604 2687 neg.
617 2628 664 2675 nv.
678 2629 714 2687 15,
728 2628 746 2676 1.
759 2629 817 2675 serv
829 2644 835 2685 ;
847 2627 906 2677 rar.
920 2631 959 2688 11,
973 2629 990 2678 r.
1008 2631 1061 2688 188,
1077 2645 1101 2678 u.
1116 2630 1185 2678 1289.
1261 2653 1267 2666 ι

551 2793 667 2877 942.
1571 2830 1669 2893 1321,
1686 2808 1730 2873 26
1747 2807 1826 2872 mai.

548 2912 648 2979 Petro
664 2914 707 2980 de
722 2913 843 2982 Gisnes
858 2917 1026 2984 confertur
1041 2918 1259 2984 canonicatus
1281 2915 1423 2984 ecclesie
1444 2916 1477 2982 S.
1488 2914 1508 2993 J
1512 2913 1654 2981 ohannis
1664 2905 1864 2978 Leodiensis

506 3018 567 3081 sub
583 3018 820 3104 expectatione
834 3022 1014 3106 prebende,
1031 3042 1099 3087 non
1128 3024 1284 3087 obstante
1310 3020 1399 3105 quod
1423 3027 1622 3106 perpetuam
1646 3016 1812 3083 vicariam
1834 3014 1864 3078 in

504 3122 645 3189 ecclesia
661 3122 693 3187 S.
710 3122 799 3187 Petri
817 3123 1030 3208 Casletensis,
1044 3124 1248 3192 Morinensis
1263 3125 1415 3205 diocesis,
1432 3124 1573 3189 obtinet.

549 3225 680 3291 Meritis
695 3234 793 3291 tue...

548 3329 626 3395 Dat.
642 3329 743 3395 Avin.
762 3329 859 3413 7kal.
872 3329 955 3415 junii
972 3350 1062 3395 anno
1080 3349 1109 3413 5.

549 3430 588 3496 In
605 3452 634 3497 e.
650 3453 695 3497 m.
719 3433 750 3497 S.
776 3432 869 3498 Pauli
894 3441 929 3497 et
953 3432 984 3497 S.
1011 3431 1150 3497 Martini
1177 3430 1413 3497 Leodiensium
1438 3428 1575 3496 decanis
1599 3448 1639 3494 ac
1654 3427 1807 3505 Johanni
1827 3428 1866 3494 de

505 3534 629 3616 Rocca,
646 3536 808 3602 canonico
824 3535 858 3601 N
861 3536 1051 3622 eapolitane
1067 3522 1293 3601 ecclesiarum.

539 3665 598 3725 neg.
613 3668 661 3712 nv.
677 3668 714 3723 ra,
729 3666 746 3714 f.
756 3667 803 3713 aua
816 3681 821 3722 ;
835 3665 893 3713 val.
909 3667 949 3724 rr,
964 3667 981 3714 f.
997 3667 1060 3723 rust,
1074 3679 1099 3713 n.
1115 3666 1184 3713 rano.

548 3830 665 3913 943.
1571 3862 1588 3905 1
1613 3861 1657 3905 21
1684 3840 1728 3904 26
1744 3839 1822 3903 anai.

550 3947 650 4013 Petro
674 3949 765 4014 dicto
782 3947 902 4034 Maiori
920 3949 1089 4014 confertur
1114 3948 1330 4013 canonicatus
1346 3948 1486 4015 ecclesie
1502 3947 1534 4013 S.
1551 3861 1640 4011 Pejtri
1652 3890 1864 4022 dasletensis

507 4051 709 4120 Morinensis
724 4054 875 4132 diocesis
892 4057 951 4119 sub
968 4058 1204 4141 expectatione
1220 4055 1400 4139 prebende.

549 4159 768 4244 Suffragantia
782 4158 883 4222 tibi...

550 4266 629 4331 Dat.
645 4263 744 4329 Avin.
762 4282 779 4347 7
797 4262 862 4327 kal.
876 4262 958 4347 junii
975 4282 1064 4326 anno
1082 4282 1110 4345 5.

551 4371 591 4436 ln
607 4391 636 4435 e.
652 4390 697 4435 m.
713 4368 744 4433 S.
763 4365 871 4432 Marie
887 4365 1065 4450 Brugensis
1090 4375 1124 4429 et
1148 4365 1178 4429 S.
1196 4364 1375 4430 Salvatoris
1392 4361 1660 4443 Harlebecensis,
1676 4361 1863 4430 Tomacen·

506 4477 549 4542 sis
565 4474 716 4554 diocesis,
728 4471 917 4558 prepositis,
935 4492 975 4537 ac
995 4470 1156 4554 magistro
1178 4470 1196 4548 J
1201 4470 1324 4536 charmi
1346 4469 1387 4535 de
1408 4468 1532 4549 Rocca,
1550 4469 1715 4534 canonico
1732 4468 1862 4558 Neapo

507 4584 611 4650 litane
624 4577 848 4645 ecclesiarum.

541 4714 601 4773 neg.
616 4712 663 4758 nv.
678 4712 716 4767 rr,
730 4708 748 4755 r.
761 4707 806 4753 sol
819 4721 825 4756 ι
840 4705 897 4753 rat.
911 4706 949 4764 11,
964 4706 981 4753 r.
1000 4706 1053 4761 rso,
1068 4718 1092 4751 n.
1107 4704 1177 4749 run.

552 4872 670 4957 944.
1570 4898 1669 4960 1321,
1685 4878 1729 4943 26
1746 4876 1821 4943 tnui.

553 4989 580 5056 1³
582 4987 716 5055 ranconi
734 4986 776 5050 ‹le
794 4983 912 5047 Ruella
922 4982 1091 5047 confertur
1107 4981 1324 5046 canonicatus
1339 4981 1479 5048 ecclesie
1494 4981 1526 5046 S.
1543 4981 1685 5047 Dionisii
1702 4980 1859 5049 Leodien·

508 5095 552 5163 sis
578 5096 638 5160 sub
666 5088 900 5176 expectatione
925 5086 1110 5172 prebende·
1132 5106 1198 5149 non
1224 5088 1380 5151 obstante
1412 5086 1502 5171 quod
1531 5086 1565 5150 in
1593 5086 1793 5172 parrochiali
1821 5084 1858 5152 de
