4409 6017
905 689 1062 757 beuxieme
1083 689 1185 755 annae.
1672 695 1727 760 167

356 838 530 905 retardari.
547 838 715 904 Vassallos
730 839 863 925 insuper
878 847 913 905 et
929 838 1079 905 subditos
1094 838 1190 923 regis,
1206 838 1340 917 comitis
1356 847 1390 905 et
1406 840 1546 905 aliorum
1561 841 1728 927 predicto-

356 962 429 1007 rum
457 965 478 1008 a
498 943 698 1028 juramentis
722 943 895 1010 fidelitatis
922 964 989 1028 quo
1013 942 1060 1007 eis
1085 943 1139 1007 vel
1162 962 1278 1007 eorum
1302 944 1397 1008 alteri
1414 951 1573 1009 tenentur
1589 945 1727 1026 astricti,

356 1055 523 1130 quantum
538 1046 582 1112 ad
597 1047 784 1131 hujusmodi
801 1068 917 1132 guerre
933 1068 992 1113 seu
1007 1045 1222 1112 dissentionis
1237 1046 1424 1128 articulum,
1437 1059 1539 1114 cuma
1555 1049 1589 1112 in
1606 1048 1728 1113 illicitis

355 1151 402 1215 eis
417 1151 558 1216 obedire
574 1172 643 1215 non
658 1151 815 1231 debeant,
831 1171 891 1237 per
906 1151 995 1216 idem
1017 1159 1152 1235 tempus
1175 1170 1308 1234 prorsus
1330 1151 1544 1217 absolvimus.
1563 1151 1608 1216 Et
1622 1152 1727 1217 nichi-

354 1253 501 1320 lominus
517 1254 753 1340 promissiones
768 1264 803 1320 et
818 1255 1049 1340 obligationes,
1062 1274 1127 1338 que
1140 1254 1350 1338 interregem
1365 1263 1400 1320 et
1417 1256 1576 1320 comitem
1594 1265 1628 1320 et
1645 1257 1727 1322 alios

356 1365 564 1424 memoratos
579 1367 615 1423 et
631 1366 763 1425 ceteros
779 1359 945 1443 quoslibet
968 1379 1066 1443 super
1089 1358 1167 1423 belli
1190 1378 1249 1422 seu
1271 1358 1448 1424 conflictus
1464 1359 1619 1443 utrinque
1636 1381 1726 1425 com-

357 1462 513 1529 mittendi
530 1484 698 1549 processu,
712 1484 843 1529 necnon
861 1462 1161 1542 confederationes
1172 1462 1403 1547 colligationes
1419 1471 1454 1527 et
1470 1463 1645 1548 pactiones
1661 1485 1726 1548 que

356 1568 438 1632 inter
455 1568 567 1653 ipsum
582 1588 695 1652 regem
711 1576 747 1632 et
762 1567 898 1652 quosvis
913 1566 997 1631 alios
1013 1587 1054 1630 ex
1064 1586 1133 1630 una
1146 1574 1251 1651 parte,
1264 1586 1304 1631 ac
1315 1565 1501 1651 predictum
1514 1568 1674 1632 comitem
1691 1576 1726 1633 et

358 1671 580 1737 Flandrenses
595 1679 631 1737 et
646 1672 728 1737 alios
744 1691 972 1756 quoscumque
988 1691 1029 1734 ex
1046 1671 1151 1735 altera
1167 1669 1406 1734 intervenerint
1421 1690 1481 1755 pro
1497 1670 1568 1754 ipsa
1584 1670 1726 1736 favenda

357 1775 532 1854 discordia,
549 1782 668 1860 utpote
684 1781 801 1840 contra
816 1777 944 1839 bonum
966 1774 1058 1859 pacis
1080 1781 1291 1859 presumptas
1313 1772 1427 1839 illicite
1450 1781 1484 1838 et
1507 1780 1726 1859 attemptatas

358 1879 386 1943 in
395 1879 513 1944 divine
528 1878 714 1963 majestatis
730 1877 903 1958 offensam,
914 1884 949 1942 et
965 1896 1192 1961 quascumque
1202 1896 1305 1961 penas
1321 1875 1470 1961 adjectas
1485 1897 1524 1942 ac
1536 1876 1725 1960 juramenta

357 1982 495 2067 prestita
512 2002 611 2067 super
626 1982 689 2047 hiis
704 1984 764 2047 sub
781 1981 1031 2066 quibuscunque
1057 1980 1174 2060 forma,
1184 1979 1288 2044 modo
1309 1981 1362 2043 vel
1378 1979 1591 2064 expressione
1607 1983 1725 2045 verbo·

357 2105 437 2166 rum,
454 2085 632 2171 presertim
648 2105 726 2151 cum
737 2086 965 2170 juramentum
980 2084 1153 2149 vinculum
1169 2083 1352 2168 iniquitatis
1362 2103 1434 2148 esse
1445 2103 1513 2147 non
1526 2082 1658 2163 debeat,
1669 2104 1725 2147 ex-

357 2209 444 2255 nunc
459 2190 554 2254 nulla
569 2188 639 2254 fore
654 2188 863 2254 decemimus
884 2196 918 2253 et
942 2195 1107 2272 quatenus
1129 2187 1171 2253 de
1195 2186 1284 2252 facto
1306 2187 1527 2273 processerint
1550 2187 1724 2251 irritamus.

357 2291 518 2357 Ceterum
534 2314 611 2357 cum
627 2291 851 2378 pertinacibus
866 2291 913 2357 sic
928 2291 1050 2356 debeat
1063 2293 1181 2356 obesse
1193 2298 1387 2375 conceptus,
1400 2289 1491 2374 quod
1502 2289 1536 2354 in
1549 2289 1725 2354 humilium

356 2396 578 2481 prejudicium
593 2416 661 2461 non
676 2396 851 2476 redundet,
867 2396 1021 2460 volumus
1043 2401 1081 2459 ut
1097 2394 1190 2458 illum
1206 2415 1247 2458 ex
1263 2394 1421 2479 predictis
1437 2394 1491 2478 qui
1507 2402 1639 2478 treugas
1660 2391 1724 2457 for·

356 2501 443 2567 sitan
469 2499 712 2586 contempserit
736 2502 913 2564 observare
939 2497 1118 2584 predictas
1148 2497 1195 2563 sic
1224 2496 1371 2582 prefatus
1400 2517 1574 2582 processus
1611 2504 1724 2561 noster

358 2604 488 2670 afficiat
504 2602 595 2688 quod
611 2605 764 2684 alterum,
781 2611 945 2687 quantum
960 2601 994 2666 in
1009 2622 1051 2666 eo
1067 2600 1165 2666 fuerit
1182 2607 1314 2685 treugas
1329 2600 1418 2686 ipsas
1434 2603 1609 2666 observare
1630 2620 1722 2686 para·

357 2717 441 2789 tum,
458 2708 492 2771 in
508 2705 621 2791 aliquo
636 2727 706 2772 non
722 2707 907 2791 contingat,
923 2704 969 2771 sic
985 2705 1075 2790 quod
1090 2726 1153 2771 nec
1177 2704 1257 2790 ipse,
1273 2725 1336 2770 nec
1359 2704 1407 2768 sui
1431 2704 1599 2783 valitores,
1616 2702 1723 2768 consi-

355 2811 439 2878 liarii
467 2819 502 2876 et
540 2811 687 2876 fautores
710 2818 769 2875 aut
793 2831 908 2875 eorum
932 2819 1019 2875 terre
1042 2810 1186 2894 ligentur
1210 2808 1386 2873 sententiis
1412 2807 1599 2888 antedictis,
1625 2817 1659 2873 et
1682 2827 1724 2872 eo

356 2917 462 2982 etiam
486 2936 565 2981 casu
592 2915 677 2980 illius
703 2915 833 2980 vassalli
859 2934 926 2979 non
952 2913 1180 2998 intelligantur
1204 2934 1223 2977 a
1246 2913 1439 2997 juramento
1464 2910 1635 2977 fidelitatis
1657 2931 1724 2994 quo

356 3027 518 3084 tenentur
542 3019 652 3084 eidem
674 3019 884 3104 aliquatenus
906 3016 1060 3083 absoluti.
1078 3015 1172 3082 Nulli
1196 3036 1275 3101 ergo
1298 3024 1362 3082 etc.
1388 3015 1466 3080 Dat.
1484 3036 1504 3099 4
1521 3014 1564 3080 id.
1583 3034 1723 3078 novem-

355 3124 473 3189 bris»

390 3261 453 3322 Reg.
463 3261 522 3308 l'at.
537 3262 590 3317 110,
604 3260 695 3323 parsi,
708 3260 726 3306 f.
739 3261 789 3317 36¹,
802 3274 827 3306 n.
841 3261 895 3306 110.
909 3286 940 3293 -
952 3258 1059 3317 Coulon‚
1072 3272 1097 3305 n.
1111 3259 1158 3305 437
1170 3257 1276 3318 (texte).

404 3458 522 3542 453.
1289 3468 1401 3554 [ψῃ
1421 3489 1461 3531 ro
1479 3465 1681 3550 novembre}

405 3575 543 3641 Nuntiis
558 3572 750 3661 apostolicis
765 3573 943 3639 mandatur
959 3582 1124 3658 quatenus
1146 3571 1253 3639 dictas
1268 3580 1401 3656 treugas
1418 3572 1503 3656 (voy.
1522 3593 1552 3633 n.
1570 3592 1587 3652 ,r
1591 3570 1649 3649 52)
1666 3589 1726 3633 no·

358 3680 504 3746 tificent.

406 3891 422 3930 a
442 3866 630 3932 Venerabili
647 3866 736 3931 fratri
755 3864 1245 3951 R[aynaldo],archiepiscopo
1256 3861 1464 3940 Bituricensi,
1476 3861 1644 3926 etdilecto
1658 3861 1726 3926 filio

358 3973 450 4037 fratri
478 3970 680 4054 Berengario
706 3970 748 4035 de
775 3968 954 4047 Landorra,
978 3968 1021 4033 de
1046 3968 1162 4033 ordine
1188 3967 1324 4031 fratrum
1338 3966 1600 4045 Predicatorum,
1616 3966 1727 4029 electo

359 4075 649 4161 Compostellano‚
666 4074 786 4139 nostris
810 4081 844 4137 et
867 4072 1050 4157 apostolice
1073 4070 1167 4135 Sedis
1191 4069 1324 4133 nuntiis.
1338 4068 1598 4133 Considerantes
1613 4076 1669 4130 etc.
1693 4075 1728 4131 ut
1760 4108 1762 4114 ·

357 4186 473 4266 supra,
485 4180 621 4242 mutatis
638 4179 817 4258 ululanda,
835 4197 938 4259 usque
953 4175 1105 4239 absoluti.
1123 4174 1287 4257 Quocirca
1302 4171 1493 4237 discretioni
1508 4180 1616 4235 vestre
1636 4191 1727 4249 com·

358 4283 525 4347 mittimus
541 4292 575 4346 et
591 4281 788 4346 mandamus
803 4281 959 4364 quatinus
975 4298 1035 4342 vos
1051 4279 1105 4341 vel
1123 4280 1206 4342 alter
1221 4285 1379 4355 vestrum,
1396 4296 1456 4361 per
1471 4295 1531 4339 vos
1546 4274 1600 4337 vel
1625 4273 1725 4337 alium

358 4407 416 4451 seu
428 4386 523 4464 alios,
536 4385 578 4450 ad
593 4384 687 4469 regis,
699 4384 831 4449 comitis
846 4391 880 4447 et
896 4383 1038 4447 aliorum
1052 4380 1280 4466 predictorum
1296 4379 1500 4464 presentiam
1516 4376 1725 4453 accedentes,

359 4490 406 4554 eis
415 4497 559 4573 treugas,
576 4487 759 4552 sententias
776 4496 809 4551 et
826 4487 890 4551 alia
908 4486 1021 4549 omnia
1030 4494 1064 4548 et
1081 4484 1209 4568 singula
1226 4482 1415 4568 supradicta
1431 4479 1613 4558 notificare,
1629 4479 1682 4542 vel
1699 4477 1724 4541 si

360 4592 529 4678 presentie
545 4592 691 4677 ipsorum
707 4593 838 4677 copiam
862 4592 983 4654 habere
1007 4588 1144 4653 forsitan
1169 4607 1236 4651 non
1260 4586 1411 4671 possetis,
1434 4586 1467 4648 in
1484 4584 1578 4648 terris
1594 4591 1628 4647 et
1644 4581 1726 4647 locis

362 4718 478 4762 eorum
509 4716 568 4761 seu
593 4696 835 4761 circumvicinis
860 4694 996 4772 eisdem,
1021 4693 1063 4757 de
1091 4692 1209 4776 quibus
1233 4690 1276 4755 ad
1298 4710 1412 4754 eorum
1437 4689 1547 4754 valeat
1570 4686 1725 4751 notitiam

364 4800 549 4887 pervenire,
565 4809 599 4865 et
615 4800 686 4864 aliis
702 4801 803 4864 etiam
830 4800 872 4864 de
899 4798 1016 4881 quibus
1041 4796 1137 4860 vobis
1162 4795 1337 4873 videbitur,
1359 4791 1520 4858 studeatis
1542 4790 1726 4855 solenniter

366 4904 544 4990 publicare,
561 4925 693 4970 necnon
710 4925 767 4968 eos
783 4924 822 4968 ac
838 4912 942 4967 terras
958 4921 1073 4965 eorum
1089 4901 1144 4984 qui
1162 4909 1293 4982 treugas
1316 4902 1491 4962 observare
1515 4905 1726 4979 contempse-

402 5128 425 5160 α.
443 5127 502 5160 cunr
517 5128 565 5175 req.
