4409 6017
514 690 575 756 386
1067 688 1194 757 Sixitme
1214 692 1317 756 anuto.

560 838 710 923 1000.
1493 871 1589 934 1321,
1601 872 1627 935 5
1643 850 1831 937 septembre.

557 959 740 1026 Godefiido
754 958 796 1023 de
813 956 920 1022 Lobio
932 956 1102 1022 confertur
1117 955 1335 1022 canonicatus
1350 956 1492 1022 ecclesie
1508 955 1539 1022 S.
1556 956 1662 1022 Cassii
1678 954 1861 1036 Bunnensis

513 1064 724 1130 Coloniensis
746 1062 898 1142 diocesis,
914 1063 975 1127 sub
1002 1060 1239 1146 expectatione
1255 1060 1426 1147 prebende
1441 1080 1482 1126 ac
1497 1060 1672 1145 dignitatis
1689 1082 1751 1127 seu
1766 1081 1861 1148 perso

512 1176 610 1234 natus
625 1169 678 1233 vel
694 1166 806 1248 officii,
818 1187 886 1232 non
903 1169 1060 1232 obstante
1084 1165 1176 1250 quod
1191 1166 1225 1229 in
1242 1164 1273 1231 S.
1290 1164 1385 1231 Pauli
1401 1164 1598 1231 Leodiensis
1613 1167 1860 1234 scolastriamet

511 1273 545 1337 in
562 1272 681 1338 eadem
696 1292 736 1338 ac
752 1271 783 1337 S.
800 1268 909 1336 Marie
933 1270 976 1336 ad
1000 1268 1130 1341 Gradus
1155 1269 1367 1336 Coloniensis
1382 1278 1416 1336 et
1433 1269 1466 1334 in
1482 1270 1513 1335 S.
1527 1267 1637 1335 Marie
1653 1270 1689 1335 in
1708 1269 1860 1358 Capitolio

510 1375 720 1442 Coloniensis
745 1375 895 1442 ecclesiis
920 1376 1138 1440 canonicatus
1153 1382 1189 1439 et
1204 1374 1390 1461 prebendas
1414 1373 1546 1439 obtinet
1562 1381 1596 1440 et
1612 1394 1717 1460 super
1736 1374 1860 1442 ecclesia

510 1481 542 1547 S.
559 1479 697 1547 Martini
723 1477 934 1545 Coloniensis
949 1479 1068 1564 litigat,
1084 1499 1186 1563 quam
1201 1477 1408 1545 scolastriam
1423 1486 1459 1543 et
1475 1479 1654 1544 ecclesiam
1682 1478 1714 1543 S.
1738 1476 1860 1545 Martini

509 1584 678 1649 tenebitur
692 1583 872 1650 dimittere.

554 1685 686 1754 Meritis
701 1696 800 1753 tue...

553 1793 631 1858 Dat.
647 1791 747 1859 Avin.
763 1812 843 1858 non.
859 1791 1057 1878 septembris
1072 1812 1163 1858 anno
1180 1796 1209 1858 6.

553 1896 593 1962 In
610 1917 639 1963 e.
654 1918 699 1963 m.
709 1897 822 1962 abbati
835 1895 1027 1961 monasterii
1044 1895 1075 1962 S.
1085 1895 1203 1974 Jacobi
1218 1896 1458 1963 Leodiensiset
1473 1897 1683 1962 thesaurario
1695 1898 1859 1964 Colonien-

508 2002 600 2068 sisae
610 2000 772 2085 magistro
782 1998 907 2066 Busolo
918 1999 960 2065 de
971 1998 1101 2081 Parma,
1112 2001 1277 2066 canonico
1287 1999 1510 2067 Tomacensis
1522 2001 1754 2085 ecclesiarum,
1764 2002 1859 2089 capel·

507 2108 587 2171 lano
599 2125 696 2191 pape.

540 2276 601 2337 neg.
613 2277 663 2327 nv.
678 2277 715 2335 re,
728 2276 747 2326 r.
762 2277 806 2324 aav
827 2276 905 2335 war.
919 2278 957 2336 ra,
970 2277 989 2326 r.
1001 2278 1052 2337 arv,
1064 2292 1089 2327 n.
1106 2279 1145 2326 aa.
1168 2244 1174 2254 ’

552 2471 695 2555 1001.
1467 2510 1562 2572 1321,
1577 2511 1622 2555 22
1636 2493 1825 2579 septembre.

550 2590 723 2676 Stephano
737 2590 779 2656 de
795 2587 907 2669 Ruffo,
923 2609 1083 2673 germano
1099 2587 1303 2674 Raymundi,
1320 2590 1351 2656 S.
1363 2589 1472 2657 Marie
1488 2593 1522 2659 in
1539 2593 1724 2661 Cosmedin
1739 2594 1860 2663 diaconi

507 2695 692 2777 cardinalia
718 2694 935 2760 conferuntur
965 2693 1184 2759 canonicatus
1218 2701 1252 2758 et
1276 2696 1446 2779 prebenda
1480 2699 1621 2765 ecclesie
1647 2698 1861 2767 Tornacensis

508 2810 668 2865 vacantes
682 2819 743 2885 per
758 2798 889 2864 obitum
905 2797 1064 2863 Bemardi
1075 2797 1118 2863 de
1129 2795 1166 2862 M
1170 2798 1400 2882 ontelanard0,
1412 2803 1576 2887 capellani
1592 2803 1674 2869 dicti
1685 2803 1861 2881 cardinalis,

506 2925 612 2991 nuper
628 2904 661 2969 in
678 2905 755 2985 loco
770 2903 812 2969 de
828 2901 912 2968 Brea
924 2903 1021 2986 juxta
1037 2902 1222 2988 prioratum
1238 2902 1269 2968 S.
1287 2901 1395 2969 Marie
1411 2905 1453 2971 de
1470 2904 1680 2988 GordaniciS,
1697 2907 1862 2976 Uticensis

505 3008 823 3088 diocesis,defuncti,
832 3028 899 3072 non
910 3009 1067 3072 obstante
1077 3006 1169 3091 quod
1180 3006 1289 3072 dictus
1301 3007 1490 3093 Stephanus
1499 3011 1588 3096 prior
1599 3013 1718 3078 ruralis
1730 3012 1861 3080 ecclesie

506 3113 548 3178 de
562 3113 754 3191 Arboribus,
772 3111 999 3176 Ruthenensis
1014 3110 1167 3190 diocesis,
1188 3111 1301 3176 existit
1317 3122 1351 3176 et
1367 3112 1400 3176 in
1427 3112 1660 3197 Noviomensi,
1675 3116 1861 3183 Ebroicensi
1903 3107 1905 3122 '

506 3238 546 3283 ac
562 3215 752 3282 Pictavensi
769 3216 919 3281 ecclesiis
935 3215 1154 3281 canonicatus
1170 3225 1204 3280 et
1219 3217 1407 3300 prebendas
1423 3219 1566 3286 obtinet.

548 3320 746 3408 Apostolice
761 3319 895 3385 Sedis...

550 3425 629 3491 Dat.
644 3424 744 3490 Avin.
765 3444 802 3489 ro
818 3423 884 3489 kal.
901 3423 1048 3489 octobris
1064 3444 1155 3488 anno
1167 3428 1195 3490 ό.

551 3527 590 3592 In
615 3550 644 3593 e.
664 3549 709 3593 m.
731 3528 892 3613 episcopo
916 3527 1110 3593 Caturcensi
1135 3536 1169 3592 et
1193 3529 1353 3613 magistro
1376 3530 1513 3596 Sicardo
1536 3532 1578 3597 de
1603 3531 1725 3612 Vauro,
1751 3535 1861 3601 utrius-

507 3654 571 3718 que
583 3634 664 3717 juris
678 3632 867 3719 professori,
884 3640 920 3697 ct
935 3632 1107 3698 Galhardo
1122 3631 1141 3709 J
1145 3633 1258 3715 uliani,
1275 3635 1446 3701 canonicis
1462 3635 1732 3705 Caturcensibus

540 3800 600 3859 lieg.
615 3800 664 3848 Av.
679 3801 717 3858 16,
729 3798 746 3846 f.
762 3799 805 3844 «11ν
816 3813 822 3846 t
834 3796 893 3845 Vat.
906 3799 945 3855 73,
957 3797 975 3845 f.
988 3800 1038 3854 33¹,
1052 3812 1076 3845 n.
1089 3799 1128 3845 23.

552 4014 698 4097 1002.
1464 4051 1561 4113 1321,
1577 4051 1620 4114 25
1635 4036 1824 4119 septembre.

549 4132 568 4210 J
572 4134 696 4199 ohanni
713 4133 871 4199 Bertaudi
887 4134 1056 4200 confertur
1072 4136 1291 4201 canonicatus
1307 4135 1448 4201 ecclesie
1464 4134 1496 4200 S.
1514 4134 1653 4200 Martini
1671 4135 1860 4202 Leodiensis

506 4239 567 4303 sub
593 4238 829 4324 expectatione
854 4237 1034 4323 prebende,
1050 4259 1119 4303 non
1146 4241 1302 4304 obstante
1330 4238 1420 4324 quod
1446 4239 1478 4303 in
1504 4239 1647 4305 ecclesia
1671 4237 1858 4306 Treverensi

507 4343 743 4408 canonicatum
758 4349 793 4406 et
807 4343 1012 4426 prebendam
1028 4342 1162 4408 obtinet
1176 4363 1217 4408 ac
1232 4343 1262 4407 ei
1278 4342 1320 4408 de
1335 4343 1533 4429 parrochiali
1550 4344 1692 4410 ecclesia
1703 4343 1747 4410 de
1756 4344 1857 4410 Claro·

505 4455 632 4526 monte,
649 4445 866 4511 Virdunensis
889 4446 1041 4527 diocesis,
1066 4446 1236 4531 provisum
1263 4456 1324 4528 cst,
1341 4448 1435 4532 cujus
1449 4446 1698 4532 possessionem
1718 4448 1854 4514 nondum

506 4557 676 4616 assecutus
692 4557 754 4615 est.

551 4651 752 4717 Litterarum
768 4652 975 4719 scientiam...

550 4757 628 4823 Dat.
644 4756 744 4822 Avin.
762 4775 780 4840 7
796 4755 862 4821 kal.
879 4757 1026 4822 octobris
1041 4779 1132 4823 anno
1150 4763 1178 4822 6.
1903 4831 1905 4838 ,

551 4858 590 4923 ln
606 4881 635 4923 e.
651 4881 695 4925 m.
712 4860 884 4946 preposito
902 4860 1100 4947 Maguntine
1126 4869 1160 4926 et
1191 4860 1390 4926 cancellario
1416 4860 1638 4945 Lingonensis
1668 4882 1708 4927 ac
1732 4862 1846 4927 thesau-

505 4964 590 5028 rario
605 4963 801 5029 Leodiensis
823 4966 1048 5032 ecclesiarum.

539 5125 599 5184 Reg.
613 5124 659 5169 Ar.
674 5124 710 5172 lG.
723 5123 740 5169 f.
753 5123 795 5171 87¹
806 5139 812 5171 t
825 5123 883 5171 Vat.
902 5126 940 5176 73.
953 5126 970 5171 f.
984 5126 1022 5185 38,
1035 5140 1059 5172 n.
1072 5127 1111 5174 34.
