4409 6017
508 718 562 785 138
1054 720 1200 787 Premibre
1221 720 1322 787 eunte

506 868 608 934 corda
623 875 783 954 tangente
800 866 1064 949 Flandrensium,
1081 869 1268 936 desiderata
1292 870 1470 937 concordia
1498 870 1585 937 inter
1605 871 1812 939 carissimum
1833 873 1863 937 in

506 972 640 1038 Christo
656 972 760 1037 filium
777 979 927 1038 nostrum
943 971 1144 1059 Philippum,
1163 995 1276 1059 regem
1293 973 1432 1040 Francie
1457 983 1492 1040 et
1517 973 1668 1041 Navarre
1695 975 1864 1057 illustrem,

505 1099 545 1144 ac
566 1085 602 1143 te
625 1085 660 1142 et
682 1085 759 1142 tuos
782 1076 890 1156 fuerit,
914 1086 950 1143 ut
974 1078 1136 1164 cupimus,
1160 1079 1268 1146 solido
1283 1080 1467 1145 munimine
1482 1082 1648 1158 roborata,
1663 1101 1742 1147 cum
1763 1102 1822 1167 per
1836 1079 1866 1146 id

505 1182 642 1249 demum
657 1182 699 1247 de
716 1180 914 1247 inhabilibus
929 1191 964 1247 et
980 1203 1047 1248 non
1063 1182 1240 1267 capacibus
1256 1183 1333 1249 facti
1350 1182 1472 1249 fuerint
1488 1183 1615 1250 habiles
1627 1191 1662 1250 et
1672 1206 1823 1272 capaces
1836 1185 1866 1249 in

405 1320 408 1326 ·
505 1286 619 1372 petitis
634 1292 669 1351 et
684 1285 755 1351 aliis
770 1285 976 1371 disponimus
991 1287 1213 1351 exuberanter
1224 1287 1289 1352 tuis
1304 1286 1393 1352 votis
1409 1307 1556 1352 annuere
1572 1295 1607 1353 et
1619 1287 1652 1353 in
1663 1289 1867 1374 quibuscum

505 1391 581 1456 Deo
595 1389 787 1477 poterimus,
803 1410 865 1455 nos
879 1389 938 1456 tibi
955 1398 990 1455 et
1005 1389 1070 1455 tuis
1085 1389 1283 1457 favorabiles
1298 1391 1465 1457 exhibere.
1488 1389 1557 1457 Fac
1583 1391 1695 1477 itaque
1721 1400 1759 1457 ut
1786 1393 1868 1479 peti·

505 1493 616 1559 tiones
630 1500 704 1559 tuas
720 1491 909 1577 hujusmodi
925 1493 1090 1560 omissas⁰
1107 1515 1176 1559 non
1193 1494 1354 1560 extimare
1382 1496 1502 1576 valeas,
1519 1494 1578 1561 sed
1601 1494 1774 1577 admissas,
1784 1517 1868 1577 cum,

505 1596 532 1663 si
547 1595 559 1631 ⁶
572 1604 676 1683 perte
687 1617 755 1661 non
772 1596 913 1676 steterit,
929 1618 986 1662 eas
1001 1597 1035 1662 in
1051 1597 1232 1682 gratiosum
1248 1606 1283 1664 et
1298 1606 1429 1683 gratum
1444 1598 1515 1679 tibi,
1528 1599 1680 1685 premissi
1696 1601 1869 1686 oportuni·

504 1709 575 1766 tate
605 1700 767 1787 temporis
792 1700 975 1785 ingruente,
1003 1702 1186 1787 producere
1213 1701 1429 1788 disponamus
1459 1701 1628 1770 effectum.
1659 1703 1740 1770 Dat.
1771 1703 1869 1769 Avin.

507 1827 523 1890 4
542 1803 608 1870 kal.
624 1804 753 1889 augusti
770 1825 860 1870 anno
880 1826 892 1869 r
910 1814 959 1871 2»

536 1966 715 2028 originalem
726 1967 850 2015 Archiveu
857 1967 890 2015 de
902 1952 1008 2016 l'E'tatb
1020 1967 1105 2027 (land,
1117 1967 1219 2016 chartae
1235 1967 1279 2015 des
1290 1973 1387 2017 comtes
1397 1967 1429 2017 de
1442 1944 1562 2029 Flandrie,
1574 1982 1600 2017 n.
1612 1968 1724 2017 13211-
1736 1968 1799 2031 Reg.
1809 1969 1867 2017 vat.

505 2046 652 2105 1011811,
666 2061 691 2095 n.
704 2048 766 2100 348:
781 2048 838 2098 Vnt.
855 2050 908 2104 110,
926 2063 986 2112 pars
997 2049 1018 2108 l,
1030 2049 1048 2098 1.
1059 2050 1073 2095 7
1076 2051 1111 2107 11,
1126 2063 1151 2098 n.
1167 2051 1222 2097 260.
1234 2077 1267 2083 -
1283 2049 1316 2097 de
1328 2050 1570 2112 limburg-altinum,
1584 2048 1666 2098 ordea
1682 2050 1866 2114 diplomaticus

504 2127 639 2187 Flandrie,
651 2135 670 2180 t.
688 2129 712 2178 Il
726 2129 822 2192 (1⁸89),
836 2144 860 2193 p.
873 2131 966 2186 291111.
981 2132 1029 2178 315
1041 2128 1146 2193 (texte).
1161 2158 1193 2165 -
1206 2129 1312 2191 doulon,
1324 2145 1350 2179 n.
1363 2132 1407 2180 11111
1422 2129 1528 2193 (texte).

551 2316 665 2402 397.
1493 2333 1606 2421 [1317,
1622 2354 1666 2421 ²9
1676 2333 1825 2422 juillet}

553 2438 714 2516 Roberto,
731 2435 800 2500 filio
816 2435 948 2501 comitis
964 2434 1130 2517 Flandrie,
1146 2436 1369 2522 respondetur
1384 2437 1426 2503 de
1441 2436 1692 2523 dispensatione
1708 2458 1778 2504 non
1791 2458 1870 2504 con-

511 2562 613 2622 cessa,
629 2542 758 2608 ratione
774 2541 936 2607 discordie
952 2562 1028 2607 cum
1044 2562 1122 2626 rege
1139 2540 1289 2607 Francie.

552 2727 716 2792 «Dilecto
732 2724 801 2789 filio
817 2725 919 2791 nobili
935 2726 1007 2791 viro
1024 2726 1185 2806 Roberto,
1202 2736 1283 2792 nato
1298 2725 1411 2792 dilecti
1427 2725 1484 2790 11111
1500 2724 1622 2791 nobilis
1640 2723 1701 2789 viri
1716 2723 1868 2804 Roberti,

506 2830 639 2898 comitis
655 2827 821 2894 Flandrie.
839 2828 984 2895 Litteras
998 2838 1073 2895 tuas
1093 2850 1153 2916 per
1168 2828 1309 2896 dilectos
1333 2830 1419 2895 filios
1428 2828 1467 2895 ¹²..
1492 2831 1649 2894 abbatem
1673 2829 1869 2894 monasterii

505 2936 547 3002 de
572 2934 689 3015 Dunis,
715 2933 942 3000 Cisterciensis
967 2933 1100 3014 ordinis,
1126 2942 1161 2999 et
1191 2934 1274 3000 alios
1302 2935 1447 3019 collegas
1472 2933 1574 3021 ipsius
1607 2933 1705 2999 nobis
1734 2933 1870 2998 noviter

505 3044 713 3125 presentatus
728 3037 874 3122 benigno
889 3036 1011 3103 affectu
1027 3038 1240 3123 suscepimus,
1257 3046 1368 3123 etque
1384 3037 1464 3104 dicti
1480 3038 1608 3123 college
1623 3057 1686 3124 pro
1702 3045 1802 3123 parte
1812 3045 1871 3102 tua

506 3141 602 3206 nobis
617 3161 786 3227 exponere
801 3144 979 3206 voluerunt
996 3140 1221 3207 intelleximus
1236 3141 1421 3226 diligenter.
1447 3141 1544 3222 Sane,
1570 3140 1626 3221 fili,
1653 3162 1731 3207 cum
1753 3139 1870 3207 omnia

504 3257 639 3333 tempus
654 3246 776 3310 habere
792 3253 973 3312 noscantur
993 3254 1028 3311 et
1055 3246 1087 3309 in
1115 3244 1264 3332 petendo
1296 3266 1336 3311 ac
1361 3240 1565 3327 indulgendo
1592 3240 1694 3306 debet
1716 3238 1870 3306 conditio

504 3350 664 3437 temporis
679 3348 860 3436 prudenter
875 3350 1013 3429 adverti,
1030 3360 1167 3435 propter
1183 3349 1273 3434 quod
1288 3348 1443 3414 nobilitas
1458 3355 1517 3411 tua
1532 3344 1616 3409 ferre
1632 3343 1776 3409 moleste
1800 3363 1869 3408 non

505 3455 616 3535 debet,
632 3455 658 3520 si
675 3454 923 3546 expeditionem
940 3454 1197 3540 dispensationis
1212 3463 1272 3519 tuo
1288 3453 1425 3519 nomine
1440 3471 1501 3538 per
1515 3449 1660 3532 collegas
1684 3446 1826 3513 eosdem
1850 3469 1870 3513 a

506 3558 601 3625 nobis
617 3567 782 3645 oportune
798 3566 832 3623 et
845 3557 1034 3644 importune
1049 3557 1156 3644 petite
1175 3556 1416 3644 suspendimus,
1433 3575 1493 3621 suo
1508 3561 1663 3639 tempore
1678 3552 1870 3632 conceden-

504 3663 704 3729 dam.Tuum
717 3663 814 3749 igitur
822 3662 884 3728 erit
893 3681 1068 3747 procurare
1080 3660 1333 3746 congruentiam
1343 3658 1515 3745 temporis,
1523 3678 1588 3742 que
1601 3654 1737 3740 quidem
1747 3654 1868 3735 aderit,

504 3768 531 3833 si
554 3787 605 3848 e0,
621 3769 713 3853 cujus
729 3768 762 3832 in
777 3787 860 3855 pace
877 3765 984 3832 factus
999 3774 1050 3831 est
1066 3767 1168 3847 locus,
1184 3765 1344 3851 genitoris
1358 3763 1418 3844 tui,
1434 3771 1529 3828 tuum
1545 3769 1580 3826 et
1601 3759 1742 3825 aliorum
1764 3759 1868 3824 etiam

505 3870 605 3937 corda
621 3879 781 3957 tangente
798 3869 1063 3948 Flandrensium,
1080 3869 1302 3935 desideratam
1317 3868 1380 3933 toti
1397 3866 1524 3932 mundo
1546 3862 1761 3930 concordiam
1781 3862 1870 3927 inter

505 3976 709 4043 carissimum
725 3976 758 4040 iu
765 3974 898 4041 Christo
910 3974 1014 4039 filiurn
1026 3984 1176 4039 nostrum
1186 3973 1386 4060 Philippum,
1397 3991 1509 4058 regem
1522 3967 1704 4034 Francieet
1715 3966 1868 4033 Navarre

506 4080 677 4162 illustrem,
693 4101 732 4146 ac
747 4080 935 4166 genitorem
950 4087 1055 4159 tuum,
1072 4087 1107 4143 te
1123 4087 1157 4143 et
1174 4077 1395 4143 Flandrenses
1410 4072 1547 4140 eosdem
1570 4092 1631 4158 pro
1652 4080 1745 4137 certo
1762 4072 1867 4137 scive-

506 4186 606 4250 rimus
627 4184 735 4250 solido
751 4183 934 4248 munimine
960 4185 1159 4248 roboratam.
1176 4181 1272 4247 Tunc
1288 4180 1423 4260 etenim,
1441 4177 1565 4243 nedum
1591 4177 1624 4241 in
1649 4174 1867 4241 concessione

505 4288 762 4374 dispensationis
784 4287 884 4373 ipsius
908 4286 1114 4372 disponimus
1135 4285 1201 4350 tuis
1224 4285 1312 4350 votis
1336 4304 1493 4362 annuere,
1511 4281 1588 4368 quin
1615 4279 1717 4345 etiam
1734 4278 1768 4343 in
1785 4277 1866 4357 aliis,

506 4401 669 4478 quantum
681 4412 757 4458 cum
771 4392 846 4455 Deo
858 4390 1053 4476 poterimus,
1066 4410 1128 4453 nos
1144 4388 1204 4454 tibi
1215 4396 1249 4453 et
1259 4388 1324 4453 tuis
1337 4387 1533 4452 favorabiles
1542 4385 1711 4451 exhibere.
1722 4383 1867 4449 Procura

506 4517 585 4583 ergo
611 4496 750 4562 solerter
775 4504 809 4560 et
840 4515 1003 4581 promove
1028 4492 1318 4559 confirmationem
1345 4492 1437 4577 pacis
1467 4488 1661 4575 hujusmodi
1681 4495 1717 4554 et
1744 4494 1867 4553 extunc

506 4600 603 4666 mitte
630 4621 690 4685 pro
717 4599 932 4685 expeditione
960 4596 1217 4683 dispensationis
1236 4595 1424 4681 hujusmodi
1447 4615 1523 4660 cum
1548 4592 1670 4658 fiducia
1689 4598 1762 4656 tam
1793 4609 1866 4653 eam

506 4723 606 4790 quam
622 4703 686 4768 alia
701 4724 766 4787 que
782 4703 925 4767 honeste
937 4702 1072 4788 petieris
1087 4711 1097 4736 ‘
1113 4701 1296 4767 obtinendi.
1314 4701 1392 4765 Dat.
1409 4707 1445 4764 ut
1462 4718 1596 4783 supra.»

540 4866 601 4928 fleg.
613 4865 674 4915 Vat.
689 4869 742 4926 109,
751 4866 769 4915 f.
782 4866 823 4924 82,
837 4880 862 4914 n.
875 4866 938 4922 349;
951 4866 1010 4914 Vnt.
1025 4868 1079 4925 llll,
1094 4880 1161 4928 pars.
1174 4865 1194 4923 1,
1207 4865 1224 4913 1.
1238 4865 1287 4923 liv,
1301 4877 1326 4911 n.
1339 4865 1394 4911 261.
1407 4890 1438 4897 -
1451 4862 1556 4919 (ἴουΙοη,
1571 4877 1596 4912 rr.
1611 4863 1659 4910 332
1670 4860 1777 4922 (texte).

540 5070 566 5103 u.
586 5055 733 5102 commissas
750 5071 800 5118 rep.
819 5057 874 5105 109.
901 5084 926 5089 -
944 5056 966 5106 b.
981 5058 1000 5104 si
1018 5071 1076 5103 cum
1099 5072 1148 5118 rep.
1170 5058 1224 5106 loo.
1294 5072 1316 5106 e.
1329 5070 1399 5105 anno
1419 5059 1427 5103 l
1448 5056 1581 5105 vallerana
1592 5055 1816 5120 dami'oripiaal,
1834 5084 1864 5092 -

508 5136 668 5187 aduectum
681 5137 762 5185 tilium
776 5154 825 5200 rep.
839 5140 892 5187 110.
909 5167 938 5172 —
950 5155 970 5187 a.
982 5139 1100 5202 poteritis
1113 5154 1162 5202 req.
1176 5140 1231 5190 109.
