4409 6017
497 704 554 767 146
1042 697 1189 762 Premibre
1209 695 1287 760 anne
1305 744 1312 759 .

498 852 675 916 eventibus
699 851 833 917 incertis
857 869 1034 935 exponere,
1051 847 1077 912 si
1094 847 1239 932 gratanti
1255 847 1370 913 animo
1385 847 1632 931 contempletur
1647 866 1750 930 quam
1766 843 1859 909 mise·

497 955 669 1022 ricorditer
695 975 772 1039 erga
802 955 910 1040 ipsum
938 952 1151 1037 omnipotens
1183 950 1349 1016 Dominus
1373 950 1488 1035 egerit,
1504 970 1581 1014 eum
1597 950 1640 1015 ab
1661 947 1860 1014 instantibus

497 1058 645 1125 eruendo
670 1058 825 1144 periculis
847 1067 881 1122 et
907 1078 927 1122 a
951 1054 1145 1142 periculosis
1161 1054 1288 1120 insidiis
1302 1054 1485 1135 liberand0,
1502 1053 1528 1119 si
1545 1052 1800 1119 consideranter
1814 1061 1859 1116 at·

497 1162 616 1229 tendat
642 1170 804 1246 quantum
831 1160 892 1246 ipsi
918 1159 994 1223 Deo
1019 1156 1234 1243 implacidum
1252 1157 1414 1241 nobisque
1430 1177 1469 1222 ac
1487 1154 1672 1244 apostolice
1698 1153 1776 1219 Sedi
1792 1174 1861 1218 esse

499 1265 603 1352 possit
619 1263 774 1330 infestum
791 1273 927 1349 propter
945 1282 1096 1346 guerram
1122 1261 1311 1344 hujusmodi
1341 1261 1397 1345 pia
1420 1259 1556 1344 negotia
1571 1257 1724 1344 impediri
1740 1266 1777 1323 et
1792 1277 1861 1342 spe-

499 1369 627 1435 cialiter
651 1367 832 1434 subsidium
858 1365 960 1430 Terre
987 1365 1119 1445 Sancte,
1148 1363 1238 1448 quod
1258 1364 1414 1448 equidem
1438 1363 1530 1430 cordi
1557 1383 1625 1429 non
1650 1362 1863 1427 mediocriter

499 1473 643 1557 gerimus
654 1480 688 1535 et
704 1470 794 1555 quod
809 1491 866 1534 rex
883 1469 953 1555 ipse
968 1488 1167 1555 promovere
1183 1467 1341 1552 disponit,
1353 1488 1372 1531 a
1383 1467 1533 1552 predicte
1548 1486 1664 1551 guerre
1676 1465 1862 1531 turbinibus

499 1575 684 1661 expeditus,
702 1595 769 1639 non
787 1573 834 1639 sic
861 1594 938 1638 eum
963 1571 1129 1638 credimus
1144 1570 1281 1636 rationis
1305 1572 1471 1656 abjurasse
1499 1569 1686 1649 consilium,
1704 1568 1785 1654 quin
1803 1568 1862 1632 im-

498 1700 614 1744 mensa
623 1678 687 1742 Dei
704 1677 869 1742 beneficia
884 1696 1127 1757 recognoscens
1143 1683 1177 1739 et
1187 1675 1258 1759 ejus
1275 1674 1538 1759 indignationem
1555 1673 1749 1753 abhorrens,
1765 1692 1862 1736 suum

497 1781 540 1846 ad
555 1802 595 1845 ea
610 1801 674 1865 que
689 1779 782 1865 pacis
797 1788 875 1843 sunt
890 1777 1072 1844 efficaciter
1087 1786 1241 1863 preparet
1266 1778 1426 1858 animum,
1448 1777 1585 1843 inclinet
1600 1775 1762 1841 affectum
1777 1774 1864 1840 ciroe

498 1884 740 1970 perfectionem
753 1891 787 1947 et
804 1882 1093 1948 conservationem
1120 1881 1209 1946 dicte
1235 1881 1412 1946 concordie
1428 1902 1503 1966 que,
1520 1880 1596 1945 Deo
1610 1888 1759 1962 auctore,
1774 1882 1864 1946 bona

500 2007 567 2051 non
585 1987 680 2052 facile
696 1986 902 2051 numeranda
917 1986 1089 2071 producet,
1106 1985 1270 2070 promptis
1294 1985 1481 2051 intenturus
1496 1984 1670 2051 affectibus
1686 1995 1721 2051 et
1736 1994 1863 2071 presta-

498 2092 591 2157 tione
616 2090 802 2157 securitatis
829 2089 1033 2167 sufficientis,
1061 2097 1160 2173 prout
1187 2089 1332 2174 expedit,
1361 2088 1617 2174 contentandus.
1644 2088 1863 2155 Prudentiam

499 2205 643 2260 vestram
659 2215 846 2274 monemus,
870 2213 1025 2276 rogamus
1050 2200 1084 2256 et
1105 2193 1277 2257 hortamur
1301 2201 1431 2259 attente
1458 2193 1743 2259 inremissionem
1770 2194 1866 2260 vobis

498 2298 731 2384 peccaminum
750 2297 961 2381 injungentes
985 2304 1151 2380 quatenus
1179 2295 1340 2380 premissa
1354 2296 1518 2381 profunde
1533 2316 1674 2382 pensare
1702 2307 1737 2362 et
1754 2297 1865 2363 eidem

500 2401 625 2480 comiti,
650 2410 686 2466 ut
712 2421 751 2464 ea
767 2408 899 2463 maturo
915 2398 1012 2463 libret
1037 2398 1201 2478 examine,
1218 2399 1356 2464 suadere
1383 2407 1537 2465 curantes
1557 2409 1593 2466 et
1615 2421 1686 2482 vos,
1702 2411 1865 2487 tanquam

499 2503 607 2587 angeli
624 2503 715 2587 pacis
731 2510 765 2566 et
781 2501 849 2565 veri
862 2499 1040 2566 concordie
1060 2502 1232 2582 zelatores
1249 2502 1407 2586 quicquid
1422 2502 1501 2569 boni
1518 2504 1605 2571 circa
1620 2489 1866 2593 perfectionem

500 2614 685 2670 memorate
701 2606 879 2671 concordie
895 2606 1023 2691 operari
1039 2606 1202 2691 poteritis,
1220 2606 1333 2692 inepta
1349 2608 1497 2692 qualibet
1508 2608 1708 2678 difficultate
1723 2621 1865 2693 remota,

500 2710 661 2776 studeatis
684 2710 859 2794 diligenter
886 2719 920 2775 et
945 2710 1087 2776 fideliter
1109 2711 1238 2794 exequi,
1256 2719 1290 2775 et
1315 2711 1550 2779 nichilominus
1574 2721 1611 2777 ut
1636 2712 1726 2778 idern
1752 2732 1866 2778 comes

500 2814 607 2879 simile
632 2813 731 2879 faciat
747 2813 895 2898 nihilque
911 2813 1046 2878 difficile
1071 2822 1165 2899 petat
1190 2815 1276 2880 circa
1301 2816 1513 2882 securitatem
1529 2816 1671 2882 eandem
1689 2836 1751 2902 per
1776 2814 1865 2900 quod

501 2917 561 2982 sibi
585 2916 728 2982 mundus
752 2917 843 3002 pacis
867 2917 1145 3002 impedimentum
1167 2917 1328 3002 imponat,
1345 2918 1482 2984 solicitis
1497 2918 1615 2986 studiis
1634 2916 1865 2999 laboretisEt

501 3021 526 3088 si
544 3021 653 3086 forsan
670 3021 703 3085 in
719 3021 782 3086 hiis
793 3022 918 3105 aliquid
934 3022 1061 3087 incidat
1077 3022 1168 3107 quod
1180 3023 1350 3089 communi
1367 3044 1532 3090 consensu
1548 3028 1695 3107 nequeat
1705 3018 1864 3106 expediri,

502 3145 563 3190 nos
574 3124 942 3195 circareformationem
953 3124 1038 3189 illius
1048 3133 1083 3190 et
1092 3124 1157 3189 alia
1169 3126 1316 3209 quelibet
1326 3133 1395 3190 tam
1409 3127 1528 3192 salubri
1539 3136 1707 3214 oportuna
1718 3124 1863 3211 negotio,

501 3226 606 3313 parati
631 3227 753 3292 erimus
769 3229 973 3293 voluntarios
989 3229 1119 3293 labores
1142 3249 1319 3308 assumere,
1336 3230 1582 3314 quantumlibet
1597 3231 1700 3296 simus
1715 3228 1818 3294 variis
1832 3235 1864 3291 et

500 3328 610 3395 arduis
625 3330 767 3414 negotiis
778 3331 942 3417 occupati.
954 3331 1123 3412 Ceterum,
1134 3332 1160 3397 si
1172 3340 1248 3417 post
1260 3340 1313 3397 tot
1325 3341 1438 3398 nostra
1450 3335 1592 3399 salubria
1601 3333 1742 3414 monita,
1753 3351 1864 3398 comes

501 3433 581 3518 ipse,
598 3433 688 3517 quod
702 3435 798 3514 absit,
815 3435 1029 3501 securitatem
1043 3435 1076 3499 in
1092 3435 1154 3499 viis
1170 3434 1341 3501 difficilem
1358 3447 1530 3521 expetens,
1547 3438 1581 3502 in
1606 3458 1665 3503 sua
1680 3435 1863 3522 pertinacia

500 3544 534 3601 et
555 3537 736 3602 rebellione
762 3540 953 3624 perstiterit,
979 3539 1088 3623 ipsum
1116 3546 1231 3603 tenere
1259 3538 1393 3604 indubie
1414 3542 1568 3607 volumus
1593 3540 1684 3626 quod
1710 3560 1774 3606 nos
1798 3540 1864 3625 ejus

501 3641 663 3706 malitiam
680 3642 762 3706 serre
778 3643 915 3707 ulterius
931 3664 998 3708 non
1016 3643 1167 3707 valentes
1195 3664 1258 3708 nec
1285 3644 1438 3709 volentes
1464 3645 1579 3711 mundi
1596 3653 1723 3711 statum
1739 3665 1782 3709 ex
1798 3644 1864 3728 ejus

500 3746 681 3811 rebellione
692 3747 815 3812 diutius
831 3747 963 3813 concuti
975 3755 1009 3811 et
1020 3747 1176 3832 precipue
1187 3747 1439 3813 ultramarinum
1449 3748 1602 3835 impediri
1614 3746 1804 3834 passagium
1813 3747 1864 3809 vel

500 3848 633 3930 differri,
650 3870 718 3914 non
731 3850 945 3916 intendentes
955 3851 1059 3915 etiam
1069 3850 1211 3936 amplius
1220 3851 1427 3916 dissimulare
1437 3861 1671 3938 contemptum
1685 3849 1864 3918 sententia-

500 3974 573 4018 rum
589 3954 773 4040 apostolice
783 3955 877 4020 Sedis
892 3963 992 4039 atque
1008 3975 1224 4040 processuum
1237 3964 1272 4019 et
1288 3955 1322 4020 id
1332 3955 1421 4039 quod
1434 3956 1467 4020 in
1478 3956 1729 4022 irreverentiam
1739 3954 1865 4023 etdivi-

500 4077 579 4122 nam
606 4067 641 4122 et
668 4058 821 4137 clavium,
839 4058 872 4122 in
897 4059 993 4123 terris
1016 4058 1245 4124 ecclesiastico
1272 4058 1453 4125 interdicto
1468 4061 1648 4146 suppositis
1669 4060 1750 4127 facit
1778 4060 1864 4126 idem

502 4182 625 4241 comes,
648 4170 684 4227 ut
708 4162 837 4241 dicitur,
855 4171 1018 4247 quantum
1044 4161 1077 4226 in
1100 4184 1142 4227 eo
1166 4171 1227 4242 est,
1252 4163 1454 4249 prophanari
1478 4163 1591 4230 divina
1616 4173 1650 4229 et
1671 4164 1764 4249 quod
1778 4165 1865 4230 bona

501 4265 727 4331 ecclesiastica
741 4265 864 4351 diripit,
880 4265 1043 4351 dilapidat
1066 4274 1101 4329 et
1126 4267 1303 4346 consumit,
1326 4275 1442 4332 contra
1467 4267 1576 4352 ipsum
1601 4275 1636 4332 et
1661 4265 1864 4352 Flamingos,

502 4388 616 4433 eorum
632 4368 786 4454 exigente
802 4370 933 4450 duritia,
953 4369 1031 4434 licet
1043 4369 1197 4435 dolentes
1207 4378 1242 4434 et
1253 4370 1359 4449 inviti,
1371 4391 1447 4435 cum
1458 4391 1525 4435 non
1542 4370 1687 4437 filiorum
1703 4365 1866 4448 excessus,

502 4481 552 4536 set
569 4472 760 4538 innocentia
777 4494 837 4539 nos
852 4474 1010 4552 delectet,
1028 4472 1060 4536 in
1077 4483 1240 4556 quantum
1265 4474 1462 4539 rationabile
1485 4495 1653 4559 equumve
1676 4474 1866 4554 viderimus,

501 4576 678 4641 assistente
687 4578 783 4643 nobis
795 4577 908 4642 divina
918 4576 1079 4663 potentia,
1087 4576 1190 4661 rigide
1201 4578 1430 4662 procedemus.
1443 4577 1520 4642 Dat.
1530 4594 1548 4659 7
1559 4576 1865 4663 kalseptembrisr

537 4711 597 4770 lleg.
611 4710 672 4758 Vnt.
686 4713 739 4768 llll,
752 4725 810 4773 pars·
824 4711 843 4770 l,
856 4713 873 4760 l.
886 4715 936 4771 dlv,
947 4726 971 4760 n.
986 4714 1039 4760 105.
1050 4712 1195 4771 -Coulon,
1210 4727 1234 4761 n.
1248 4715 1294 4762 367
1308 4707 1410 4777 (texte).

543 4871 653 4952 412.
1524 4893 1637 4979 [1317,
1653 4892 1696 4956 26
1712 4890 1823 4979 aurit}

545 4988 820 5055 Procuratoribus
845 5012 903 5056 seu
928 4993 1053 5057 nuntiis
1078 4994 1359 5060 communitatum
1382 4996 1535 5062 villarum
1555 4995 1660 5062 totius
1685 4997 1866 5062 comitatus

502 5088 660 5156 Flandrie
677 5091 828 5156 scribitur
844 5094 876 5157 in
893 5094 1038 5160 eundem
1054 5095 1202 5179 modum,
1218 5098 1358 5164 mutatis
1374 5098 1552 5181 mutandis,
1568 5108 1606 5164 ut
1616 5100 1780 5182 scabinos,
1790 5103 1866 5168 bur·
