4409 6017
906 748 1054 816 lluitibme
1074 748 1177 814 11111111.
1667 744 1722 807 519

361 889 492 967 tionem
506 902 606 983 Petri,
619 902 718 968 electi
728 899 955 967 Tholonensis
967 899 1025 984 (¹),
1041 898 1074 963 in
1091 898 1183 963 brevi
1199 898 1359 978 vacaturi,
1374 917 1443 962 non
1461 897 1618 961 obstante
1634 893 1723 978 quod

361 1005 396 1069 in
420 1004 663 1087 Cameracensi,
690 1002 878 1071 Nivellensi
903 1011 937 1069 et
964 1004 1006 1069 de
1032 1002 1218 1083 Gavaceto,
1245 1000 1438 1067 Leodiensis
1463 1007 1498 1065 et
1519 997 1723 1063 Mutinensis

360 1108 546 1190 diocesum,
558 1110 708 1177 ecclesiis
723 1109 941 1175 canonicatus
956 1116 992 1173 et
1006 1106 1196 1193 prebendas
1211 1106 1353 1172 obtinet.

407 1213 479 1279 Etsi
495 1213 629 1280 Sedes..

406 1317 485 1382 Dat.
500 1318 601 1384 Avin.
617 1316 770 1385 kalendis
786 1315 985 1403 septembris
999 1337 1091 1382 anno
1107 1319 1136 1382 8.

408 1419 448 1485 ln
464 1442 494 1487 e.
510 1442 555 1487 m.
572 1421 760 1488 Parmensis
775 1431 810 1486 et
825 1420 1062 1486 Avinionensis
1076 1419 1255 1506 prepositis
1264 1427 1300 1483 et
1311 1417 1547 1484 archidiacono
1558 1414 1723 1480 bletensis

361 1523 587 1591 ecclesiarum.

396 1671 456 1731 Reg.
470 1673 517 1720 Av.
528 1674 567 1730 11,
580 1672 597 1719 l.
611 1674 658 1721 318
669 1688 675 1730 ς
688 1672 746 1721 Vat.
760 1676 798 1723 77.
810 1673 828 1721 1.
841 1674 895 1730 277,
908 1687 934 1721 n.
949 1674 1017 1722 1768.

408 1839 551 1924 1388.
673 1909 683 1916 ..
1341 1876 1438 1940 1324,
1456 1877 1474 1919 1
1491 1856 1679 1940 septembre.

406 1956 564 2039 Johanni,
580 1967 663 2024 nato
687 1960 835 2044 magistri
860 1959 1026 2037 Johannis
1051 1960 1094 2027 de
1124 1959 1279 2047 Templo,
1304 1959 1474 2025 confertur
1505 1957 1724 2024 canonicatus

361 2060 507 2127 ecclesie
527 2061 730 2129 Morinensis
755 2066 815 2129 sub
840 2064 1078 2149 expectatione
1101 2064 1282 2149 prebende,
1308 2062 1575 2130 consideratione
1601 2060 1723 2139 Caroli,

363 2163 506 2230 Francie
541 2165 637 2250 regis,
661 2186 730 2231 non
767 2168 924 2232 obstante
962 2167 1053 2252 quod
1077 2167 1110 2231 in
1132 2167 1373 2233 silvanectensi
1400 2168 1460 2231 sub
1488 2164 1724 2250 expectatione

361 2268 535 2353 prebende
561 2269 595 2334 in
622 2270 821 2335 canonicum
848 2280 900 2335 est
926 2278 1080 2357 receptus
1105 2270 1204 2336 acin
1232 2271 1263 2336 S.
1291 2268 1428 2335 Martini
1454 2269 1496 2334 de
1532 2254 1723 2352 Campellis,

363 2370 559 2438 Parisiensis
574 2372 727 2453 diocesis,
744 2372 893 2439 ecclesiis
908 2374 1148 2440 canonicatum
1163 2383 1199 2438 et
1213 2371 1419 2459 prebendam
1435 2371 1577 2438 obtinet.

407 2474 628 2561 Suffragantia
642 2476 744 2541 tibi...

408 2580 487 2645 Dat.
503 2580 604 2645 Avin.
621 2578 773 2646 kalendis
790 2582 990 2666 septembris
1005 2602 1094 2648 anno
1111 2584 1141 2647 8.

409 2681 448 2747 ln
464 2703 494 2748 e.
510 2704 555 2749 m.
571 2683 602 2748 S.
619 2683 777 2748 Germani
793 2682 835 2749 de
853 2682 961 2751 Pratis
976 2706 1080 2771 prope
1097 2684 1240 2752 Parisios
1256 2692 1291 2751 et
1307 2685 1338 2750 S.
1355 2684 1529 2750 Genovese
1553 2684 1586 2748 in
1610 2693 1725 2749 monte

366 2785 560 2852 Parisiensis
575 2787 856 2853 monasteriorum
871 2789 1046 2854 abbatibus
1062 2809 1103 2854 ac
1120 2788 1250 2855 decano
1266 2787 1406 2855 ecclesie
1422 2788 1623 2854 Parisiensis.

396 2925 458 2986 Reg.
470 2927 519 2972 Av.
531 2926 569 2982 21,
582 2924 600 2973 l.
613 2927 657 2973 331
672 2941 678 2982 3
692 2926 750 2974 Vat.
763 2929 800 2984 77,
814 2927 832 2975 1.
845 2928 913 2985 2981,
924 2942 950 2975 11.
965 2929 1035 2977 1830.

411 3090 554 3176 1389.
1345 3115 1442 3189 1324,
1459 3125 1480 3169 2
1496 3106 1683 3191 septembre,

406 3210 564 3294 Astorgio
579 3209 621 3275 de
639 3209 846 3295 Episcopatu
861 3210 1030 3277 confertur
1045 3211 1265 3278 canonicatus
1280 3208 1422 3275 ecclesie
1447 3207 1649 3276 Morinensis
1665 3209 1725 3272 sub

361 3314 601 3401 expectatione
642 3312 822 3399 prebende,
857 3333 925 3378 non
964 3318 1121 3382 obstante
1161 3315 1250 3399 quod
1277 3312 1520 3398 parrochialem
1548 3313 1724 3379 ecclesiam

361 3420 393 3488 S.
413 3418 558 3483 Romani
575 3419 618 3482 de
634 3417 745 3482 Bosco
762 3416 894 3502 Rogerii
911 3427 946 3484 et
961 3418 1163 3485 decanatum
1179 3418 1323 3482 ruralem
1339 3418 1370 3481 S.
1389 3416 1534 3482 Romani
1558 3416 1600 3481 de
1627 3416 1724 3483 Colo-

360 3527 479 3603 110110,
497 3521 779 3607 Rothomagensis
793 3520 944 3605 diocesis,
957 3524 1098 3589 obtinet.

405 3626 497 3695 Dum
510 3624 732 3691 conditiones.
741 3676 762 3689 ..

405 3730 486 3796 Dat.
502 3729 602 3795 Avin.
619 3753 638 3813 4
655 3749 735 3795 non.
751 3731 951 3815 septembris
966 3751 1056 3795 anno
1073 3733 1102 3797 8.

406 3835 446 3900 In
462 3856 492 3900 e.
509 3855 553 3899 m.
569 3834 682 3899 abbati
698 3833 890 3899 monasterii
908 3833 1127 3915 Viconiensis,
1142 3833 1376 3900 Atrebatensis
1391 3832 1542 3914 diocesis,
1558 3842 1593 3898 et
1619 3834 1724 3899 archi-

360 3939 506 4005 diacono
541 3937 752 4018 Benascensi,
789 3936 987 4016 ilerdensis·
1011 3958 1051 4002 ac
1085 3938 1213 4004 cantori
1249 3937 1535 4003 Claromontensis
1569 3938 1724 4004 ecclesia-

359 4064 445 4108 rum.

392 4191 455 4248 ch.
468 4192 515 4237 Ar.
528 4192 568 4247 21,
583 4190 601 4237 1.
614 4192 661 4236 340
674 4206 679 4237 :
694 4190 751 4237 Vat.
765 4193 803 4241 77.
816 4190 834 4236 1.
847 4191 900 4244 21111,
915 4203 939 4237 n.
953 4192 1023 4238 111118.

407 4372 551 4464 1390.
1052 4384 1058 4395 ’
1337 4410 1433 4475 1324,
1450 4410 1470 4453 2
1493 4391 1681 4476 septembre.

405 4492 547 4557 Decano
572 4491 780 4571 Peronensis,
809 4491 1050 4558 Noviomensis
1073 4492 1230 4574 diocesis,
1258 4502 1291 4558 et
1319 4493 1556 4559 archidiacono
1571 4496 1725 4559 Antwer-

360 4583 479 4681 pierisi,
496 4585 757 4674 Cameracensis
774 4617 813 4661 ac
838 4596 1017 4661 scolastico
1042 4596 1283 4662 Noviomensis
1306 4598 1522 4663 ecclesiarum
1549 4597 1726 4662 mandatur

361 4706 528 4781 quatenus
544 4697 718 4763 conferant
736 4698 879 4780 Rogoni
897 4707 978 4765 nato
996 4697 1174 4765 Michaelis
1190 4700 1231 4765 de
1258 4700 1431 4779 Reecuria,
1449 4700 1573 4779 militis,
1590 4701 1725 4765 canoni·

361 4810 476 4867 catum
492 4809 527 4865 ct
541 4802 748 4887 prebendam
766 4802 907 4867 ecclesie
923 4802 1146 4869 'lomacensis
1161 4813 1323 4868 vacantes
1340 4825 1399 4889 per
1420 4804 1549 4868 obitum
1559 4803 1725 4881 Johannis

361 4905 450 4984 Albi,
477 4905 570 4970 Sedis
594 4906 780 4990 apostolice
807 4906 981 4992 capellani,
1010 4906 1042 4971 in
1071 4908 1197 4972 eisdem
1222 4909 1371 4993 partibus
1399 4907 1557 4986 defuncti,
1574 4909 1725 4973 conside·

394 5182 415 5229 l.
436 5181 528 5227 l'ctrus
539 5176 681 5225 (luillclrni.
