4409 6017
917 717 1075 784 Troisieme
1096 723 1199 786 annes.
1255 736 1257 738 ’
1680 718 1741 781 277

391 881 526 939 onatus
541 873 623 960 ipsis
646 872 680 937 in
703 872 903 957 quibuslibet
931 869 1079 936 ecclesiis
1104 880 1330 958 competente,
1346 868 1526 957 privilegiis
1550 888 1683 953 quoque
1699 870 1740 932 ab

391 977 488 1043 idem
515 975 604 1042 Sede
630 977 685 1040 vel
712 975 964 1059 quibuscunque
990 973 1141 1059 personis
1166 974 1399 1041 ecclesiasticis
1415 972 1583 1039 concessis
1604 971 1740 1051 eisdem,

391 1082 511 1161 n'vare,
527 1089 564 1146 et
579 1100 684 1167 penas
700 1079 835 1165 insuper
850 1078 932 1143 alias
941 1078 1110 1163 premissis
1119 1079 1251 1145 adicere
1263 1100 1345 1166 quas
1360 1078 1519 1167 expedire
1534 1075 1740 1161 cognoveris,

391 1185 559 1271 >ostolica
585 1184 619 1248 in
659 1183 723 1249 hac
758 1190 853 1269 parte
881 1182 985 1247 fretus
1010 1182 1221 1267 auctoritate,
1246 1187 1413 1271 procures,
1439 1202 1478 1249 ac
1505 1177 1741 1245 nichilominus

391 1310 485 1356 >rum
503 1289 590 1354 filios
605 1296 641 1353 et
657 1294 810 1373 nepotes,
826 1288 868 1351 ab
884 1285 932 1350 eis
948 1306 1008 1372 per
1022 1294 1150 1352 rectam
1166 1287 1291 1354 lineam
1306 1287 1561 1363 descendentes,
1577 1289 1741 1369 perpetuo
1824 1305 1827 1310 “

391 1393 535 1459 rhabiles
551 1392 692 1458 reddere
718 1389 760 1456 ad
788 1390 935 1475 quelibet
963 1390 1128 1457 beneficia
1152 1392 1380 1459 ecclesiastica
1396 1388 1589 1470 obtinenda,
1605 1386 1666 1451 nisi
1682 1406 1742 1472 per

392 1497 611 1565 rtisfactionis
625 1496 778 1562 debitum
794 1495 837 1561 ad
852 1496 963 1561 sinum
978 1495 1115 1581 pietatis
1135 1497 1320 1583 apostolice
1342 1501 1561 1573 recurrentes,
1577 1490 1741 1555 remissio·

392 1604 418 1669 is
433 1622 537 1688 super
553 1602 619 1666 hoc
635 1607 671 1666 et
687 1600 908 1665 restitutionis
923 1599 957 1663 in
982 1599 1149 1685 integrum
1171 1621 1230 1687 per
1246 1600 1368 1666 Sedem
1384 1598 1526 1666 eandem
1538 1595 1740 1661 beneficium

392 1714 590 1783 rererentur,
607 1724 647 1770 ac
659 1703 792 1790 iusuper
806 1703 1051 1769 venerabilibus
1066 1704 1222 1771 fratribus
1237 1706 1359 1771 nostris
1374 1701 1643 1789 archiepiscopis,
1656 1701 1742 1786 epis·

391 1810 464 1897 opis
474 1817 511 1874 et
521 1808 655 1875 dilectis
672 1808 746 1873 filiis
758 1807 1062 1887 electis,abbatibus
1077 1816 1113 1872 et
1128 1809 1201 1875 aliis
1211 1809 1424 1875 ecclesiarum
1440 1804 1741 1894 prelatis,capitulis

391 1911 640 1981 tconventibus
652 1912 869 1978 ecclesiarum
880 1919 914 1976 et
926 1912 1208 1979 monasteriorum
1220 1921 1255 1979 et
1265 1913 1414 1999 personis
1424 1908 1660 1977 ecclesiasticis
1670 1907 1740 1992 qui·

392 2036 575 2101 uscunque,
587 2034 720 2081 necnon
732 2013 881 2096 ducibus,
895 2015 1152 2099 marchionibus,
1166 2017 1354 2099 comitibus,
1367 2016 1555 2094 baronibus,
1564 2012 1740 2092 nobilibus,

392 2119 652 2202 niversitatibuS,
663 2118 927 2185 comunitatibus
942 2128 977 2185 et
997 2119 1069 2185 aliis
1086 2122 1236 2206 personis
1246 2120 1465 2206 singularibus
1476 2117 1663 2196 civitatum,
1674 2123 1739 2179 ter-

391 2231 679 2305 arum,castrorum
692 2231 727 2288 et
739 2222 880 2288 aliorum
891 2244 1168 2311 quorumcunque
1180 2227 1328 2292 locorum
1344 2227 1405 2290 sub
1415 2219 1741 2288 excomunicationis

392 2350 403 2393 r
419 2348 581 2415 personas
593 2335 628 2393 et
649 2326 815 2393 interdicti
836 2326 869 2392 in
883 2336 989 2394 terras
1001 2348 1117 2394 eorum
1132 2330 1237 2416 penis,
1254 2350 1335 2415 quas
1358 2328 1384 2394 si
1402 2348 1497 2393 secus
1513 2324 1653 2391 feceriut
1669 2323 1741 2408 ipso

392 2441 461 2499 rcto
477 2432 658 2513 incurrant,
675 2453 716 2496 ex
731 2438 826 2518 parte
843 2439 957 2497 nostra
978 2432 1159 2499 districtius
1175 2433 1325 2500 inhibere
1349 2451 1506 2519 procures
1522 2450 1565 2494 ne
1582 2426 1741 2515 predictis

393 2536 675 2602 ontradictoribus
704 2542 738 2600 et
763 2536 940 2601 rebellibus
960 2536 993 2601 in
1020 2536 1140 2601 eadem
1165 2538 1391 2604 obstinatione
1415 2534 1626 2601 manentibus
1642 2551 1742 2617 super

391 2640 542 2706 remissis
567 2642 730 2727 prebeant
757 2640 927 2722 auxilium,
953 2641 1130 2706 consilium
1154 2644 1208 2706 vel
1235 2642 1393 2722 favorem,
1415 2642 1469 2706 vel
1500 2637 1741 2707 commercium

392 2745 510 2831 liquod
526 2753 705 2811 exerceant
721 2764 798 2809 curn
814 2743 941 2809 eisdem
956 2766 964 2825 ;
980 2764 1048 2809 non
1066 2746 1277 2811 obstantibus
1294 2747 1545 2831 quibuscunque
1561 2739 1741 2828 privilegiis

391 2852 426 2915 vel
441 2848 660 2934 indulgentiis
675 2848 868 2934 apostolicis
892 2848 1135 2933 prenominatis
1159 2859 1194 2915 et
1218 2851 1290 2915 aliis
1313 2851 1565 2934 quibuscunque
1581 2841 1740 2932 personis,

391 2953 556 3032 rdinibus,
573 2952 845 3019 universitatibus
860 2953 930 3018 sive
945 2951 1039 3033 locis,
1056 2953 1282 3039 cujuscunque
1304 2951 1583 3041 preheminentie,
1599 2948 1741 3034 dignita·

391 3058 426 3139 is,
442 3056 650 3122 conditionis
673 3063 731 3121 aut
747 3064 853 3122 status
868 3056 1041 3121 extiterint
1056 3060 1117 3122 sub
1134 3058 1252 3143 quovis
1267 3058 1370 3124 modo
1385 3058 1437 3121 vel
1455 3053 1667 3141 expressione
1683 3069 1741 3116 seu

392 3160 599 3247 onceptioue
611 3163 789 3225 verborum
806 3163 847 3226 ab
864 3160 982 3226 eadem
996 3160 1081 3226 Sede
1093 3162 1271 3242 concessis,
1282 3161 1401 3247 quibus
1411 3167 1526 3248 posset
1538 3158 1612 3244 quis
1623 3164 1740 3223 contra

391 3265 536 3331 remima
562 3264 814 3349 quomodolibet
838 3285 873 3330 se
904 3265 987 3329 tueri
1014 3273 1049 3331 et
1072 3264 1248 3350 dequibus
1272 3268 1407 3352 plenam
1434 3272 1469 3329 et
1494 3283 1684 3350 expressam
1701 3282 1741 3327 ac

392 3393 413 3435 ,e
428 3372 535 3435 verbo
550 3367 594 3434 ad
608 3371 748 3433 verbum
764 3368 866 3432 etiam
881 3368 923 3433 de
939 3389 1166 3454 personarum,
1184 3370 1348 3450 ordinum,
1365 3377 1472 3434 status
1487 3376 1521 3433 et
1537 3365 1737 3452 dignitatum

392 3472 565 3539 xominibus
588 3479 743 3557 oporteat
769 3472 802 3536 in
833 3474 1042 3557 presentibus
1068 3474 1249 3560 specialem
1274 3474 1343 3538 lieri
1374 3472 1595 3553 mentionem,
1623 3491 1680 3534 seu
1711 3477 1738 3540 si

392 3577 472 3643 ictis
493 3575 655 3658 Robert0,
680 3576 754 3641 liliis
780 3584 815 3641 et
839 3576 910 3641 aliis
936 3578 1179 3663 prenominatis
1207 3577 1466 3643 Flandrensibus
1491 3577 1546 3641 vel
1569 3574 1739 3660 quibusvis

391 3680 445 3746 liis
459 3680 649 3745 comuniter
663 3681 717 3744 vel
732 3680 866 3745 divisim
892 3701 912 3746 a
933 3681 1084 3767 predicta
1109 3682 1152 3748 sit
1177 3682 1262 3748 Sede
1286 3681 1451 3747 indultum
1468 3679 1559 3766 quod
1575 3676 1737 3756 interdici,

391 3782 530 3870 uspendi
541 3785 596 3847 vel
608 3784 854 3850 excomunicari
870 3805 939 3850 non
955 3786 1084 3872 possint
1099 3808 1159 3872 per
1173 3787 1301 3852 litteras
1316 3785 1517 3872 apostolicas
1532 3803 1601 3848 non
1617 3780 1740 3846 facien-

391 3910 423 3954 es
439 3889 578 3974 plenam
593 3894 628 3951 et
643 3908 845 3973 expressam,
862 3910 901 3955 ac
917 3889 959 3955 de
975 3894 1078 3956 verbo
1093 3891 1137 3956 ad
1163 3894 1302 3957 verbum
1328 3891 1370 3957 de
1402 3889 1532 3955 indulto
1548 3883 1738 3971 hujusmodi

392 3992 596 4072 tentionem,
613 3994 874 4059 contradictores
889 4003 945 4060 etc.
963 3994 1124 4060 Volumus
1139 3995 1282 4081 insuper,
1310 4006 1344 4059 et
1366 3993 1571 4080 presentium
1587 3989 1646 4055 tihi
1663 4009 1738 4053 auc·

391 4098 512 4163 oritate
528 4095 744 4162 concedimus
759 4098 848 4181 quod
875 4099 1034 4183 premissa
1059 4099 1170 4164 ornnia
1192 4108 1226 4164 et
1242 4099 1369 4184 singula
1384 4098 1490 4184 possis
1506 4096 1539 4160 in
1555 4102 1665 4160 totum
1687 4092 1740 4155 vel

391 4224 406 4266 a
424 4209 559 4287 partem
574 4199 630 4264 uni
646 4200 700 4264 vel
717 4202 862 4286 pluribus
878 4203 1027 4287 personis
1042 4202 1084 4267 de
1100 4203 1219 4287 quibus
1234 4202 1356 4269 videris
1376 4202 1533 4288 expedire
1554 4200 1740 4280 comittere,

392 4314 407 4371 t
423 4302 662 4371 comissionem
679 4304 878 4389 hujusmodi,
895 4306 1055 4390 quociens
1071 4316 1105 4371 et
1132 4316 1232 4389 prout
1248 4307 1404 4393 expedire
1421 4307 1481 4371 tibi
1498 4304 1675 4382 videbitur,
1691 4322 1740 4365 re-

391 4429 506 4487 ⁴ocare,
524 4407 680 4491 quodque
696 4429 715 4472 a
731 4407 810 4473 data
825 4411 1031 4494 presentium
1047 4410 1088 4475 sit
1105 4411 1165 4474 tibi
1179 4412 1213 4475 in
1226 4411 1395 4497 premissis
1408 4410 1563 4474 omnibus
1578 4417 1740 4473 eteorum

391 4512 520 4597 iugulis,
537 4510 644 4596 ceptis
660 4520 694 4576 et
710 4533 778 4577 non
795 4514 911 4600 ceptis,
928 4515 1137 4600 presentibus
1163 4525 1197 4580 et
1225 4516 1352 4596 futuris,
1365 4523 1528 4601 perpetua
1541 4520 1690 4598 potestas
1706 4521 1740 4576 ct

391 4615 558 4681 rrisdictio
576 4615 747 4697 attributa,
764 4627 800 4680 ut
831 4638 872 4681 eo
887 4618 1002 4703 vigore
1018 4640 1124 4704 eaque
1142 4620 1300 4684 firmitate
1318 4620 1425 4705 possis
1447 4619 1480 4682 in
1498 4618 1653 4683 omnibus
1669 4636 1741 4701 pre-

391 4720 492 4799 nissiS,
503 4720 612 4805 ceptis
624 4728 658 4785 et
675 4741 743 4784 non
760 4723 876 4807 ceptis,
893 4725 1104 4809 presentibus
1120 4734 1155 4790 et
1169 4725 1296 4804 futuris,
1314 4733 1348 4789 et
1365 4745 1426 4810 pro
1442 4723 1611 4809 premissis
1627 4743 1741 4808 proce-

391 4826 464 4904 lere,
481 4843 521 4888 ac
538 4823 563 4888 si
580 4823 731 4908 predicta
748 4826 860 4891 omnia
876 4836 911 4891 ct
927 4828 1055 4913 singula
1072 4849 1184 4894 coram
1213 4837 1246 4893 te
1263 4836 1363 4914 cepta
1380 4828 1528 4908 fuissent,
1544 4835 1578 4892 et
1590 4825 1741 4912 jurisdic-

393 4929 424 4991 io
439 4937 498 4993 tua
515 4925 549 4990 in
565 4926 724 5012 predictis
740 4930 894 4996 omnibus
910 4939 944 4996 et
960 4932 1095 5017 singulis
1123 4953 1182 5018 per
1198 4933 1394 4998 citationem
1410 4934 1463 4997 vel
1480 4931 1617 4997 modurn
1641 4930 1742 4995 aliurn

391 5038 579 5118 ›erpetuata
604 5032 791 5116 legitimum
816 5036 1009 5117 exstitisset,
1027 5036 1271 5102 constitutione
1299 5037 1448 5121 qualibet
1479 5036 1643 5101 contraria
1673 5055 1742 5098 non

392 5131 548 5201 abstante.
564 5133 723 5201 Ceterum
740 5140 892 5203 volumus
909 5148 955 5220 ut,
972 5141 997 5205 si
1016 5161 1130 5206 comes
1143 5149 1177 5205 et
1191 5141 1425 5207 universitates
1440 5138 1592 5205 Flarrdrie
1602 5137 1742 5224 predicti
