4409 6017
915 718 1071 785 Neuvilme
1092 722 1193 788 annea

309 857 354 896 :·:.
412 854 474 920 Ad
489 856 555 922 hoc
570 878 665 927 uos...

308 959 332 1085 ²:-
414 964 499 1034 Dat.
514 969 615 1036 Avin.
631 994 651 1056 4
667 972 712 1041 id.
728 976 876 1042 octobris
891 997 982 1045 auno
999 1001 1027 1061 9.

308 1075 340 1189 ζ
401 1106 468 1169 neg.
486 1110 531 1158 nv.
545 1112 585 1171 88,
596 1111 615 1161 r.
632 1113 690 1160 188
702 1128 708 1171 ;
719 1113 779 1165 rat.
795 1118 834 1176 ra,
845 1117 863 1166 r.
875 1120 915 1177 ss,
932 1120 1029 1169 8188.

309 1185 341 1211 Er.

308 1319 345 1386 5,
416 1275 563 1361 1434.
1381 1320 1476 1384 1324,
1494 1319 1535 1381 15
1551 1299 1688 1363 octobre.

308 1427 343 1492 d
415 1393 556 1462 Decano
570 1405 606 1463 et
622 1398 771 1485 capitulo
788 1400 931 1467 ecclesie
946 1400 1196 1471 Cameracensis
1211 1404 1390 1471 mandatur
1401 1411 1565 1490 quatenus
1577 1401 1734 1481 Gnidoni,

338 1552 346 1596 ἰ
368 1497 453 1564 olim
468 1499 629 1588 episcopo
644 1501 862 1586 Tomacensi,
880 1505 923 1572 ad
948 1526 1063 1573 eorum
1090 1508 1267 1574 ecclesiam
1288 1509 1460 1588 translato,
1481 1507 1631 1574 debitam
1655 1507 1734 1570 obe-

308 1656 341 1701 :t
368 1600 532 1667 dientiam
547 1605 739 1688 exhibeant,
755 1629 825 1675 non
841 1612 999 1676 obstante
1022 1611 1114 1695 quod
1136 1611 1206 1699 ipse
1229 1611 1424 1697 homagium
1439 1631 1509 1676 non
1531 1610 1646 1675 fecerit
1669 1629 1732 1673 nec

309 1761 344 1808 3
365 1702 595 1788 juramentum
607 1710 779 1778 fidelitatis
790 1714 973 1799 prostiterit
985 1716 1052 1801 regi
1067 1715 1307 1797 Romanorum,
1320 1736 1397 1781 curn
1408 1715 1518 1780 nullus
1533 1734 1591 1778 rex
1609 1713 1732 1778 Roma-

308 1819 490 1909 5norum
516 1811 559 1878 ad
580 1834 717 1900 presens
739 1816 871 1899 existat,
899 1819 951 1885 cui
976 1820 1081 1905 possit
1106 1821 1233 1888 dictum
1254 1820 1482 1906 juramentum
1505 1827 1652 1903 prestare
1675 1818 1730 1882 vel

308 1924 341 1996 ῑ,.·
368 1910 562 1999 homagium
577 1916 698 1985 facere.

308 2001 340 2119 ζ
411 2016 504 2084 Sicut
519 2040 579 2106 per
593 2022 716 2088 alias...

308 2113 336 2198 ζ,
411 2120 492 2187 Dat.
510 2125 609 2191 Avin.
626 2126 735 2193 idibus
750 2130 898 2197 octobris
912 2152 1005 2198 anno
1022 2152 1052 2212 9.

309 2215 333 2245 “·
410 2224 451 2290 18
467 2247 497 2292 8.
513 2249 558 2294 m.
574 2232 701 2317 populo
716 2231 862 2316 civitatis
877 2243 911 2301 et
927 2234 1072 2303 diocesis
1088 2236 1340 2303 Cameracensis
1355 2243 1391 2301 et
1403 2235 1564 2300 universis
1579 2233 1729 2298 vassallis

309 2304 334 2437 Ξ
364 2330 509 2396 ecclesie
525 2330 788 2402 Cameracensis.

309 2497 331 2541 Ξ,
398 2466 460 2529 Beg.
473 2470 522 2519 Ar.
534 2472 575 2531 2l,
588 2472 607 2519 f.
617 2473 681 2530 347;
698 2472 758 2522 Vat.
771 2477 811 2535 78,
825 2476 844 2524 t.
857 2478 910 2537 42¹,
921 2491 946 2526 n.
965 2478 1019 2528 122.

309 2602 329 2647 :r
1187 2643 1191 2648 ,
1330 2613 1331 2617 “

308 2706 327 2751 r
407 2665 552 2751 1435·
1374 2706 1469 2770 1324,
1488 2703 1529 2767 15
1544 2685 1681 2748 octobre.

309 2809 324 2856 ι
406 2781 565 2865 Gnidoni,
581 2788 743 2876 episcopo
760 2787 1007 2872 Cameracensi‚
1023 2791 1220 2858 conceditur
1235 2792 1379 2859 facultas
1401 2788 1555 2875 exigendi
1570 2780 1724 2853 modera-

309 2915 322 2958 r
360 2893 435 2951 tum
460 2889 643 2956 subsidium
665 2894 708 2958 ab
735 2893 892 2960 omnibus
914 2895 1066 2981 personis
1091 2896 1329 2987 ecclesiasticis
1352 2915 1484 2962 suarum
1509 2892 1656 2959 civitatis
1690 2900 1724 2957 et

308 3019 322 3065 8
362 2990 521 3058 diocesis.

309 3127 320 3169 u
405 3093 434 3161 F
434 3092 640 3163 rate'rnitatis
655 3103 747 3163 tue...

309 3229 319 3272 :
404 3199 486 3265 Dat.
502 3199 604 3266 Avin.
616 3199 726 3266 idibus
741 3201 888 3268 octobris
904 3221 994 3267 anno
1011 3222 1038 3282 9.

309 3335 316 3376 ,·
404 3302 444 3368 ln
461 3324 491 3369 e.
508 3324 553 3369 m.
569 3303 682 3370 abbati
698 3306 894 3371 monasterii
911 3304 1130 3385 viconiensis,
1146 3305 1378 3371 Atrebatensis
1393 3304 1545 3385 diocesis,
1562 3324 1601 3369 ac
1613 3302 1719 3368 archi-

308 3438 316 3478 :
357 3407 506 3475 diacono
521 3408 715 3475 Parisiensis
730 3416 765 3474 et
782 3409 961 3476 scolastico
978 3407 1184 3474 Morinensis
1199 3410 1427 3477 ecclesiarum.

309 3542 313 3580 :
390 3542 454 3603 ch.
466 3543 515 3593 Ar.
529 3545 570 3603 22,
580 3543 600 3594 f.
616 3546 663 3593 187
675 3561 681 3603 ;
694 3546 755 3595 Vnt.
768 3547 806 3605 78,
818 3546 837 3595 1,
850 3549 888 3607 43,
901 3561 927 3598 n.
943 3549 997 3598 123.

402 3706 548 3790 1436.
1366 3745 1462 3810 1324,
1480 3744 1523 3807 15
1538 3726 1674 3789 octobre.

400 3824 560 3907 Johanni,
575 3835 658 3893 nato
681 3828 821 3896 Oldradi
844 3830 887 3897 de
910 3831 1021 3898 Ponte
1044 3830 1222 3912 Laudensi,
1246 3831 1358 3915 legum
1381 3828 1537 3909 doctoris,
1554 3826 1719 3893 canonico

353 3928 575 4012 Tomacensi,
592 3930 782 4018 indulgetur
797 3943 834 4000 ut
850 3935 976 4002 fructus
990 3935 1231 4002 beneficiorum
1247 3954 1381 4001 suorum
1396 3934 1522 4017 absque
1536 3930 1716 3997 residentia

354 4034 398 4098 ad
414 4033 598 4099 triennium
613 4037 786 4123 percipere
802 4040 926 4105 valeat.

399 4136 533 4203 Sincere
548 4139 778 4208 devotionis...

401 4241 481 4307 Dat.
496 4243 597 4309 Avin.
614 4244 722 4311 idibus
738 4246 886 4314 octobris
901 4267 992 4312 anno
1009 4267 1037 4327 9.

400 4343 441 4408 ln
458 4365 487 4410 8.
503 4368 548 4412 m.
565 4349 726 4435 episcopo
745 4350 904 4417 Paduano
920 4358 955 4415 et
970 4349 1082 4415 abbati
1100 4347 1295 4414 monasterii
1312 4347 1343 4412 S.
1359 4345 1497 4428 Bertini,
1514 4344 1718 4412 Morinensis

351 4448 510 4531 diocesis,
526 4471 566 4517 ac
591 4454 751 4540 magistro
777 4454 879 4521 Petro
903 4454 945 4519 de
970 4452 1189 4534 Collemedio,
1206 4450 1384 4517 scolastico
1400 4450 1540 4516 ecclesie
1563 4448 1718 4515 Camera-

351 4573 478 4620 censrs.
1132 4571 1134 4576 ·

388 4692 454 4753 neg.
468 4693 515 4740 nv.
531 4694 571 4751 88,
586 4691 604 4739 r.
622 4692 667 4740 124
678 4708 684 4749 ;
697 4691 757 4739 uat.
769 4693 807 4750 rs,
819 4692 837 4740 r.
850 4693 901 4750 rav,
913 4706 938 4740 n.
955 4693 1008 4741 132.

402 4847 545 4931 1437.
1361 4883 1377 4924 r
1403 4883 1423 4925 2
1475 4885 1488 4926 r
1535 4864 1670 4927 octobre.

398 4964 598 5047 Bertrando,
615 4965 646 5031 S.
664 4962 773 5030 Marie
798 4963 831 5028 in
851 4964 980 5048 Aquiro
1004 4964 1149 5031 diacono
1172 4965 1342 5046 cardinali,
1359 4881 1555 5030 cdndeddur
1574 4966 1715 5031 facultas

348 5069 539 5156 recipiendi
555 5069 797 5154 resignationes
812 5090 872 5155 per
882 5070 1007 5133 Diuum
1020 5069 1061 5133 de
1073 5069 1213 5134 Acerbis
1224 5079 1258 5133 et
1273 5068 1499 5154 magalonam
1509 5069 1716 5134 Tantobenis
