4409 6017
493 715 556 779 896
1047 718 1173 784 Sixibmc
1194 720 1296 785 anue'e.

542 864 684 950 1036.
1561 883 1700 965 1322,6
1723 883 1820 948 avril.

540 984 713 1070 Stephano
722 985 770 1051 de
787 985 1003 1052 Berteucuria
1019 986 1189 1052 confertur
1213 987 1430 1052 canonicatus
1452 987 1595 1052 ecclesie
1622 986 1856 1052 Ambianeusis

496 1091 557 1154 sub
573 1089 813 1175 expectatione
840 1089 1020 1176 prebende,
1036 1111 1105 1156 non
1127 1093 1284 1159 obstante
1301 1090 1392 1175 quod
1418 1090 1452 1154 in
1472 1091 1503 1156 S.
1524 1090 1683 1174 Quintini
1711 1092 1748 1155 in
1772 1090 1856 1155 Viro

495 1193 630 1259 mandia
652 1201 687 1258 et
710 1194 742 1260 S.
760 1193 872 1260 Fursei
899 1194 1099 1261 Peronensis
1123 1203 1158 1260 et
1183 1195 1214 1262 8.
1231 1193 1371 1260 Martini
1398 1194 1441 1260 de
1458 1194 1642 1280 Campellis
1670 1195 1704 1259 in
1727 1193 1808 1261 Bria
1828 1203 1855 1258 et

495 1297 526 1363 8.
557 1296 696 1363 Martini
722 1299 764 1365 de
792 1297 1072 1380 Montemorenci,
1106 1297 1346 1365 Noviomensis
1383 1305 1418 1363 et
1446 1297 1640 1363 Parisiensis
1677 1298 1855 1373 diocorum,

496 1401 716 1469 canonicatus
737 1411 773 1468 et
796 1404 983 1489 prebendas
999 1403 1130 1469 obtinet
1146 1402 1230 1468 etin
1247 1402 1278 1467 8.
1299 1402 1414 1467 Crucis
1438 1400 1695 1467 Cameracensis
1710 1400 1854 1467 ecclesiis

494 1507 556 1570 sub
567 1506 802 1591 expectatione
817 1507 988 1592 prebende
1004 1507 1037 1570 in
1053 1506 1256 1572 canonicum
1271 1514 1324 1571 est
1339 1512 1494 1590 receptus
1517 1524 1577 1570 seu
1592 1504 1687 1589 quod
1702 1504 1747 1571 de
1763 1524 1855 1570 cauo

494 1609 607 1675 nicatu
623 1610 763 1676 ecclesie
780 1610 999 1676 Lexoviensis
1015 1613 1075 1677 sub
1092 1609 1330 1697 expectatione
1345 1608 1516 1695 prebende
1532 1607 1562 1673 ei
1578 1607 1756 1694 provisum
1773 1616 1832 1672 est.

539 1712 710 1779 Nobilitas
724 1715 888 1800 generis...

539 1818 618 1883 Dat.
634 1818 732 1883 Avin.
750 1821 768 1884 8
786 1818 829 1885 id.
846 1818 958 1904 aprilis
974 1838 1065 1884 anno
1084 1823 1113 1883 6.

540 1919 579 1985 ln
595 1943 624 1986 e.
641 1944 685 1987 m.
702 1923 814 1988 abbati
837 1922 1030 1988 monasterii
1047 1922 1079 1989 8.
1095 1922 1269 1987 Genovese
1297 1930 1331 1987 et
1347 1922 1476 1988 decano
1501 1919 1637 2005 majoris
1666 1918 1855 1984 Parisiensis

494 2046 534 2091 ac
550 2026 710 2110 magistro
728 2030 827 2093 Petro
842 2027 884 2094 de
903 2026 1041 2106 Fractis,
1058 2025 1250 2112 primicerio
1265 2026 1429 2091 Gaietane
1446 2024 1675 2091 ecclesiarum.

527 2162 588 2225 Reg.
601 2164 648 2213 Av.
663 2165 701 2224 16,
715 2164 733 2214 f.
749 2166 808 2213 393¹
818 2180 824 2224 ;
836 2165 896 2214 Vat.
912 2167 951 2226 73,
966 2166 984 2215 1.
1000 2167 1067 2225 226¹,
1081 2179 1107 2213 n.
1122 2166 1178 2214 619.

541 2349 683 2436 1037.
1546 2386 1642 2448 1322,
1659 2387 1704 2450 13
1719 2368 1818 2432 arrril.

540 2469 691 2536 Roberto
722 2471 764 2535 de
792 2470 878 2536 Luat
903 2472 1072 2558 confertur
1105 2475 1324 2540 canonicatus
1354 2470 1493 2538 ecclesie
1521 2469 1767 2536 Noviomensis
1802 2474 1857 2536 sub

496 2562 733 2659 expectatione
748 2576 929 2661 prebende,
954 2597 1022 2642 non
1039 2579 1195 2644 obstante
1212 2577 1302 2664 quod
1329 2576 1363 2641 in
1379 2575 1520 2641 ecclesia
1537 2574 1784 2656 Rothnacensi,
1801 2573 1856 2639 Ca·

497 2679 699 2744 meracensis
714 2679 866 2761 diocesis,
877 2682 937 2745 sub
947 2681 1184 2766 expectatione
1195 2678 1618 2767 prebendeincanonicum
1630 2687 1684 2744 est
1696 2687 1857 2765 receptus.
1886 2705 1888 2709 ⁸

541 2782 593 2847 Ex
609 2791 666 2849 tue
683 2783 908 2850 devotionis...

541 2886 620 2953 Dat.
636 2888 736 2954 Avin.
753 2888 797 2954 id.
814 2888 928 2975 aprilis
943 2909 1034 2955 anno
1051 2894 1080 2955 6.

541 2992 581 3056 In
596 3014 626 3058 e.
642 3013 686 3057 m.
703 2994 814 3058 abbati
830 2993 1023 3058 monasterii
1039 2994 1070 3059 S.
1089 2993 1186 3078 Eligii
1201 2992 1443 3060 Noviomensis
1458 3000 1493 3057 et
1507 2991 1639 3058 decano
1651 2991 1684 3057 S.
1695 2991 1856 3077 Stephani

496 3095 673 3162 Trecensis
688 3117 727 3162 ac
743 3097 872 3162 cantori
889 3097 920 3161 S.
939 3096 1057 3182 Reguli
1074 3097 1336 3163 silvanectensis
1351 3096 1579 3162 ecclesiarum.

530 3243 590 3304 lteg.
606 3245 655 3294 Ar.
670 3245 709 3302 16,
723 3244 741 3293 f.
757 3245 834 3301 423v3
847 3243 906 3291 Vat.
920 3245 957 3304 73,
973 3244 991 3293 1,
1006 3246 1061 3298 216,
1075 3258 1100 3293 n.
1116 3245 1171 3293 689.

542 3437 687 3522 1038.
1552 3466 1644 3527 1322,
1662 3465 1704 3528 19
1721 3445 1820 3509 avril.

540 3555 685 3620 Officiali
698 3554 856 3620 Remensi
872 3554 1049 3619 mandatur
1065 3561 1229 3638 quatenus
1244 3555 1400 3617 abbatem
1417 3560 1452 3616 et
1468 3556 1677 3617 conventum
1692 3556 1859 3615 monaste-

497 3659 745 3724 mainberti
770 3659 803 3722 in
827 3657 1008 3738 Ardennia,
1025 3658 1066 3721 Ο.
1083 3657 1115 3721 8.
1133 3655 1181 3736 Β.,
1199 3656 1395 3722 Leodiensis
1417 3655 1570 3734 diocesis,
1595 3654 1628 3717 in
1653 3654 1808 3738 personis
1829 3660 1860 3716 et

499 3763 597 3828 bonis
613 3763 680 3828 suis
696 3762 866 3827 molestari
883 3783 952 3827 non
969 3761 1156 3847 permittat.

544 3866 638 3931 Pium
661 3887 773 3931 esse...

543 3972 621 4036 Dat.
638 3971 737 4035 Avin.
759 3992 795 4055 13
812 3970 878 4037 kal.
895 3970 972 4036 maii
989 3989 1080 4035 anno
1098 3974 1126 4034 6.

532 4118 646 4177 original
667 4134 719 4166 aux
737 4119 862 4167 Arclrivus
880 4119 913 4165 ‹lc
931 4104 1013 4165 l'lltut
1024 4121 1040 4164 a
1052 4117 1140 4170 Arlon.
1154 4117 1256 4163 chartas
1273 4114 1618 4170 deSatur-lluborl.103,n.
1634 4114 1657 4161 1.
1674 4142 1704 4147 --
1718 4115 1749 4162 G.
1766 4113 1856 4166 liurtli,

503 4200 608 4248 Fltrrrtea
619 4200 650 4247 dr·
659 4199 774 4265 l'nlrhnye
785 4202 816 4247 ala
828 4200 1025 4257 &inl-Hubert,
1038 4204 1056 4247 t.
1070 4200 1091 4256 l,
1106 4214 1130 4261 p.
1142 4200 1189 4245 196
1201 4199 1306 4259 (texte).

546 4386 689 4470 1039.
1549 4420 1641 4481 1322,
1661 4421 1702 4485 ro
1719 4403 1816 4466 avril.

543 4505 724 4572 Guillelmo
739 4508 781 4572 de
797 4509 982 4591 Arrablayo
992 4514 1181 4572 reservatur
1196 4507 1340 4591 dignitas
1354 4526 1413 4570 seu
1428 4511 1626 4590 personatus
1641 4505 1696 4569 vel
1713 4505 1853 4570 officium

500 4612 533 4676 in
550 4612 690 4677 ecclesia
709 4611 904 4693 Morinensi,
925 4634 992 4677 non
1017 4614 1174 4676 obstante
1191 4609 1281 4696 quod
1297 4610 1331 4674 in
1343 4609 1460 4674 eadem
1478 4608 1565 4673 acin
1582 4607 1852 4680 Autisiodorensi

500 4716 531 4782 S.
549 4715 687 4781 Martini
710 4717 752 4781 de
777 4716 958 4801 Carnpellis
981 4724 1015 4781 et
1031 4717 1062 4780 8.
1079 4714 1225 4799 Quiriaci
1248 4715 1290 4780 de
1310 4714 1470 4793 'Provin0,
1488 4711 1681 4777 Parisiensis
1700 4724 1735 4777 et
1760 4713 1851 4777 Seno·

499 4820 611 4886 nensis
625 4821 807 4901 diocesum,
824 4821 1040 4886 canonicatus
1056 4829 1090 4885 et
1115 4820 1301 4905 prebendas
1324 4818 1455 4883 obtinet
1470 4837 1510 4882 ac
1526 4816 1559 4880 in
1581 4816 1653 4902 ipsa
1669 4814 1850 4882 Autisiodo

499 4925 586 4989 rensi
603 4925 751 4992 ecclesiis
766 4925 965 5008 dignitatem
981 4944 1040 4989 seu
1055 4932 1271 5009 personatum
1287 4925 1342 4987 vel
1358 4920 1506 4987 officium
1522 4927 1693 5006 expectat.

542 5030 738 5115 Apostolice
755 5028 888 5094 Sedis...

545 5134 623 5200 Dat.
639 5135 739 5201 Avin.
760 5156 772 5199 r
779 5154 797 5219 3
813 5133 880 5200 kal.
895 5132 973 5198 maii
989 5152 1080 5197 anno
1098 5136 1127 5197 6.
