4409 6017
892 701 1050 768 Troisibme
1071 702 1173 767 annea.
1652 696 1712 761 265

401 861 514 917 [cantes
529 872 588 938 per
603 852 890 918 consecrationem
907 851 1113 932 Gondisalvi,
1131 850 1279 938 episcopi
1300 850 1555 930 Mindoniensis,
1570 868 1639 914 non
1656 850 1714 911 ob-

401 964 467 1021 aute
483 955 576 1040 quod
591 955 623 1020 in
646 955 930 1041 compostellana,
957 955 1141 1035 Elborensi,
1157 955 1320 1023 Ovetensi
1336 965 1371 1021 et
1387 955 1563 1022 Palentina
1578 951 1715 1018 canoni-

401 1070 451 1124 tus
471 1066 508 1125 et
530 1059 726 1146 prebendas,
750 1060 834 1125 etin
852 1059 1083 1125 Cameracensi
1101 1058 1250 1125 ecclesiis
1270 1059 1503 1125 canonicatum
1520 1059 1580 1123 sub
1596 1075 1714 1142 expec-

402 1161 484 1226 tione
499 1162 671 1248 prebende
686 1163 827 1244 obtinet,
843 1172 900 1229 aut
916 1162 1006 1248 quod
1022 1162 1192 1228 desectum
1215 1162 1341 1249 patitur
1363 1163 1396 1227 in
1420 1169 1510 1229 etate
1534 1166 1592 1247 (17
1609 1160 1715 1243 ann).

407 1266 599 1351 Apostolice
614 1266 718 1332 Sedis.
727 1317 748 1331 ..

407 1369 478 1434 Dat.
495 1368 595 1434 Avin.
614 1390 631 1453 3
648 1391 728 1435 non.
746 1370 898 1436 februarii
915 1391 1006 1437 anno
1023 1392 1052 1456 3.

407 1470 441 1536 In
463 1494 493 1538 e.
517 1494 563 1538 rn.
586 1472 731 1555 Andree,
755 1475 865 1540 electo
898 1474 1144 1556 Interannensi,
1167 1485 1202 1541 et
1238 1475 1337 1562 priori
1362 1495 1402 1541 ac
1424 1475 1554 1541 decano
1576 1473 1717 1540 ecclesie

402 1576 592 1642 storicensis.

402 1711 451 1775 llug.
463 1716 512 1761 Ar.
527 1716 563 1768 12,
578 1714 596 1765 i.
611 1716 665 1771 433,
679 1730 704 1764 n.
721 1717 783 1763 1443
799 1730 804 1767 :
818 1715 877 1764 Vat.
890 1718 928 1773 69,
942 1716 960 1764 i.
975 1718 1039 1768 127'.
1053 1730 1079 1767 n.
1095 1718 1150 1765 399.

408 1910 641 1994 671-672.
824 1914 828 1921 ’
1395 1946 1490 2012 1319,
1506 1946 1527 2009 ,a
1535 1925 1675 2012 feurier.

408 2030 562 2110 Oliverio,
586 2037 668 2094 nato
702 2030 859 2114 Symonis
890 2030 1006 2097 Vastin
1039 2029 1081 2096 de
1116 2030 1262 2112 Casleto,
1296 2030 1465 2097 confertur
1503 2027 1721 2094 canonicatus

402 2134 500 2199 :clesie
538 2134 570 2199 S.
603 2132 693 2198 Petri
728 2132 941 2214 Casletensis,
976 2133 1180 2201 Morinensis
1210 2135 1362 2216 diocesis,
1393 2137 1453 2200 sub
1486 2131 1721 2219 expectatione

403 2236 540 2317 ‘ebende,
565 2257 632 2302 non
656 2239 812 2302 obstante
835 2237 926 2323 quod
948 2238 990 2304 de
1010 2240 1212 2305 canonicatu
1227 2242 1287 2305 sub
1303 2238 1539 2325 expectatione
1553 2233 1722 2321 prebende

403 2341 502 2407 clesie
520 2340 559 2405 B.
576 2339 684 2405 Marie
700 2340 848 2422 ejusdem
865 2342 929 2408 loci
945 2342 987 2408 de
1003 2342 1141 2408 Casleto
1156 2363 1262 2430 nuper
1277 2343 1306 2408 ei
1323 2342 1492 2429 provisum
1508 2340 1580 2406 fuit.

411 2443 592 2511 Laudabile
608 2444 880 2510 testimonium...

412 2549 484 2615 Dat.
501 2548 601 2614 Avin.
619 2569 636 2613 2
653 2568 731 2613 non.
749 2547 900 2615 februarii
917 2570 1007 2615 anuo
1024 2570 1053 2634 3.

414 2651 449 2717 ln
465 2675 495 2718 e.
513 2673 558 2718 m.
574 2652 686 2717 abbati
703 2653 895 2718 monasterii
908 2654 939 2719 S.
957 2652 990 2719 N
993 2654 1089 2719 icolai
1102 2654 1130 2719 F
1131 2654 1291 2734 urnensis,
1307 2653 1508 2720 Morinensis
1523 2653 1674 2733 diocesia,
1690 2662 1724 2718 et

403 2757 537 2842 eposito
554 2754 754 2840 Maguntine
769 2777 809 2822 ac
825 2758 1060 2824 archidiacono
1072 2758 1268 2825 Flandrensi
1286 2758 1490 2825 Morinensis
1501 2758 1724 2823 ecclesiarum.

404 2896 457 2959 lieu.
470 2900 518 2946 Ar.
533 2900 570 2955 12,
583 2897 601 2945 f.
613 2899 673 2945 tat*
686 2913 691 2954 ;
704 2897 763 2947 Vnt.
778 2899 817 2954 uu,
831 2898 848 2947 i.
862 2898 929 2957 395¹,
941 2911 966 2947 n.
982 2900 1052 2949 1256.

412 3112 490 3173 672.
509 3142 552 3152 -
571 3104 688 3170 Eidem
704 3102 855 3168 Oliverio
865 3102 1035 3169 confertur
1044 3101 1262 3168 canonicatus
1277 3101 1418 3167 ecclesie
1434 3099 1472 3167 B.
1491 3099 1597 3165 Marie
1614 3097 1726 3164 Casle-

405 3208 477 3287 usis,
503 3206 705 3273 Morinensis
727 3207 878 3287 diocesis,
901 3208 961 3270 sub
990 3206 1226 3291 expectatione
1256 3205 1436 3292 prebende,
1471 3226 1539 3270 non
1571 3207 1725 3269 obstante

404 3313 454 3378 rod
469 3313 499 3377 ei
515 3312 558 3378 de
574 3312 775 3378 canonicatu
791 3310 930 3376 ecclesie
943 3309 974 3374 S.
988 3308 1077 3374 Petri
1090 3309 1241 3393 ejusdem
1253 3309 1318 3375 loci
1331 3308 1373 3373 de
1386 3308 1520 3374 Casleto
1533 3310 1593 3372 sub
1606 3327 1725 3392 expec-

405 3417 493 3481 tione
509 3416 678 3502 prebende
693 3414 865 3500 provisum
883 3414 954 3479 suit.

414 3518 559 3606 Exigrmt
574 3529 673 3585 tue...

414 3622 488 3690 Dat.
504 3624 604 3689 Avin.
622 3643 735 3688 anon.
753 3622 905 3688 februarii
922 3641 1012 3686 anno
1030 3642 1058 3704 3.

415 3725 557 3793 luem.
574 3736 620 3793 ut.
636 3734 750 3814 supra,
768 3750 798 3791 u.
815 3728 889 3809 671.

406 3863 460 3926 neg.
472 3868 519 3913 nv.
534 3869 571 3923 ra,
583 3867 602 3913 f.
614 3869 692 3916 aaa:
708 3866 764 3913 rar.
777 3867 816 3918 us.
829 3866 847 3912 f.
859 3866 915 3921 zano,
929 3880 953 3912 n.
970 3866 1039 3912 1257.

418 4060 522 4150 673.
1382 4097 1477 4161 1319,
1497 4097 1536 4139 12
1544 4076 1685 4162 scurier.

419 4182 534 4246 ,lbbati
563 4182 756 4245 monasterii
782 4182 813 4246 S.
840 4181 931 4247 Pauli
954 4180 982 4245 Τ
985 4182 1177 4265 rajectensis
1201 4191 1234 4246 et
1259 4181 1388 4247 cantori
1413 4180 1626 4265 Tongrensis,
1644 4179 1730 4244 Leo-

405 4281 491 4350 iensis
531 4284 685 4362 diocesis,
716 4304 755 4348 ac
787 4282 963 4349 Frederico
1000 4284 1042 4349 de
1086 4283 1215 4364 Parma,
1246 4284 1411 4350 canonico
1447 4282 1730 4349 Autisiodorensis

405 4387 782 4463 eclesiarum‚mandatur
798 4396 962 4472 quatenus
971 4387 1176 4454 Thihnanno
1188 4388 1230 4454 de
1246 4388 1398 4474 Tungris,
1411 4388 1575 4453 canonico
1590 4387 1730 4452 ecclesie

406 4489 633 4571 luventriensis,
649 4491 871 4577 Trajectensis
898 4492 1048 4570 diocesis,
1066 4492 1177 4557 studio
1193 4492 1296 4557 divini
1320 4493 1411 4578 juris
1431 4491 1621 4576 theologice
1639 4491 1730 4555 vide-

405 4589 453 4659 icet
468 4597 643 4676 facultatis,
659 4597 748 4682 apud
764 4596 883 4661 Sedem
901 4599 1122 4684 apostolicam
1139 4598 1315 4677 insistenti,
1333 4599 1457 4664 fructus
1473 4598 1731 4663 canonicatuum

405 4701 420 4756 fl
428 4700 660 4780 prebendarum
676 4701 926 4766 Daventriensis
946 4712 980 4765 et
994 4702 1228 4782 Embricensis,
1239 4703 1328 4768 dicte
1349 4701 1502 4782 diocesis
1518 4701 1731 4768 ecclesiarum

406 4810 498 4887 ntegre
514 4805 694 4870 ministrari
710 4805 844 4869 faciant.

432 4903 569 4975 Dilectus
586 4908 713 4974 filius...

434 5006 497 5079 Du.
513 5014 614 5078 Avin.
633 5034 649 5077 2
668 5013 709 5078 id.
727 5013 877 5078 tebruarii
896 5036 986 5079 anno
1004 5035 1032 5098 3.

429 5140 474 5207 ku.
486 5155 528 5199 nv.
543 5155 579 5204 11.
593 5153 611 5200 r.
625 5155 700 5203 rur:
715 5152 772 5200 ru.
786 5155 824 5211 ro,
839 5154 855 5201 r.
872 5155 924 5211 ru,
938 5167 961 5200 n.
975 5155 1030 5201 acu.
