4409 6017
907 724 1065 793 Nenvibme
1085 729 1189 795 annea.
1675 734 1736 799 567

310 882 326 946 l,-
368 871 517 955 Augerii,
534 871 698 939 canonico
712 872 916 958 Agathensis
930 873 1157 958 ecclesiarum,
1173 877 1351 944 mandatur
1374 886 1539 962 quatenus
1562 880 1737 947 conferant

368 973 530 1055 Johanni,
546 984 629 1042 nato
644 975 813 1053 Johannis
835 976 917 1043 dicti
940 976 1123 1061 Hamevas,
1148 980 1271 1047 clerico
1294 981 1484 1064 Leodiensi‚
1500 985 1735 1050 canonicatum

368 1079 513 1145 ecclesie
525 1079 563 1145 B.
575 1079 684 1146 Marie
696 1080 888 1162 Dionensis,
901 1080 1097 1149 Leodiensis
1107 1083 1259 1168 diocesis,
1272 1088 1333 1151 sub
1345 1087 1584 1172 expectatione
1595 1092 1735 1175 preben-

367 1182 424 1263 de,
439 1183 624 1250 dummodo
640 1185 777 1251 collatio
792 1186 1038 1271 prebendarum
1054 1187 1204 1273 ejusdem
1220 1190 1361 1256 ecclesie
1377 1190 1421 1256 ad
1437 1192 1631 1280 episcopum
1649 1192 1733 1260 Leo·

310 1324 314 1334 ·
367 1284 521 1352 diensem
537 1307 607 1353 non
623 1287 803 1374 pertineat.

413 1390 611 1476 Apostolice
627 1390 760 1458 Sedis...

415 1492 494 1559 Dat.
509 1494 609 1561 Avin.
625 1494 780 1563 kalendis
795 1495 874 1561 maii
891 1516 982 1563 anno
999 1518 1028 1580 9.

374 1602 376 1605 ’
402 1630 464 1693 neg.
477 1634 525 1681 xv.
540 1634 579 1692 23,
591 1633 610 1681 r.
623 1633 771 1691 struve.
784 1634 823 1695 rs,
834 1634 853 1684 f.
865 1636 932 1695 rosv,
945 1650 972 1685 n.
990 1638 1062 1688 ross.

416 1822 553 1906 1541.
1457 1863 1588 1927 1325,r
1613 1846 1690 1911 mai.

413 1948 444 2014 S.
471 1948 637 2026 Johannis
660 1959 695 2016 et
722 1951 754 2018 S.
788 1950 927 2018 Martini
964 1950 1205 2020 Leodiensium
1243 1953 1423 2039 prepositis
1456 1976 1496 2021 ac
1528 1955 1732 2042 Raymundo

345 2054 515 2138 'Augerii
531 2054 696 2121 canonico
710 2056 915 2142 Agathensis
930 2055 1157 2138 ecclesiarum,
1173 2056 1353 2122 mandatur
1369 2066 1534 2143 quatenus
1560 2060 1732 2126 conferant

363 2156 530 2242 Nogerio,
545 2167 628 2224 nato
644 2159 754 2245 Egidii
771 2159 967 2245 Frangnuti,
983 2160 1105 2226 clerico
1129 2158 1319 2240 Leodiensi‚
1339 2162 1575 2229 canonicatum
1592 2164 1732 2230 ecclesie

363 2260 398 2326 S.
426 2260 573 2328 Materni
604 2260 803 2329 Leodiensis
828 2266 889 2329 sub
914 2262 1152 2349 expectatione
1175 2264 1356 2350 prebende,
1383 2265 1568 2332 dummodo
1595 2268 1732 2333 collatio

362 2365 611 2451 prebendarum
628 2366 662 2431 in
684 2366 776 2433 dicta
792 2366 935 2433 ecclesia
956 2367 999 2433 ad
1015 2367 1213 2454 episcopum
1228 2365 1452 2434 Leodiensem
1468 2390 1537 2435 non
1553 2371 1731 2457 pertineat.

412 2467 545 2535 Meritis
560 2469 778 2557 probitatis...
1118 2551 1121 2563 ,

410 2573 490 2640 Dat.
505 2574 607 2641 Avin.
622 2573 776 2641 kalendis
790 2573 870 2639 maii
887 2594 978 2640 anno
994 2594 1024 2656 9.

397 2713 461 2775 Beg.
472 2715 519 2763 Ar.
535 2715 575 2773 23,
588 2713 607 2763 f.
623 2715 682 2762 454v
694 2713 770 2773 ;Vet.
785 2716 824 2773 79,
836 2713 855 2763 f.
870 2715 938 2775 315¹,
951 2728 978 2765 n.
993 2715 1065 2765 21³4.

412 2906 552 2990 1542.
1455 2943 1551 3006 1325,
1569 2943 1589 2987 2
1607 2925 1683 2992 moi.
1794 2973 1796 2976 .

409 3036 521 3119 Helie,
547 3040 659 3106 electo
684 3037 900 3120 Tomacensi,
928 3037 1119 3122 indulgetur
1144 3046 1182 3104 ut
1209 3040 1250 3103 ab
1274 3036 1428 3104 omnibus
1448 3036 1600 3122 personis
1623 3040 1729 3104 eccle-

359 3140 509 3207 siasticis
533 3141 567 3207 in
594 3143 662 3209 suis
684 3142 820 3209 civitate
847 3150 882 3207 et
909 3140 1032 3207 diocesi
1070 3140 1236 3208 beneficia
1272 3140 1515 3221 obtinentibus,
1546 3140 1727 3207 subsidium

358 3252 480 3331 petere
495 3246 617 3313 valeat.

409 3347 542 3415 Meritis
557 3357 658 3417 tue...

407 3451 486 3518 Dat.
501 3452 601 3519 Avin.
620 3457 637 3517 6
653 3473 733 3520 non.
749 3453 828 3520 maii
843 3474 934 3521 anno
951 3474 980 3536 9.
1460 3515 1465 3524 .

407 3553 448 3618 In
464 3575 493 3621 e.
508 3575 554 3622 m.
569 3555 703 3623 decano
728 3555 951 3623 Tomacensis
972 3564 1007 3622 et
1031 3554 1219 3622 Bertrando
1242 3552 1417 3634 Bonifacii,
1444 3553 1609 3620 canonico
1637 3553 1726 3620 Pari-

356 3656 480 3724 siensis
496 3660 722 3744 ecclesiarum,
739 3681 779 3728 ac
795 3659 929 3728 officiali
946 3658 1182 3728 Noviomensi.

392 3791 456 3852 Beg.
470 3791 519 3846 Av.
533 3793 572 3854 2³,
584 3793 603 3844 f.
620 3795 675 3853 107,
683 3794 744 3844 vat.
753 3795 791 3853 79,
803 3793 823 3844 f.
835 3796 886 3854 51¹,
897 3808 923 3843 n.
936 3795 1008 3845 1359.

407 4014 551 4101 1543.
1453 4048 1548 4112 1325,
1565 4048 1586 4092 2
1603 4029 1681 4093 mai.

405 4140 519 4222 Helie,
534 4143 646 4208 electo
661 4142 878 4225 Tomacensi,
894 4141 1074 4207 mandatur
1088 4148 1255 4226 quatenus
1271 4141 1304 4206 in
1321 4161 1362 4206 ea
1378 4149 1473 4227 parte
1490 4161 1548 4206 sue
1570 4138 1725 4220 diocesis,

357 4266 427 4331 que
443 4246 476 4310 in
493 4246 656 4312 comitatu
674 4246 831 4312 Flandrie
848 4245 1013 4325 consistit,
1030 4244 1247 4310 interdictum
1263 4244 1305 4310 ad
1321 4244 1494 4333 biennium
1510 4246 1677 4309 relaxetur
1692 4251 1727 4307 et

357 4349 453 4435 quod
468 4349 601 4414 interim
617 4349 819 4415 visitationis
835 4348 981 4415 officium
998 4368 1155 4414 exercere
1170 4347 1287 4434 possit.

406 4516 571 4582 «Dilecto
596 4516 665 4582 filio
694 4516 818 4602 Helye,
845 4517 955 4582 electo
976 4514 1195 4597 Tomacensi,
1219 4516 1373 4580 salutem.
1401 4512 1567 4602 Ex[imie]
1597 4522 1655 4580 tue
1671 4515 1728 4581 de-

356 4620 509 4687 votionis
524 4621 698 4687 sinceritas
714 4629 750 4686 et
772 4622 881 4686 cultus
896 4620 1040 4700 divinus,
1065 4620 1097 4684 in
1114 4640 1181 4704 quo
1196 4619 1352 4706 profecto
1373 4621 1460 4684 salus
1476 4618 1585 4704 agitur
1600 4620 1728 4684 anima-

356 4746 445 4805 rum,
461 4724 703 4791 rationabiliter
725 4725 864 4811 exigunt
889 4732 926 4789 ut
953 4724 985 4788 in
1013 4723 1076 4788 hiis
1104 4743 1168 4807 que
1194 4723 1248 4810 pie
1271 4725 1422 4809 postulas
1445 4722 1566 4788 Sedem
1593 4731 1727 4807 aposto-

357 4829 460 4895 licam
484 4828 664 4915 propitiam
689 4829 835 4914 reperias
870 4836 905 4893 et
942 4828 1133 4912 benignam.
1173 4826 1332 4892 Exhibita
1356 4826 1521 4910 siquidem
1549 4826 1646 4892 nobis
1670 4834 1727 4892 tua

358 4933 481 5022 petitio
497 4933 693 4998 continebat
709 4933 800 5018 quod
815 4953 876 5019 pro
903 4953 944 4997 eo
971 4931 1061 5017 quod
1077 4930 1160 4995 olim
1183 4930 1363 4996 comitatus
1391 4929 1547 4995 Flandrie
1562 4932 1727 5016 perbone

358 5036 523 5103 memorie
540 5036 733 5118 Nicolaum,
750 5037 838 5102 tituli
854 5035 885 5101 S.
901 5035 1033 5102 Eusebii
1049 5034 1272 5121 presbiterum
1285 5033 1501 5114 cardinalem,
1517 5041 1599 5099 tunc
1615 5035 1647 5098 in
1664 5034 1727 5099 illis

357 5141 511 5231 partibus
525 5140 710 5227 apostolice
726 5140 821 5207 Sedis
835 5139 1003 5221 nuntium,
1016 5147 1051 5205 et
1062 5138 1259 5218 Roberturn,
1276 5137 1565 5224 archiepiscopum
1582 5136 1727 5203 Remen-
