4409 6017
903 717 1051 784 Premiere
1072 718 1175 783 auree.
1680 722 1720 787 29

362 869 477 945 gentes
492 863 579 948 regis
596 887 614 929 r
630 886 693 952 pro
707 866 803 932 libito
821 868 971 934 nitantur
990 867 1163 953 imponere
1184 867 1274 951 quod
1292 889 1422 953 pannos
1444 877 1479 934 et
1498 891 1624 936 merces
1641 872 1721 938 alias

363 985 473 1032 emere
488 966 522 1031 in
543 969 707 1035 comitatu
732 969 925 1036 Flandrcusi
947 979 982 1036 et
1004 970 1179 1036 extrahere
1199 970 1320 1036 abinde
1339 981 1456 1037 contra
1475 973 1720 1040 ordinationem

364 1067 484 1152 regiam
501 1071 549 1155 (¹)
565 1084 847 1159 presumpserunt,
864 1081 899 1139 et
913 1081 1091 1160 propterea
1102 1074 1176 1139 illos
1192 1073 1262 1139 sine
1278 1095 1376 1140 cause
1391 1075 1582 1159 cognitione
1598 1089 1722 1145 vexent

364 1170 520 1256 indebite,
547 1196 707 1261 personas
733 1178 923 1244 detinentes
950 1198 1077 1243 eorum
1092 1185 1127 1244 et
1157 1177 1199 1243 ad
1229 1180 1319 1244 bona
1349 1181 1573 1266 occupatrices
1603 1203 1721 1249 manus

362 1276 583 1344 extendentes
598 1280 719 1365 injuste
736 1304 765 1347 n.

404 1378 455 1444 Ea
471 1382 569 1447 nobis
584 1392 679 1450 est...

400 1482 481 1549 Dat.
493 1486 583 1571 apud
593 1486 1131 1570 Castrumnovum,Avinionensis
1140 1490 1291 1571 diocesis
1300 1492 1318 1556 8
1328 1490 1546 1557 kal.octobris
1556 1492 1661 1580 [anno
1675 1494 1720 1582 1].

391 1634 453 1696 lle-g.
466 1636 527 1689 l'al.
544 1641 597 1699 lus,
609 1641 627 1689 i.
643 1643 679 1700 16,
692 1658 717 1690 n.
729 1645 767 1691 111.
780 1672 812 1678 -
824 1645 931 1696 (loulon.
943 1660 969 1692 n.
981 1647 1012 1692 37
1025 1645 1131 1706 (texte).

399 1824 485 1907 96.
1321 1840 1424 1923 1316,Ι
1432 1860 1452 1903 2
1455 1858 1476 1925 7
1490 1844 1677 1929 septembre.

399 1939 551 2017 Johanni
573 1940 756 2026 Scriptoris,
775 1962 938 2008 converso
962 1941 1154 2007 monasterii
1184 1940 1258 2028 [de]
1278 1941 1474 2025 Clermares,
1494 1942 1721 2011 Cisterciensis

354 2043 494 2126 ordinis,
511 2042 715 2109 Morinensis
729 2044 879 2126 diocesis,
896 2044 1091 2111 conceditur
1105 2045 1280 2111 translatio
1296 2067 1337 2110 ex
1353 2046 1445 2112 dicto
1460 2050 1664 2115 monasterio
1679 2050 1722 2115 ad

355 2148 602 2215 monasterium
618 2148 708 2214 beati
731 2147 932 2214 Launomari
957 2149 999 2214 de
1025 2147 1140 2229 Blesis,
1157 2149 1199 2214 Ο.
1223 2149 1254 2214 S.
1277 2148 1326 2230 B.,
1343 2148 1556 2216 Carnotensis
1570 2151 1720 2233 diocesis,

355 2252 630 2318 consideratione
645 2250 808 2317 Guidonis
823 2253 865 2318 de
882 2252 1097 2333 Castellione,
1117 2253 1249 2318 comitis
1265 2252 1431 2319 Blesensis
1447 2254 1461 2337 (
1479 2254 1503 2336 ).

401 2354 476 2420 'sue
492 2355 725 2420 devotionis...

403 2457 483 2522 Dat.
499 2457 589 2544 apud
602 2456 893 2539 Castrumnovum,
906 2459 1146 2526 Avinionensis
1158 2459 1308 2539 diocesis
1323 2480 1338 2543 5
1354 2458 1419 2524 kal.
1432 2461 1577 2525 octobris
1586 2482 1675 2526 anno
1696 2482 1722 2527 1.

392 2611 455 2672 Ηυξ.
468 2613 516 2658 Ar.
530 2613 551 2670 3,
565 2611 583 2658 i.
596 2613 642 2659 ³09
654 2628 659 2667 ;
673 2610 730 2659 Vnt.
743 2614 782 2666 63,
794 2613 812 2659 1.
828 2615 880 2668 195,
892 2628 917 2660 n.
930 2616 977 2661 61111
990 2615 1013 2661 b.

400 2790 482 2874 97.
1321 2803 1417 2887 1316,
1432 2822 1476 2889 27
1490 2807 1678 2893 septembre.

403 2906 569 2994 Magistro
594 2906 743 2972 Guerino
769 2908 811 2973 de
836 2907 987 2990 Tilleriis,
1014 2906 1166 2994 scriptori
1191 2927 1289 2994 pape,
1315 2907 1483 2973 confertur
1506 2908 1721 2974 canonicatus

355 3012 499 3078 ecclesie
518 3010 737 3093 Ebroicensis,
754 3014 814 3076 sub
832 3011 1067 3097 expectatione
1090 3010 1270 3096 prebende,
1296 3030 1364 3074 non
1389 3012 1545 3076 obstante
1569 3011 1659 3096 quod
1679 3012 1722 3077 de

357 3115 547 3181 Buxeroliis
562 3123 596 3180 et
612 3114 654 3179 de
672 3112 840 3179 Halivella
862 3114 1084 3199 parrochiales
1105 3112 1270 3193 ecclesiae,
1291 3133 1330 3178 ac
1349 3113 1584 3179 canonicatum
1600 3122 1634 3178 et
1649 3134 1722 3198 pre·

356 3218 505 3284 bendam
522 3217 662 3283 ecclesie
680 3215 868 3298 Furnensis,
882 3217 1101 3302 Lingonensis
1116 3237 1156 3282 ac
1172 3214 1374 3281 Morinensis
1388 3216 1568 3297 diocesum,
1582 3217 1721 3281 obtinet.

403 3320 509 3387 Grata
524 3319 631 3386 nobis.
640 3372 663 3386 ..

403 3425 483 3491 Dat.
500 3424 589 3509 apud
605 3423 896 3504 Castrumnovum,
912 3421 1148 3488 Aviuionensis
1162 3420 1312 3502 diocesis,
1325 3441 1341 3506 5
1353 3421 1418 3488 kal.
1429 3422 1574 3487 octobris
1589 3443 1679 3487 anno
1696 3443 1721 3488 1.

404 3528 446 3594 In
470 3550 500 3594 e.
517 3549 561 3592 m.
578 3527 688 3592 abbati
713 3527 904 3592 monasterii
928 3528 960 3592 S.
983 3526 1118 3591 Taurini
1143 3525 1353 3591 Ebroicensis
1376 3535 1410 3591 et
1434 3526 1596 3610 magistris
1620 3526 1722 3591 Petro

361 3631 473 3713 Fabri,
489 3629 712 3711 Belvacensis,
732 3651 817 3715 pape
836 3632 1019 3715 capellano,
1041 3650 1080 3695 ac
1100 3627 1259 3693 Michaeli
1280 3626 1511 3710 Mauconduit,
1533 3628 1724 3694 Parisiensis

360 3735 576 3801 ecclesiarum
593 3733 770 3799 canonicis.

394 3887 456 3949 neg.
468 3889 517 3935 xv.
530 3889 552 3936 1.
564 3888 583 3936 r.
597 3889 657 3943 um
671 3886 730 3934 rat.
743 3887 781 3943 sa,
794 3884 812 3933 r.
825 3887 880 3943 291,
893 3900 917 3932 ιι.
930 3886 985 3932 921.

405 4069 488 4153 98.
1324 4076 1418 4156 1316,
1433 4092 1477 4159 27
1491 4078 1680 4161 septembre.

407 4178 554 4245 Guidoni
581 4176 623 4241 de
648 4174 860 4252 Castellione,
877 4171 1002 4252 comiti,
1019 4179 1054 4236 et
1080 4170 1278 4256 Margarete,
1304 4171 1373 4254 eius
1399 4171 1540 4255 conjugi,
1557 4171 1724 4236 comitisse

367 4282 525 4361 Blesensi,
547 4279 735 4364 indulgetur
756 4286 792 4341 ut
814 4276 847 4339 in
867 4275 948 4340 locis
970 4274 1194 4340 ecclesiastico
1215 4272 1393 4358 suppositis
1414 4272 1592 4338 interdicto
1613 4274 1725 4340 divina

368 4385 474 4451 officia
490 4381 648 4451 celebrari
665 4380 771 4446 iacere
787 4380 931 4443 valeant.

409 4486 610 4553 Devotionis
625 4491 778 4550 vestre...

409 4592 487 4657 Dat.
503 4588 593 4676 apud
609 4586 899 4664 Castmmnorum,
915 4581 1151 4647 Avinionensis
1166 4580 1317 4646 diocesis,
1330 4600 1346 4665 5
1358 4580 1423 4646 kal.
1435 4579 1580 4645 octobris
1595 4601 1685 4646 auno
1699 4600 1725 4646 1.

398 4745 457 4805 nug.
470 4746 518 4792 xv.
531 4745 554 4800 a,
567 4742 585 4789 r.
598 4743 671 4797 ausu
684 4739 743 4786 rat.
756 4741 794 4798 os,
808 4739 825 4785 r.
841 4740 904 4795 rosv,
918 4751 942 4784 n.
956 4739 1003 4784 ooo
1015 4751 1036 4783 c.

713 4891 791 4897 -ρ-
812 4889 1008 4896 ———-—.-—-
1027 4887 1064 4893 ..-

373 4900 452 4907 ...-

401 4995 421 5042 l.
434 4995 472 5041 Cf.
486 4990 669 5040 l'o'rdonnance
680 4989 713 5035 de
728 4988 803 5034 louis
815 4987 849 5044 X,
862 4985 897 5032 du
913 4987 940 5031 11
953 4983 1040 5045 juillet
1055 4986 1115 5031 1315
1128 4983 1243 5045 (ltymer,
1260 4981 1372 5029 Foedera
1386 4982 1437 5043 (ul.
1452 4983 1532 5043 1727),
1546 4987 1564 5030 t.
1578 4981 1626 5031 111.
1635 4997 1658 5044 p.
1668 4984 1727 5043 525)

372 5082 393 5120 et
405 5075 467 5122 culli»
477 5073 514 5120 du
533 5076 546 5120 7
564 5072 627 5119 noilt
645 5071 706 5118 1315
725 5066 923 5129 (Ordourmueer
934 5065 978 5113 dee
989 5066 1041 5113 ruis·
1052 5063 1084 5111 de
1096 5064 1197 5111 Ferrum
1209 5061 1239 5109 de
1250 5062 1275 5109 ln
1289 5062 1415 5110 1111111111(
1432 5078 1497 5116 rece,
1509 5066 1528 5110 t.
1542 5063 1562 5120 1,
1574 5076 1598 5124 p.
1611 5064 1678 5124 605).
1696 5090 1728 5097 —

373 5159 393 5202 2.
405 5157 454 5202 Gui
467 5154 503 5201 lv
515 5153 548 5200 dc
561 5151 701 5208 Chdtillon,
713 5157 797 5195 conue
808 5147 840 5195 <le
853 5147 984 5194 saint-Pol
997 5146 1169 5206 (leur-1317).
