4409 6017
503 703 564 769 294
1036 701 1194 769 Troisibne
1215 704 1318 768 anue‘e.

546 852 661 935 706.
1572 890 1669 955 1319,
1680 890 1708 953 3
1723 872 1823 936 avril.

545 972 564 1050 J
568 971 692 1038 ohanni
708 970 799 1038 dicto
815 968 958 1052 Corbeil,
974 970 1095 1036 clerico
1110 969 1331 1036 Tomacensis
1349 970 1499 1050 diocesis,
1508 981 1700 1039 reservatur
1715 972 1861 1040 officium

501 1075 652 1144 custodie
668 1078 723 1158 (60
738 1075 794 1139 lib.
809 1081 863 1138 tur
886 1074 993 1160 parv.)
1015 1074 1058 1140 ad
1082 1074 1299 1140 collationem
1321 1074 1452 1141 abbatis
1469 1084 1504 1141 et
1519 1086 1710 1143 conventus
1733 1098 1860 1143 monas·
1904 1104 1907 1223 p

500 1180 574 1246 terii
591 1179 622 1245 S.
640 1177 729 1243 Petri
745 1177 941 1256 Gandensis
952 1176 994 1242 0.
1008 1178 1039 1242 S.
1052 1175 1101 1259 Β,
1111 1178 1333 1245 Tornacensis
1348 1178 1499 1262 diocesis,
1514 1180 1548 1245 in
1564 1179 1802 1248 Gandensibus
1813 1184 1861 1246 vel
1906 1239 1907 1243 ,

501 1286 532 1351 S.
550 1285 639 1351 Petri
665 1292 759 1350 extra
783 1303 895 1348 muros
919 1282 1108 1350 Gandensis
1132 1283 1291 1366 ecclesiis,
1314 1284 1404 1351 dicte
1428 1285 1580 1368 diocesis,
1595 1286 1861 1354 consideratione
1905 1265 1907 1356 l

504 1389 659 1475 Philippi,
676 1387 761 1472 regis
779 1386 929 1452 Francie.

545 1492 622 1557 Vite
637 1512 677 1558 ac
691 1513 863 1558 morum...

547 1597 624 1662 Dat.
639 1595 739 1661 Avin.
758 1617 775 1681 3
791 1617 871 1662 non.
887 1595 999 1682 aprilis
1014 1617 1103 1661 anno
1121 1617 1150 1681 3.

546 1699 584 1765 Iu
602 1721 631 1765 e.
648 1721 692 1766 m.
710 1705 874 1787 utsupra,
891 1723 922 1766 n.
940 1717 1012 1783 703.

536 1839 595 1899 llcg.
606 1841 654 1889 Ar.
670 1840 708 1895 12,
722 1838 741 1886 1.
755 1840 831 1890 323”;
845 1838 903 1887 Vnt..
916 1841 954 1890 tttt,
967 1839 1049 1898 13111,
1062 1854 1086 1887 n.
1100 1841 1170 1887 1227.

545 1997 660 2081 707.
1271 2050 1274 2054 ·
1573 2035 1670 2102 1319,
1681 2037 1709 2100 3
1724 2018 1825 2083 avril.

547 2115 666 2200 Egidio
689 2116 781 2181 dicto
805 2115 978 2202 Rynvisch
1001 2116 1170 2183 confertur
1202 2118 1419 2184 canonicatus
1441 2118 1582 2184 ecclesie
1605 2119 1637 2185 S.
1663 2120 1759 2186 Pauli
1783 2120 1867 2187 Leo-

503 2219 635 2300 diensis,
660 2221 720 2285 sub
743 2220 979 2305 expectatione
1000 2221 1180 2307 prebende,
1197 2221 1464 2289 consideratione
1488 2222 1646 2312 Philippi,
1663 2225 1754 2311 regis
1773 2224 1873 2290 Fran·

505 2345 565 2390 cre.

547 2427 623 2493 Vite
639 2448 864 2494 aemorum...

550 2532 629 2597 Dat.
652 2532 751 2596 Avin.
770 2553 787 2617 3
804 2553 884 2598 non.
901 2534 1014 2619 aprilis
1028 2554 1119 2599 anno
1137 2554 1166 2618 3.

547 2635 587 2700 ln
604 2657 632 2701 e.
649 2657 693 2701 nr.
711 2643 874 2724 utsupra,
890 2661 922 2704 u.
940 2655 1012 2722 703.

536 2776 598 2835 lleg.¹
610 2777 656 2822 rlv.
672 2775 736 2831 12,1.
749 2778 825 2823 artri:
839 2775 896 2823 Vnt..
910 2777 1046 2832 611383,
1060 2792 1084 2825 n.
1099 2778 1168 2825 1215.

550 2942 666 3024 708.
1575 2974 1673 3039 1319,
1683 2974 1710 3035 3
1725 2955 1828 3020 avrel.

550 3061 693 3127 Nicolao
709 3062 751 3127 de
768 3061 862 3126 Valle
878 3061 1046 3127 confertur
1062 3062 1278 3127 canonicatus
1303 3060 1444 3126 ecclesie
1461 3060 1492 3126 S.
1511 3058 1654 3125 Servatii
1670 3057 1869 3144 Trajecten·

505 3166 558 3246 εἰς,
576 3165 771 3230 Leodiensis
789 3166 940 3248 diocesis,
962 3168 1023 3230 sub
1044 3165 1281 3250 expectatione
1300 3163 1479 3250 prebende,
1504 3162 1778 3229 consideratione
1795 3163 1870 3228 Phi-

506 3269 597 3354 lippi,
614 3270 698 3354 regis
716 3269 864 3350 Francie,
886 3290 954 3333 non
981 3272 1137 3334 obstante
1161 3269 1250 3354 qnod
1277 3268 1513 3334 canonicatum
1540 3266 1681 3332 ecclesie
1704 3264 1743 3331 B.
1762 3264 1870 3332 Marie

507 3370 693 3456 BrugensiS,
710 3372 931 3437 Tornacensis
947 3373 1097 3454 diocesis
1114 3375 1175 3438 sub
1191 3372 1427 3459 expectatione
1443 3369 1611 3457 prebende
1628 3369 1774 3437 obtinet.

552 3475 746 3542 Laudabilia
761 3486 859 3541 tue...

550 3581 628 3646 Dat.
644 3582 744 3645 Δ11111.
763 3602 779 3664 3
798 3601 875 3645 non.
892 3581 1003 3666 aprilis
1018 3600 1108 3645 antro
1125 3600 1154 3663 3.

551 3684 589 3749 In
607 3709 635 3749 e.
653 3706 696 3750 nr.
715 3694 749 3749 ut
764 3692 877 3769 11111111,
894 3708 925 3750 u.
944 3703 983 3767 70
983 3705 1015 3767 3.

541 3824 661 3879 1113111.
677 3825 713 3880 12,
727 3823 743 3869 l.
758 3827 803 3869 2155
818 3839 822 3869 :
838 3822 976 3881 11111111.
991 3824 1045 3871 3⁸3,
1058 3837 1082 3869 n.
1098 3824 1167 3869 1216.

551 3981 666 4063 709-
1579 4014 1674 4080 1319,
1686 4016 1712 4077 3
1727 3998 1830 4063 avril.

552 4097 715 4184 Magistro
743 4098 880 4183 Synroni
908 4097 1055 4182 Veyreti,
1072 4099 1242 4183 utriusque
1264 4099 1345 4183 juris
1369 4098 1556 4184 professori,
1583 4098 1804 4166 conferuntur
1830 4101 1872 4167 dc

506 4224 596 4268 novo
623 4202 839 4267 canonicatus
867 4210 900 4265 et
931 4202 1067 4267 dimidia
1093 4202 1263 4287 prebenda
1278 4202 1418 4267 ecclesie
1435 4201 1610 4267 Remensis
1634 4212 1798 4270 vacantes
1812 4226 1872 4291 per

506 4308 634 4371 obitum
672 4306 863 4391 Heyrnonis
886 4305 928 4370 de
961 4304 1137 4385 Clraciaco,
1164 4327 1240 4371 cunr
1265 4327 1306 4369 ex
1331 4306 1429 4391 priori
1458 4305 1638 4371 collatione
1663 4307 1710 4390 (1
1740 4310 1870 4374 nullum

507 4410 686 4477 comodum
702 4411 862 4483 retulerit,
880 4409 956 4493 quia
972 4409 1005 4473 in
1022 4430 1062 4473 ea
1077 4410 1120 4473 de
1145 4410 1202 4474 lite
1218 4409 1445 4475 interdictum
1464 4409 1683 4493 Heynronem
1699 4419 1735 4476 et
1751 4414 1870 4498 magis-

507 4526 594 4580 trurn
609 4515 790 4599 Hngouern
802 4515 843 4579 de
859 4513 877 4592 J
883 4514 990 4578 uliaco
1000 4534 1098 4598 super
1111 4513 1180 4598 ipsa
1192 4513 1328 4579 dimidia
1344 4514 1513 4599 prebenda
1529 4513 1620 4578 nulla
1635 4514 1767 4581 mentio
1783 4515 1869 4581 facta

508 4621 622 4700 iuerat,
647 4641 714 4683 non
738 4623 893 4684 obstante
917 4618 1007 4702 quod
1030 4617 1120 4682 idem
1143 4618 1269 4703 Symon
1293 4618 1326 4682 in
1351 4618 1382 4682 S.
1406 4617 1557 4701 Quintini
1582 4618 1615 4682 in
1643 4617 1867 4696 Viromandia,

508 4727 542 4790 ὃ.
568 4725 746 4789 Salvatoris
768 4724 810 4787 dc
831 4724 862 4788 S.
889 4723 992 4787 Paulo
1012 4731 1046 4786 et
1068 4722 1098 4786 S.
1127 4721 1308 4786 Audonrari
1333 4721 1374 4786 de
1399 4720 1527 4787 Lileriis
1553 4721 1712 4803 ecclesiis,
1740 4721 1866 4789 Novio

506 4830 629 4894 niensis
652 4838 686 4892 et
710 4826 911 4893 Mutinensis
934 4826 1116 4905 diocesurn,
1133 4825 1349 4890 canonicatus
1372 4834 1406 4889 et
1422 4826 1607 4910 prebendas
1623 4828 1767 4894 obtinet.

552 4931 687 4996 Drulurn
703 4931 896 4995 volentes..

810 5083 913 5089 --.-
927 5082 1213 5090 ———-———

541 5163 560 5207 l.
582 5161 642 5220 l'oy.
655 5175 682 5207 n.
695 5160 750 5205 1123.
