4409 6017
500 702 557 767 170
1038 703 1195 770 Deuxieme
1215 706 1317 772 annfe.

503 852 679 917 Dominice
696 873 755 937 per
769 850 895 935 aliquas
910 859 945 916 et
971 872 1031 937 per
1054 853 1136 918 alias
1164 854 1244 919 certi
1269 855 1395 920 tenoris
1419 854 1546 920 litteras
1570 875 1678 939 usque
1701 854 1746 920 ad
1763 874 1861 919 unum

501 977 624 1023 annum
635 955 843 1039 interregem
856 964 890 1021 et
904 953 932 1019 F
933 956 1095 1040 lamingos
1105 957 1241 1023 eosdem
1251 957 1456 1044 providimus
1466 958 1660 1025 indicendas
1670 958 1863 1043 (¹).Qurbus

504 1059 660 1144 equidem
674 1059 793 1124 litteris
819 1058 1052 1144 recipiendisa
1076 1061 1184 1125 latore
1207 1062 1424 1146 presentium,
1442 1061 1468 1126 si
1491 1069 1526 1126 et
1550 1070 1652 1148 prout
1679 1062 1773 1128 dicto
1799 1061 1862 1144 regi

502 1162 677 1242 videbitur,
690 1164 785 1247 juxta
800 1162 845 1227 rei
862 1162 1063 1247 exigentiam
1080 1164 1127 1228 uti
1144 1165 1296 1249 poteritis
1313 1164 1355 1229 de
1379 1165 1480 1249 ipsius
1496 1165 1715 1230 conniventia
1738 1166 1794 1230 vel
1809 1186 1863 1229 sue

503 1266 716 1351 beneplacito
731 1265 923 1331 voluntatis.
942 1265 986 1330 Et
1009 1268 1034 1331 si
1062 1275 1196 1352 tempus
1220 1267 1414 1332 indictionis
1437 1267 1588 1353 predicte
1612 1268 1713 1334 nimis
1739 1276 1861 1334 arctum
1906 1289 1907 1293 ¹

504 1372 558 1434 vel
574 1369 710 1435 forsitan
727 1369 824 1433 nimis
839 1371 976 1453 longum
993 1370 1101 1434 visum
1125 1370 1284 1450 extiterit,
1301 1390 1362 1435 vos
1378 1370 1421 1435 de
1447 1372 1674 1452 conniventia,
1691 1379 1730 1437 ut
1746 1370 1861 1456 prefer-

504 1481 567 1554 tur,
584 1493 642 1538 seu
656 1472 869 1558 beneplacito
884 1472 963 1538 dicti
981 1473 1066 1556 regis
1082 1494 1124 1537 ex
1139 1482 1311 1559 potestate
1327 1495 1425 1559 super
1440 1474 1506 1541 hoc
1515 1476 1612 1540 vobis
1620 1475 1711 1555 data,
1722 1475 1767 1541 de
1779 1494 1862 1539 novo
1898 1451 1902 1464 ¹

505 1576 659 1643 valebitis
675 1583 807 1659 treugas
823 1576 968 1641 indicere
983 1577 1027 1641 ad
1042 1586 1176 1662 tempus
1192 1577 1233 1642 de
1250 1598 1316 1661 quo
1331 1577 1498 1643 videbitur
1518 1578 1687 1664 expedire,
1703 1577 1860 1643 inducturi

503 1681 641 1745 solerter
650 1699 762 1761 regem
775 1688 809 1743 et
822 1677 1014 1763 Flamingos
1024 1679 1171 1759 eosdem,
1180 1680 1298 1764 quibus
1310 1701 1408 1765 super
1419 1681 1484 1747 hoc
1494 1682 1667 1747 scribimus
1678 1681 1779 1765 (²),ut
1788 1680 1861 1745 infra

503 1793 636 1868 tempus
651 1790 839 1866 treugarum
856 1783 998 1868 ipsarum
1024 1784 1158 1847 nuntios
1181 1783 1385 1849 sufficienter
1409 1784 1590 1850 instructos
1611 1804 1652 1850 ac
1678 1784 1723 1849 ad
1750 1804 1860 1868 eaque

504 1885 625 1951 fuerint
635 1885 814 1951 concordie
825 1885 996 1950 solidande
1009 1893 1177 1971 oportuna
1187 1887 1325 1970 negotio
1335 1890 1472 1973 plenum
1482 1887 1679 1953 mandatum
1690 1887 1857 1964 habentes,

503 1988 546 2053 ad
562 1989 764 2073 presentiam
780 1998 927 2053 nostram
944 1990 1091 2068 mittant,
1109 2010 1184 2054 cum
1202 1989 1329 2073 quibus,
1346 1990 1515 2074 quibusvis
1529 1991 1752 2076 pretermissis
1771 2011 1860 2075 agen·
1893 2021 1907 2250 q

504 2091 564 2171 dis,
581 2092 685 2177 parati
701 2093 822 2156 erimus
840 2092 926 2156 circa
941 2091 1214 2157 reformationem
1231 2101 1265 2156 et
1285 2087 1521 2158 solidationem
1544 2094 1636 2179 pacis
1660 2094 1811 2160 insistere
1832 2102 1861 2157 et

505 2195 592 2259 circa
615 2195 855 2280 perfectionem
881 2194 1129 2260 reformationis
1155 2205 1190 2259 et
1214 2196 1421 2262 solidationis
1447 2196 1636 2282 hujusmodi
1664 2197 1806 2262 fideliter
1830 2206 1859 2260 et

501 2297 685 2393 „efficaciter
709 2300 868 2378 laborare,
893 2307 1066 2384 sperantes
1091 2299 1125 2362 in
1149 2298 1240 2383 Rege
1265 2300 1406 2385 pacifico
1427 2300 1518 2384 quod
1541 2300 1566 2365 si
1590 2310 1706 2386 partes
1731 2300 1860 2365 obedire
1898 2287 1907 2466 ι

505 2402 671 2467 voluerint
696 2402 828 2482 rationi,
852 2422 917 2487 pax
941 2401 1078 2466 demum
1104 2402 1188 2465 inter
1213 2402 1300 2487 ipsas
1325 2402 1483 2468 adveniat
1510 2404 1637 2469 mundo
1666 2405 1767 2484 utilis,
1794 2403 1860 2467 Deo

506 2513 609 2589 grata.
627 2504 793 2588 Quicquid
808 2505 952 2589 denique
968 2525 1067 2590 super
1082 2504 1145 2570 hiis
1160 2505 1305 2571 feceritis
1321 2513 1356 2571 et
1382 2506 1571 2572 successive
1598 2507 1785 2592 continget,
1802 2527 1861 2571 res-

505 2608 633 2673 cribere
674 2608 770 2687 nobis
808 2611 932 2692 absque
959 2629 1051 2672 more
1076 2608 1251 2693 dispendio
1277 2611 1466 2674 nullatenus
1491 2610 1668 2676 omittatis.
1686 2611 1765 2676 Dat.
1789 2609 1862 2694 4id.

511 2712 713 2777 novembris.
730 2733 748 2774 11

542 2849 603 2911 ch.
616 2850 675 2897 l'at.
690 2851 742 2908 no,
752 2863 811 2911 pars
823 2850 843 2903 1,
857 2850 965 2908 1.12’,11.
977 2851 1029 2898 133.
1038 2878 1070 2884 -
1082 2850 1189 2908 Goulon,
1202 2864 1227 2899 n.
1240 2851 1283 2897 111
1301 2850 1406 2913 (texte).

554 3037 670 3119 457.
1436 3046 1568 3133 [1317]‚
1587 3066 1627 3111 ro
1644 3048 1828 3111 novembre.

554 3155 718 3241 Philippo,
729 3155 796 3238 regi
807 3153 957 3235 Fronde,
969 3154 1121 3218 scribitur
1136 3153 1179 3218 de
1195 3153 1331 3236 negotio
1347 3150 1443 3218 castri
1456 3151 1498 3217 de
1515 3150 1677 3230 Cassello,
1687 3149 1731 3214 de
1747 3150 1868 3234 treugis

510 3258 694 3323 indicendis
710 3257 798 3322 etde
814 3258 939 3323 nuntiis
955 3257 998 3322 ad
1014 3256 1147 3321 Curiam
1163 3277 1224 3342 pro
1234 3276 1317 3341 pace
1333 3254 1506 3320 tractanda
1521 3252 1705 3318 mittendis.

556 3466 572 3504 u
591 3442 768 3507 Carissimo
785 3442 817 3505 in
835 3441 969 3506 Christo
996 3442 1064 3505 filio
1082 3440 1247 3526 Philippo,
1264 3440 1332 3523 regi
1350 3438 1490 3503 Francie
1515 3445 1550 3502 et
1567 3435 1719 3502 Navarre
1742 3435 1869 3501 illustri.

511 3547 797 3631 Supponebarnus,
825 3544 992 3610 carissime
1018 3545 1074 3624 1111,
1103 3566 1179 3609 cum
1204 3544 1325 3627 gaudio
1349 3551 1383 3607 et
1408 3541 1629 3607 verisimiliter
1656 3541 1871 3626 sperabamus

510 3649 601 3734 quod
618 3649 689 3714 Rex
706 3650 760 3713 ille
776 3649 943 3734 pacificus,
960 3649 1052 3732 cujus
1068 3649 1100 3711 in
1118 3668 1201 3732 pace
1217 3647 1325 3712 factus
1340 3655 1391 3711 est
1408 3648 1510 3724 locuS,
1526 3646 1575 3709 sic
1590 3643 1756 3728 tetigisset
1772 3642 1872 3708 corda

512 3752 765 3817 Flandrensinm
783 3760 818 3816 nt
834 3773 893 3837 per
908 3752 1043 3817 semitas
1059 3752 1150 3836 pacis
1162 3753 1289 3814 vellent
1300 3749 1456 3815 incedere
1469 3750 1565 3833 juxta
1577 3748 1750 3812 verbalem
1759 3766 1872 3831 prose·

510 3857 682 3922 cutionem
698 3876 823 3933 eorum,
839 3864 976 3941 propter
992 3855 1081 3939 quod
1097 3855 1194 3919 nobis
1210 3875 1278 3919 non
1296 3854 1378 3918 levis
1395 3873 1529 3918 causam
1544 3850 1775 3916 admirationis
1792 3849 1873 3933 inje-

512 3960 558 4026 cit
573 3971 586 3993 1
601 3960 713 4025 dilecti
730 3959 786 4023 filii
802 3960 950 4042 magistri
968 3959 1133 4044 Radulphi
1150 3958 1192 4023 de
1209 3957 1355 4036 PerelliS,
1372 3955 1547 4021 consiliarii
1565 3954 1625 4034 tui,
1642 3953 1731 4019 facta
1754 3952 1874 4017 relatio

513 4063 603 4147 quod
620 4062 841 4128 Flandrenses
857 4063 916 4148 ipsi
928 4063 1014 4127 circa
1029 4071 1174 4128 castrum
1192 4060 1328 4126 Casselli
1357 4080 1446 4124 nnnc
1461 4066 1583 4144 petunt
1601 4057 1712 4140 aliqua
1729 4056 1799 4120 fieri
1817 4076 1875 4141 per

514 4189 588 4251 que,
605 4187 681 4231 cum
696 4175 754 4232 aut
770 4166 959 4231 indecentia
975 4175 1032 4231 aut
1049 4165 1147 4230 nimis
1163 4165 1310 4230 difficilia
1336 4164 1498 4240 dicantur,
1515 4184 1535 4227 a
1557 4161 1671 4226 multis
1693 4160 1877 4226 creduntur

515 4271 725 4337 occasionem
742 4292 878 4354 querere
894 4293 913 4335 a
929 4270 1134 4355 perfectione
1151 4277 1185 4333 et
1201 4268 1400 4333 solidatione
1416 4274 1559 4331 tractate
1575 4264 1757 4330 concordie
1770 4263 1876 4328 diver·

514 4373 618 4439 tendi.
636 4373 748 4451 Porro,
776 4373 1002 4438 amantissime
1028 4372 1082 4451 1111,
1109 4393 1170 4437 nec
1195 4380 1373 4457 propterea
1398 4367 1619 4454 rumpendum
1645 4388 1718 4432 esse
1746 4367 1878 4432 videtur

515 4499 591 4545 cum
609 4476 789 4560 Flamingis
805 4477 940 4556 eisdem,
958 4476 1037 4560 quin
1053 4476 1164 4560 potius
1181 4475 1362 4560 expediens
1384 4481 1540 4559 putamus
1563 4481 1597 4535 et
1614 4470 1696 4535 utile
1712 4479 1750 4536 ut
1773 4478 1827 4534 tot
1844 4478 1877 4533 et

515 4591 620 4660 tanta,
629 4581 723 4665 juxta
735 4581 899 4645 rationem
910 4588 944 4644 et
957 4579 1112 4644 decentie
1123 4578 1240 4663 regalis
1250 4579 1468 4656 lronorern,ex
1479 4584 1573 4661 parte
1590 4583 1647 4639 tua
1665 4573 1765 4640 facias
1782 4574 1830 4638 eis
1845 4573 1876 4637 in

549 4818 574 4850 a.
587 4804 689 4851 incenit
703 4817 754 4864 inq.

526 4998 566 5006 ιι,
595 4998 667 5004 ——-
695 4995 1215 5004 -..-—---..--.—..-..-..

554 5145 574 5191 l.
588 5142 651 5205 Voy.
664 5152 701 5190 11⁰*
714 5144 760 5189 452
772 5150 795 5189 ct
811 5142 908 5189 151.-
921 5143 945 5189 2.
957 5138 1021 5201 Voy.
1034 5148 1069 5185 11⁰·
1082 5139 1135 5195 1511,
1150 5137 1194 5183 151
1208 5141 1231 5183 ct
1247 5138 1300 5183 157.
