4409 6017
419 664 484 732 408
972 662 1098 731 8111101110
1119 665 1221 731 30060.

465 810 609 895 1078.
1501 853 1601 916 1333,
1617 840 1745 915 500121.

463 929 591 995 Simoni
607 929 842 1013 clarembaldi,
857 932 1011 1013 diacono,
1022 931 1145 998 rectori
1160 933 1376 1018 parrochialis
1384 936 1527 1002 ecclesie
1542 936 1589 1003 de
1605 937 1778 1025 Doegnies,

420 1031 671 1100 Cameracensis
686 1035 837 1118 diocesis,
853 1037 1042 1122 indulgetur
1057 1044 1094 1101 ut
1109 1037 1293 1104 scolasticis
1308 1037 1490 1126 disciplinis
1505 1039 1540 1105 in
1556 1042 1676 1109 studio
1689 1064 1778 1129 gene

419 1137 478 1203 rali
489 1137 674 1205 insistendo
689 1141 743 1205 vel
755 1141 923 1227 obsequiis
937 1140 1058 1208 nobilis
1066 1139 1127 1205 viri
1141 1139 1314 1224 Guidonis,
1326 1143 1460 1209 comitis
1470 1142 1655 1227 Blesensis,
1667 1146 1779 1213 immo·

419 1242 535 1325 rando,
547 1262 651 1329 usque
661 1244 704 1310 ad
712 1246 925 1332 septennium
933 1246 968 1311 in
984 1244 1204 1333 presbiterum
1215 1246 1405 1332 promoveri
1418 1249 1472 1314 vel
1482 1248 1633 1316 residere
1646 1250 1776 1317 minime

420 1352 588 1413 teneatur.

465 1448 591 1517 Merita
604 1459 703 1518 tue...

463 1553 543 1620 Dat.
558 1554 660 1621 Avin.
675 1576 755 1622 non.
771 1556 901 1642 augusti
917 1576 1007 1622 anno
1025 1560 1055 1621 6.

453 1692 517 1754 neg.
530 1694 578 1741 xv.
594 1696 633 1756 17,
647 1694 665 1744 r.
681 1697 757 1752 artu
771 1694 829 1744 rat.
845 1698 885 1757 ra,
898 1696 917 1745 r.
931 1676 1027 1754 rau'n.
1044 1697 1116 1743 1255.

465 1878 611 1970 1079.
1480 1912 1577 1975 1333,
1595 1911 1638 1978 17
1653 1900 1744 1961 aottt.

464 1995 610 2064 Nicolao
636 1996 782 2083 Capocie
805 1982 993 2063 reservatur
1015 1995 1160 2082 dignitas
1183 1997 1238 2061 vel
1264 2002 1462 2083 personatus
1491 2017 1551 2063 seu
1576 1996 1732 2066 officium
1753 1999 1781 2064 in

420 2102 563 2168 ecclesia
578 2101 815 2184 Lincolniensi,
830 2122 900 2168 non
916 2105 1073 2168 obstante
1099 2099 1191 2185 quod
1215 2100 1249 2166 in
1265 2099 1296 2164 S.
1313 2098 1471 2165 Germani
1497 2100 1530 2165 in
1547 2100 1731 2170 Montibus
1751 2112 1782 2169 et

420 2206 452 2273 S.
465 2206 555 2272 Petri
566 2205 769 2273 Casletensis
784 2206 933 2273 ecclesiis
948 2204 1164 2273 canonicatus
1176 2210 1211 2269 et
1222 2202 1409 2290 prebendas
1420 2224 1552 2270 necnon
1563 2206 1782 2292 capellaniam

419 2310 462 2377 de
478 2309 693 2397 Capionibus,
717 2310 977 2392 Cameracensis,
995 2308 1199 2375 Morinensis
1214 2315 1250 2373 et
1264 2307 1497 2373 Atrebatensis
1511 2307 1692 2376 diocesum
1707 2316 1783 2397 (120

419 2414 477 2481 lib.
493 2414 584 2499 tux),
595 2434 634 2481 ac
650 2413 683 2479 in
700 2415 817 2481 eadem
834 2412 1062 2481 Lincolniensi
1085 2411 1170 2478 etin
1187 2409 1387 2495 Maguntina
1409 2418 1444 2476 et
1459 2410 1663 2481 Virdunensi
1688 2434 1785 2482 ceno

420 2520 550 2587 nicatus
565 2528 600 2587 et
615 2520 802 2606 prebendas
817 2520 949 2586 obtinet
965 2528 1000 2585 et
1016 2519 1049 2583 in
1065 2515 1194 2604 prelata
1203 2514 1402 2581 Virdunensi
1419 2515 1569 2583 ecclesiis
1584 2516 1784 2603 dignitatem

421 2645 480 2689 seu
495 2631 712 2710 personatum
726 2625 781 2689 vel
797 2622 946 2690 officium
962 2627 1133 2709 expectat.

468 2727 559 2794 Dum
574 2727 618 2793 ad
633 2747 853 2813 personam...

469 2832 549 2898 Dat.
564 2832 664 2898 Avin.
684 2831 800 2899 16kal.
816 2831 1016 2920 septembris
1031 2850 1123 2897 anno
1141 2831 1170 2893 6.

470 2934 509 3000 ln
526 2956 555 3000 e.
571 2956 616 3002 m.
633 2935 745 3002 abbati
761 2936 956 3002 monasterii
972 2938 1004 3003 S.
1020 2932 1191 3002 Laurentii
1209 2941 1304 3000 extra
1319 2954 1432 3000 muros
1448 2933 1550 3001 Urbis
1565 2942 1601 3001 et
1624 2935 1787 3003 archidia-

425 3054 514 3101 cono
529 3034 713 3101 Vivariensi
737 3056 777 3102 ac
802 3034 981 3103 Francisco
1006 3036 1048 3102 de
1075 3035 1180 3120 Luco,
1202 3038 1366 3104 canonico
1391 3038 1613 3106 Eboracensis
1635 3041 1787 3107 ecclesie.

459 3183 519 3245 neg.
535 3187 584 3234 xv.
601 3187 641 3245 10,
655 3185 674 3235 r.
688 3186 753 3239 som
769 3185 826 3235 uae.
842 3185 914 3245 131.
928 3185 985 3245 403,
999 3199 1025 3235 n.
1041 3185 1113 3234 1179.

471 3376 618 3459 1080.
1490 3411 1585 3473 1333,
1601 3413 1642 3456 31
1658 3396 1749 3458 aota.

471 3496 659 3577 Francisco,
676 3497 745 3561 filio
760 3496 881 3563 nobilis
895 3496 956 3561 viri
972 3496 1190 3575 Johannisde
1200 3497 1342 3577 Sabello
1353 3495 1435 3563 civis
1450 3495 1605 3576 Romani,
1618 3495 1789 3561 confertur

426 3599 642 3665 canonicatus
657 3599 798 3665 ecclesie
817 3600 1067 3667 Cameracensis
1088 3604 1148 3667 sub
1170 3602 1405 3687 expectatione
1428 3598 1608 3685 prebende,
1635 3619 1706 3665 non
1733 3603 1788 3665 ob·

427 3711 538 3769 stante
561 3702 651 3788 quod
674 3703 707 3768 in
731 3705 762 3768 S.
780 3703 888 3768 Marie
912 3703 1050 3789 Majoris
1072 3704 1115 3770 de
1139 3704 1233 3772 Urbe
1249 3712 1283 3769 et
1300 3704 1333 3769 in
1357 3701 1533 3770 Tiburtina
1554 3703 1707 3769 ecclesiis
1730 3707 1787 3769 sub

427 3807 664 3893 expectatione
690 3806 860 3893 prebende
883 3808 915 3872 in
939 3808 1139 3874 canonicum
1162 3816 1212 3874 est
1235 3816 1390 3894 receptus
1406 3815 1441 3872 et
1457 3807 1491 3871 in
1507 3806 1682 3892 provincia
1696 3807 1785 3874 Nea·

428 3912 578 3997 politana
599 3912 800 3978 beneficium
816 3920 985 3998 expectat.

471 4017 666 4103 Apostolice
683 4017 816 4083 Sedis...

473 4121 551 4187 Dat.
563 4122 664 4188 Avin.
680 4117 794 4188 1'2ka1.
806 4121 1006 4208 septembris
1018 4143 1109 4188 anno
1121 4126 1150 4187 6.

473 4224 512 4289 In
538 4247 566 4291 e.
583 4247 628 4291 m.
643 4225 755 4292 abbati
776 4225 969 4291 monasterii
986 4226 1016 4291 S.
1033 4225 1121 4291 Sabe
1142 4226 1185 4291 de
1210 4225 1303 4292 Urbe
1319 4233 1354 4290 et
1372 4222 1609 4290 archidiacono
1632 4224 1788 4290 Ostreva·

428 4329 533 4409 nensi,
549 4330 790 4410 Atrebatensis,
807 4339 842 4396 et
857 4330 892 4395 N
895 4330 1002 4397 ieolao
1029 4329 1071 4395 de
1089 4328 1230 4411 Fractis,
1256 4328 1420 4395 canonico
1445 4327 1658 4394 Patracensis
1685 4330 1788 4394 eccle·

429 4455 565 4501 siarum.

461 4572 523 4633 neg.
537 4575 586 4623 xv.
602 4575 640 4632 11,
655 4573 672 4621 r.
688 4575 735 4620 300
748 4590 754 4630 ;
768 4572 825 4623 vnn
842 4576 880 4632 13,
896 4575 913 4622 r.
930 4575 1000 4634 405¹,
1013 4588 1040 4627 n.
1056 4574 1128 4623 1185.

476 4752 618 4835 1081.
1491 4783 1509 4826 1
1535 4784 1575 4827 33
1601 4784 1642 4827 33
1659 4767 1747 4828 0001.

474 4869 617 4937 Matheo
632 4871 674 4937 de
690 4871 876 4938 Gavellutis
891 4872 933 4937 de
951 4871 1044 4938 Urbe
1060 4870 1277 4936 confirmatur
1291 4867 1428 4935 collatio
1440 4782 1627 4932 olimjlac’ta
1642 4864 1785 4931 cantorie

430 4976 570 5042 ecclesie
583 4977 613 5041 S.
631 4976 720 5041 Petri
738 4975 929 5057 InsulensiS‚
938 4974 1161 5042 Tomacensis
1170 4973 1321 5054 diocesis
1334 4973 1368 5037 in
1385 4992 1450 5056 qua
1462 4971 1644 5073 collatione
1660 4967 1783 5035 mentio

430 5081 518 5146 facta
533 5101 600 5145 non
617 5090 687 5146 erat
703 5081 793 5167 quod
819 5081 852 5145 in
869 5081 958 5146 dicta
984 5080 1125 5146 ecclesia
1140 5078 1183 5144 ad
1207 5078 1392 5144 cantoriam
1408 5085 1443 5142 et
1465 5075 1656 5162 dignitates,
1675 5093 1782 5163 perso·
