4409 6017
918 691 1066 758 Huitibme
1086 691 1190 758 anne'e.
1671 695 1733 759 473

349 931 351 934 Ι
366 854 405 910 et
421 844 461 912 Β.
479 845 586 912 Marie
601 846 644 912 de
661 844 872 931 Aquisgrani,
898 841 1095 909 Leodiensis
1118 841 1270 923 diocesis,
1295 842 1445 908 ecclesiis
1465 843 1682 909 canonicatus
1698 851 1732 909 et

308 948 557 1045 &prebendas
580 955 720 1018 obtinet.

308 1052 358 1099 ’Ἢ
413 1054 583 1122 Nobilitas
598 1056 769 1142 generis...

413 1160 493 1224 Dat.
509 1160 609 1225 Avin.
631 1180 667 1239 19
684 1159 750 1225 kal.
767 1157 923 1224 februarii
939 1176 1030 1222 anno
1046 1157 1076 1221 8.

413 1262 454 1327 In
480 1283 510 1328 e.
534 1284 578 1328 m.
600 1263 631 1328 S.
656 1262 872 1328 Pantaleonis
899 1271 933 1327 et
958 1261 989 1325 S.
1007 1259 1146 1326 Martini
1173 1258 1426 1326 Coloniensium
1451 1262 1730 1326 monasteriorum

364 1366 544 1432 abbatibus
558 1386 598 1433 ac
609 1366 770 1451 magistro
782 1364 801 1443 J
804 1369 912 1431 acobo
924 1364 966 1430 de
983 1362 1127 1444 Mutina,
1142 1364 1306 1429 canonico
1319 1362 1562 1430 Cameracensi.

308 1495 349 1536 ιιΙ
402 1496 463 1557 neg.
475 1498 522 1545 nv.
534 1497 574 1556 so,
588 1496 606 1545 f.
621 1498 669 1543 ars
680 1513 687 1554 ;
700 1495 758 1545 rat..
773 1498 810 1553 ro,
822 1496 840 1545 r.
858 1498 943 1555 roan.
956 1497 1012 1542 rra.

309 1622 346 1748 Ξ
414 1653 1472 1748 1278.1324,
1489 1684 1531 1748 14
1541 1663 1685 1745 jrrnvr'er.

414 1769 498 1855 Regi
515 1769 655 1836 Boemie
670 1768 848 1835 mandatur
863 1768 953 1854 quod
968 1788 1055 1854 papa
1071 1767 1153 1832 nihil
1170 1768 1347 1833 immutare
1372 1767 1517 1833 intendit
1540 1768 1573 1832 in
1597 1788 1731 1854 proces·

363 1873 459 1940 sibus
473 1895 532 1960 per
547 1873 766 1953 Ludovicum,
783 1873 903 1939 ducem
920 1871 1071 1951 Bavarie,
1087 1879 1205 1938 contra
1221 1871 1342 1938 ducem
1358 1870 1540 1937 Brabantie
1556 1872 1662 1939 sactis,

309 2022 341 2064 Ξ
412 2060 430 2101 c
448 2036 566 2104 Eidem
582 2038 649 2122 regi
669 2034 855 2123 [Boemie].
873 2034 1117 2121 Magnitudinis
1132 2035 1221 2120 regie
1237 2035 1365 2101 litteras
1380 2056 1440 2121 per
1454 2035 1614 2101 dilectum
1625 2036 1728 2100 tilium

363 2139 553 2207 Henricum
580 2141 623 2207 de
648 2140 836 2226 Godognia‚
866 2140 1068 2206 canonicum
1092 2138 1383 2222 Cameracensem‚
1399 2140 1559 2207 nuncium
1589 2140 1727 2225 regium,

361 2256 483 2313 nostro
497 2246 701 2332 apostolatui
717 2253 937 2331 presentatas,
953 2244 1073 2330 quibus
1088 2244 1198 2310 eidem
1217 2248 1356 2330 petebat
1371 2244 1495 2311 nuncio
1511 2245 1600 2331 regia
1615 2245 1727 2331 provi·

360 2350 480 2417 dentia
504 2350 605 2416 fidem
621 2348 791 2415 credulam
807 2350 966 2427 adhiberi,
981 2348 1126 2433 benigne
1150 2350 1336 2435 recepimus
1360 2358 1394 2415 et
1418 2370 1458 2414 ea
1477 2370 1541 2434 que
1557 2350 1727 2436 predictus

309 2450 334 2490 ³
358 2455 504 2520 nuncius
518 2454 617 2519 uobis
632 2454 799 2539 explicare
815 2457 875 2519 sub
890 2454 982 2519 dicta
997 2452 1169 2519 credentia
1179 2453 1297 2534 voluit,
1309 2453 1496 2520 audivimus
1512 2462 1546 2519 et
1562 2454 1727 2519 intellexi-

309 2554 334 2599 Ε
360 2579 440 2623 mus
465 2558 653 2643 diligenter.
681 2556 833 2642 Cumque
858 2558 929 2643 ipse
955 2578 1017 2643 pro
1037 2564 1133 2643 parte
1159 2565 1217 2622 tue
1244 2556 1450 2623 celsitudinis
1476 2578 1495 2623 a
1522 2558 1618 2623 nobis
1643 2558 1729 2623 inter

309 2660 333 2703 ἶ
364 2670 479 2729 cetera
502 2654 635 2727 duxerit
659 2661 899 2747 postulandum
926 2661 1016 2746 quod
1041 2661 1074 2725 in
1095 2660 1194 2727 certis
1209 2661 1419 2747 processibus
1433 2683 1493 2747 per
1514 2662 1728 2747 magnificum

309 2764 330 2805 ⁷·
363 2768 474 2831 virum
491 2764 713 2845 Ludovicum,
730 2764 850 2831 ducem
872 2764 1024 2846 Bavarie‚
1041 2765 1075 2829 in
1093 2764 1260 2830 discordia
1275 2764 1400 2831 dudum
1424 2765 1457 2829 in
1474 2786 1586 2851 regern
1604 2765 1728 2831 Roma-

309 2867 329 2910 Ξ
361 2890 484 2934 norum
500 2870 656 2949 electum,
668 2870 711 2935 ad
726 2868 774 2934 tui
791 2868 899 2949 factis,
915 2868 1000 2934 sicut
1016 2870 1195 2949 asserebat,
1213 2869 1417 2948 instantiam,
1435 2878 1552 2935 contra
1566 2869 1727 2935 dilectum

309 2971 329 3014 ἶ
362 2973 468 3038 filium
496 2972 644 3038 nobilem
671 2975 778 3038 virum
803 2973 922 3040 ducem
948 2971 1138 3052 Brabantie,
1156 2972 1259 3038 nichil
1283 2973 1445 3038 vellemus
1470 2994 1529 3059 per
1552 2994 1728 3058 processus
1757 3005 1758 3010 1

309 3105 319 3114 ·
360 3086 496 3142 nostros
511 3097 595 3161 quos
610 3076 710 3141 certis
725 3098 767 3140 ex
782 3078 889 3142 causis
905 3084 1022 3142 contra
1036 3076 1227 3161 predictum
1243 3074 1463 3158 Ludovicum,
1479 3076 1727 3142 ducem-Bava-

309 3213 325 3220 -
361 3181 420 3261 rie,
447 3200 553 3266 nuper
577 3180 762 3259 habuimus
794 3181 982 3265 specialiter
1012 3179 1200 3260 immutare,
1232 3200 1294 3246 nos
1324 3180 1487 3260 volentes,
1515 3180 1551 3244 in
1575 3181 1727 3264 hiisque

309 3315 315 3323 ·
360 3284 546 3350 secundum
563 3284 674 3349 Deum
689 3304 875 3370 possumus
891 3303 1038 3349 annuere
1053 3282 1143 3348 votis
1167 3283 1243 3363 tuis
1260 3282 1430 3349 serenitati
1456 3290 1513 3348 tue
1537 3304 1635 3370 super
1661 3284 1726 3350 hoc

359 3388 613 3473 respondemus,
631 3388 722 3472 quod
736 3387 839 3452 nichil
856 3387 1032 3452 immutare
1048 3386 1160 3471 quoad
1169 3407 1306 3472 presens
1319 3408 1417 3473 super
1426 3387 1553 3453 eisdem
1564 3388 1725 3474 processi-

359 3495 423 3558 bus
434 3491 638 3558 intendimus
651 3491 805 3577 specifice
817 3492 871 3555 vel
884 3511 1047 3576 expresse.
1065 3490 1143 3557 Dat.
1159 3490 1302 3572 Avin.19
1319 3490 1385 3558 kal.
1402 3491 1554 3557 februarii
1566 3512 1654 3557 anno
1666 3494 1694 3557 8.
1707 3513 1723 3554 n

394 3622 457 3683 Reg.
471 3621 530 3671 Vat.
546 3624 598 3679 112,
607 3636 667 3685 pars
680 3621 718 3681 ll,
732 3621 750 3669 i.
764 3622 814 3680 liv,
827 3634 852 3668 n.
865 3622 921 3668 903.

406 3776 548 3863 1279.
1373 3812 1468 3877 1324,
1486 3809 1526 3876 17
1536 3791 1680 3875 Jurroier.

402 3896 610 3985 Appollonio
625 3895 667 3962 de
678 3896 867 3982 Oldorpsen
879 3909 892 3931 ‘²
904 3896 1073 3963 confertur
1085 3896 1303 3963 canonicatus
1320 3897 1464 3962 ecclesie.
1475 3896 1724 3981 Wissegraden-

358 4005 414 4083 sis,
429 4003 472 4068 ad
490 4001 678 4066 Romanam
695 4000 871 4065 eeclesiam
896 4002 989 4064 nullo
1017 4000 1129 4065 medio
1145 4000 1356 4086 pertinentis,
1375 4000 1548 4085 Pragensis
1570 4001 1722 4083 diocesis

358 4109 420 4173 sub
437 4105 672 4192 expectatione
687 4103 867 4188 prebende,
878 4124 945 4167 non
964 4107 1121 4168 obstante
1137 4104 1226 4187 quod
1237 4104 1479 4195 parrochialem
1495 4105 1723 4170 ecclesiamde

359 4211 555 4287 Dremmen,
569 4206 765 4273 Leodiensis
777 4206 930 4287 diocesis
945 4207 1075 4272 obtinet
1092 4216 1126 4271 et
1139 4208 1172 4272 in
1184 4207 1326 4273 ecclesia
1342 4208 1373 4273 S.
1391 4206 1499 4272 Marie
1517 4208 1549 4271 in
1565 4207 1722 4275 Teurstat

358 4322 454 4379 extra
470 4332 582 4378 muros
598 4309 862 4395 Bambergenses
879 4314 939 4377 sub
956 4311 1191 4396 expectatione
1218 4312 1388 4397 prebende
1405 4312 1438 4375 in
1455 4312 1655 4377 canonicum
1671 4322 1722 4378 est

357 4426 526 4502 receptus

405 4519 503 4587 Sedis
518 4519 744 4605 apostolice...

403 4625 483 4689 Dat.
498 4625 599 4687 Avin.
620 4628 655 4686 16
672 4622 738 4689 kal.
756 4623 907 4689 februarii
924 4645 1013 4688 anno
1030 4626 1059 4688 8.

403 4727 443 4792 In
461 4749 489 4791 e.
511 4747 554 4791 m.
580 4727 709 4793 decano
727 4727 981 4812 Ratisponensis
996 4736 1031 4792 et
1057 4727 1236 4794 scolastico
1263 4727 1438 4811 Pragensis
1463 4750 1502 4793 ac
1525 4727 1655 4806 Jacobo
1678 4731 1719 4796 de

360 4831 506 4912 Mutina,
524 4833 698 4916 capellano
714 4853 810 4917 pape,
828 4832 990 4897 canonico
1007 4831 1257 4896 Cameracensis
1280 4833 1504 4897 ecclesiarum.

393 4970 455 5030 Reg.
468 4972 515 5017 Ar.
528 4972 566 5026 2⁴),
580 4969 597 5016 l.
610 4972 676 5026 2503
694 4971 753 5016 Vnt.
768 4972 805 5026 ro,
819 4970 836 5016 l.
851 4971 915 5027 1435
929 4983 953 5015 n.
964 4971 1018 5016 lau.

392 5124 417 5155 a.
436 5106 581 5170 Oldorspcn
595 5122 644 5169 rep.
