4409 6017
892 737 1038 819 Septibne
1057 739 1161 807 annea.
1652 741 1714 809 447

346 888 529 952 ecclesiam
562 885 661 953 Nove
689 885 778 950 curie
802 893 893 951 extra
923 907 1036 953 muros
1061 887 1296 974 Trajectenses
1320 899 1355 956 et
1381 892 1487 957 altare
1510 891 1542 958 S.
1574 891 1714 977 Spiritus

346 990 385 1053 in
423 989 680 1076 Lapidemonte,
714 988 910 1055 Leodiensis
935 989 1089 1073 diocesis,
1121 993 1263 1075 obtinet,
1296 994 1387 1080 quod
1414 997 1518 1061 altare
1544 994 1714 1060 dimittere
1780 1032 1783 1039 ·

347 1094 534 1159 tenebitur.

398 1195 586 1262 Laudabile
601 1195 875 1273 testimonium...

399 1300 479 1365 Dat.
494 1299 595 1364 Avin.
612 1318 629 1363 2
647 1298 713 1364 kal.
727 1299 811 1384 junii
827 1321 918 1366 anno
935 1320 964 1383 7.
1415 1350 1417 1354 «

399 1402 441 1468 In
457 1424 486 1470 e.
502 1424 547 1468 m.
562 1401 694 1468 decano
710 1401 742 1467 S.
758 1402 899 1470 Servatii
916 1403 1151 1488 Trajectensis,
1168 1401 1364 1469 Leodiensis
1378 1403 1531 1486 diocesis,
1544 1411 1579 1469 et
1591 1402 1716 1470 Busolo

349 1507 396 1572 de
414 1506 543 1587 Parma,
560 1505 794 1588 Tomacensis,
810 1508 987 1593 capellano
1002 1526 1100 1591 pape,
1118 1526 1159 1572 ac
1174 1505 1193 1584 J
1197 1505 1322 1572 ohanni
1339 1506 1497 1588 Gilaerdi,
1521 1507 1717 1573 Leodiensis

351 1610 527 1676 canonicis
542 1608 771 1674 ecclesiarum.

389 1750 453 1809 Reg.
468 1749 514 1797 Av.
531 1750 570 1805 l9,
584 1746 603 1794 i.
618 1747 665 1793 417
678 1760 684 1801 ;
698 1744 757 1794 Vat.
774 1747 813 1803 77»,
829 1744 847 1794 f.
863 1746 919 1803 206,
934 1759 960 1793 u.
977 1746 1046 1794 1548.

403 1921 538 2002 1197.
1420 1953 1516 2017 1323,
1528 1955 1573 2016 31
1597 1936 1674 2000 nrai.

400 2037 585 2104 Godefrido
600 2037 739 2104 Gerardi
755 2037 797 2103 de
815 2037 975 2105 Huloven
992 2035 1163 2102 confertur
1179 2037 1398 2103 canonicatus
1410 2039 1549 2104 ecclesie
1560 2038 1598 2103 B.
1610 2037 1718 2103 Marie

353 2142 535 2226 Aquensis,
552 2141 748 2207 Leodiensis
763 2141 915 2221 diocesis,
931 2143 991 2206 sub
1008 2139 1247 2228 ertpectatione
1256 2141 1438 2226 prebende,
1449 2142 1718 2208 consideratione

354 2246 545 2325 Bertrandi,
562 2245 593 2311 S.
611 2244 763 2311 Marcelli
779 2244 953 2330 presbiteri
969 2243 1156 2325 cardinalis,
1173 2245 1358 2329 apostolice
1375 2245 1469 2312 Sedis
1484 2246 1595 2332 legati.

401 2348 496 2414 Sedis
512 2349 741 2435 apostolice...

402 2453 482 2519 Dat.
498 2454 597 2518 Avin.
616 2473 632 2518 2
650 2452 715 2517 kal.
729 2453 812 2538 junii
829 2473 920 2518 anno
937 2471 966 2537 7.

402 2556 443 2622 ln
460 2578 489 2621 e.
506 2578 550 2622 m.
571 2557 603 2623 S.
618 2555 737 2634 Jacobi
754 2555 950 2622 Leodiensis
973 2564 1008 2621 et
1032 2555 1064 2620 S.
1089 2553 1306 2620 Pantaleonis
1322 2552 1533 2619 Coloniensis
1548 2563 1721 2620 monaste-

351 2662 484 2727 riorum
507 2661 682 2727 abbatibus
705 2681 746 2726 ac
769 2661 930 2745 magistro
955 2657 1081 2725 Busolo
1105 2658 1148 2724 de
1173 2657 1303 2740 Parma,
1327 2657 1489 2724 canonico
1505 2656 1722 2740 Tomacensi,

356 2766 538 2853 capellano
553 2785 651 2851 pape.
1012 2752 1015 2756 ’

395 2904 458 2963 Reg.
473 2905 521 2952 Av.
537 2905 578 2963 21,
591 2902 611 2953 f.
625 2904 687 2950 426⁴
697 2917 703 2957 ;
712 2901 772 2951 Vat.
788 2903 828 2959 77,
839 2900 858 2950 i.
873 2901 941 2959 366¹,
953 2913 978 2948 n.
993 2899 1065 2946 2026.

323 3114 351 3156 2
407 3086 545 3169 1198.
1447 3098 1680 3180 1323,1juin.

405 3205 591 3273 Godefrido
615 3205 658 3271 de
685 3205 820 3272 Bavaco
845 3205 1015 3271 confertur
1049 3203 1267 3270 canonicatus
1301 3203 1444 3270 ecclesie
1465 3199 1723 3281 Antlroniensis,

357 3309 614 3378 Cameracensis
629 3309 782 3390 diocesis,
798 3310 858 3375 sub
875 3306 1113 3393 expectatione
1128 3305 1309 3393 prebende.

407 3413 590 3480 Laudabile
605 3412 880 3478 testimonium...

405 3518 486 3584 Dat.
501 3516 601 3583 Aviu.
617 3515 771 3582 kalendis
783 3515 868 3600 junii
883 3497 977 3581 anno
996 3534 1025 3600 7.

406 3621 448 3687 In
464 3642 493 3685 e.
510 3641 554 3686 m.
577 3620 691 3685 abbati
716 3618 909 3684 monasterii
935 3618 966 3683 S.
992 3616 1127 3685 Nicolai
1152 3616 1195 3683 de
1223 3617 1330 3693 Pratis
1351 3616 1448 3701 juxta
1471 3614 1664 3681 Tornacum
1690 3621 1725 3677 et

357 3724 529 3810 magistris
544 3723 693 3789 Oliverio
716 3722 758 3788 de
783 3721 973 3808 Campellis‚
1000 3721 1249 3801 Noviomeusis,
1277 3728 1312 3785 et
1332 3719 1464 3798 Jacobo
1479 3718 1521 3785 de
1538 3716 1725 3797 Melbodio,

359 3831 392 3896 T
394 3828 589 3895 omacensis
604 3826 819 3892 ecclesiarum
835 3825 1014 3892 canonicis.

396 3973 459 4033 Reg.
475 3974 522 4021 Ar.
538 3973 577 4030 19,
592 3971 608 4019 f.
625 3972 668 4018 85¹
681 3987 686 4027 ;
701 3970 758 4020 Vat.
775 3972 814 4029 tl,
828 3971 846 4019 i.
861 3972 930 4030 396',
945 3985 970 4019 n.
983 3972 1037 4019 875.

410 4132 549 4216 1199.
1440 4166 1535 4229 1323,
1558 4166 1576 4209 1
1594 4144 1681 4227 jum.

405 4260 426 4339 J
430 4262 554 4328 ohanni
571 4260 712 4326 Fachiui
729 4260 771 4325 de
787 4257 934 4324 Lembor
956 4258 1126 4324 confertur
1152 4258 1370 4325 canonicatus
1394 4258 1535 4325 ecclesie
1554 4255 1593 4323 B.
1618 4254 1725 4321 Marie

362 4366 548 4451 Hoyensis,
565 4361 761 4429 Leodiensis
776 4363 930 4443 diocesis,
947 4364 1008 4427 sub
1026 4363 1266 4448 expectatione
1283 4362 1463 4448 prebende.

407 4467 630 4553 Suffragantia
648 4468 750 4532 tibi...

409 4574 488 4639 Dat.
504 4572 603 4636 Avin.
619 4569 772 4635 kalendis
786 4569 868 4655 junii
889 4590 978 4635 anno
995 4589 1024 4655 7.

408 4677 449 4743 ln
466 4698 495 4742 e.
512 4698 556 4742 m.
571 4675 683 4740 abbati
700 4674 893 4739 monasterii
911 4673 953 4738 de
970 4672 1383 4759 Novomonasteriojuxta
1394 4674 1547 4759 Hoyum,
1561 4673 1726 4739 Leodien-

361 4783 408 4848 sis
433 4779 586 4860 diocesis,
610 4788 645 4843 et
672 4779 801 4844 decano
828 4778 859 4843 S.
886 4775 1025 4842 Martini
1043 4776 1239 4843 Leodiensis
1264 4799 1303 4843 ac
1327 4778 1487 4864 magistro
1510 4777 1658 4856 Johanni
1682 4776 1724 4841 de

364 4886 493 4965 Rocea,
510 4883 673 4949 canonico
690 4882 932 4969 Neapolitano.

398 5026 460 5084 Bou.
472 5027 520 5072 Au.
534 5025 572 5083 19,
584 5024 602 5072 i.
618 5025 664 5070 355
678 5038 683 5076 ;
696 5022 755 5070 Vat.
771 5024 807 5079 75,
822 5022 839 5069 i.
857 5021 911 5080 188,
923 5035 948 5067 n.
966 5020 1034 5066 llus.

396 5179 421 5208 u.
443 5175 473 5206 uu
487 5173 572 5220 mmm
581 5175 590 5204 .·
608 5157 714 5206 attende
725 5158 756 5204 sle
769 5158 887 5218 septimo.
