4409 6017
964 771 1146 838 Fornultire
1656 766 1742 832 llllll

402 931 486 973 emon
509 920 646 983 magistri
675 931 703 973 et
729 928 912 986 preceptores
938 917 1087 994 hospitalis
1115 918 1145 973 S.
1172 921 1309 983 Johsnnis
1336 919 1563 984 Jerosolimitani,
1593 918 1620 975 S.
1649 916 1741 981 Merie

403 995 622 1054 beotonicorum
654 1012 682 1055 et
704 1016 949 1066 quorumcumque
970 1000 1093 1054 aliorum
1122 1000 1249 1054 locorum
1279 1001 1536 1056 ecclesiasticorum
1563 999 1744 1062 contribuere

402 1093 415 1130 u
433 1080 670 1137 subventionibus
696 1082 859 1147 hujusmodi
884 1091 1042 1137 teneantur.
1064 1081 1111 1134 Sic
1132 1082 1230 1147 itaque
1252 1083 1418 1137 mandatum
1441 1093 1568 1136 nostrum
1589 1079 1745 1134 efficaciter

402 1159 534 1228 idirnplere
560 1167 667 1220 curetis
692 1166 770 1230 quod
795 1166 908 1229 possitis
933 1164 1036 1218 exinde
1063 1164 1164 1217 merito
1190 1165 1397 1229 commendari;
1423 1164 1547 1229 alioquin
1573 1162 1743 1217 sententiam

402 1257 471 1305 utum
484 1244 542 1310 ipse
558 1248 612 1300 rite
629 1248 725 1302 tulerit
741 1247 769 1300 in
784 1246 916 1310 rebelles,
933 1246 972 1299 ad
986 1261 1043 1309 que
1064 1245 1091 1297 ei
1109 1246 1292 1305 concedimus
1311 1249 1478 1302 auctoritate
1497 1247 1671 1315 presentium
1688 1247 1745 1311 plo·

406 1325 493 1381 uariam
504 1340 683 1395 potestatem,
699 1339 791 1383 ratam
806 1330 975 1383 habebimus
989 1340 1018 1381 et
1031 1327 1171 1381 faciemus
1187 1340 1303 1383 auctore
1321 1331 1445 1383 Domino
1462 1347 1552 1395 usque
1567 1330 1605 1383 ad
1620 1331 1743 1385 satisfac·

411 1408 493 1464 tionem
503 1413 681 1477 condignam,
696 1412 888 1478 appellatione
903 1422 1019 1476 remota,
1032 1410 1233 1466 inviolabiliter
1255 1413 1414 1476 observem
1437 1430 1496 1468 non
1518 1413 1696 1468 obstantibus
1719 1414 1744 1469 si

416 1489 525 1554 eliqrttbus
539 1505 580 1548 est
595 1494 633 1548 ab
650 1494 753 1547 eadem
768 1493 843 1548 Sede
858 1492 1006 1558 indultum,
1022 1492 1102 1557 quod
1123 1491 1230 1547 nuntiis
1252 1494 1335 1548 Sedis
1358 1494 1445 1559 ipsius
1468 1496 1594 1559 aliquam
1615 1512 1744 1560 procurri

419 1570 496 1626 bocru
514 1574 644 1629 exhibere
667 1577 712 1631 vel
735 1576 763 1632 in
787 1575 849 1641 ipsa
871 1576 1058 1636 contribuere,
1079 1574 1134 1628 nisi
1150 1576 1189 1629 ad
1204 1593 1253 1629 eos
1269 1576 1480 1644 declinaverint,
1497 1576 1613 1630 minime
1627 1586 1742 1631 tenean-

422 1663 457 1714 tur,
468 1670 510 1708 seu
525 1657 600 1721 quod
617 1657 755 1721 interdici,
773 1657 909 1721 suspendi
926 1658 971 1711 vel
990 1657 1231 1712 excommunicari
1252 1675 1312 1712 non
1331 1657 1441 1723 possint
1463 1674 1515 1722 per
1535 1658 1642 1717 litteras
1664 1674 1744 1723 apos·

425 1733 493 1789 lolius
509 1753 560 1793 non
580 1738 718 1794 iacientes
740 1740 856 1805 plenam
878 1748 906 1792 et
927 1755 1092 1803 expressam
1110 1755 1143 1792 ac
1160 1739 1198 1793 de
1215 1739 1303 1794 verbo
1321 1740 1359 1793 ad
1376 1740 1496 1794 verbum
1511 1739 1550 1793 de
1567 1738 1677 1797 indulto
1694 1739 1743 1795 liu·

403 1814 709 1883 ÷iumodimentionem;
725 1829 774 1872 aut
791 1818 964 1884 quibuslibet
979 1817 1143 1884 privilegiis,
1176 1818 1359 1883 indulgentiis
1391 1830 1418 1874 et
1451 1818 1549 1875 litteris
1579 1818 1743 1884 apostolicis

430 1895 604 1966 lllblsfflmque
621 1902 753 1968 personis
770 1905 816 1958 vel
834 1900 989 1967 ordinibus,
1006 1901 1060 1954 sub
1081 1901 1180 1965 quavis
1200 1902 1292 1955 sonna
1310 1902 1470 1968 verborum,
1491 1902 1527 1955 ab
1546 1902 1648 1956 eadem
1667 1901 1743 1955 Sede

433 1982 538 2048 uices,
553 1984 588 2037 de
606 1984 710 2049 quibus
730 1999 909 2048 quorumque
927 1982 993 2037 totis
1012 1983 1159 2037 tenoribus
1183 1984 1212 2038 in
1235 1984 1338 2039 nostris
1362 1984 1459 2040 litteris
1482 1985 1612 2050 specialis
1635 1986 1743 2039 mentio

434 2059 577 2129 ithabenda,
595 2083 647 2131 per
664 2083 722 2130 que
741 2082 858 2129 presens
876 2066 1043 2119 mandatum
1063 2077 1192 2120 nostrum
1211 2068 1298 2131 possit
1318 2066 1531 2131 quomodolibet
1552 2063 1689 2131 impediri.

458 2140 534 2199 llttutn
551 2149 686 2202 Avinione
708 2149 735 2200 Χ
757 2148 813 2203 kal.
834 2146 1003 2213 septembris
1024 2163 1099 2200 anno
1117 2158 1227 2211 quarto.
