4409 6017
509 707 566 769 218
1049 708 1207 773 Deuxieme
1228 709 1330 774 annae.

506 855 637 920 diaconi
651 855 835 931 cardinalis,
845 855 1061 920 conferuntur
1071 858 1288 923 canonicatus
1300 866 1335 922 et
1350 846 1519 944 prebenda
1531 858 1673 924 ecclesie
1685 858 1846 938 Palentine‚
1879 817 1885 912 i

509 979 585 1021 cum
600 957 824 1042 prestimoniis
848 967 882 1023 et
907 959 1214 1043 prestimonialibus
1236 962 1455 1046 portionibus,
1472 969 1633 1027 vacantes
1657 982 1717 1047 per
1742 963 1848 1028 obitum
1892 1043 1901 1048 -

511 1060 647 1126 Martini
665 1059 789 1126 Medici
816 1063 904 1147 apud
928 1062 1048 1127 Sedem
1072 1064 1294 1148 apostolicam
1321 1064 1479 1146 defuncti,
1504 1087 1571 1131 non
1597 1068 1754 1131 obstante
1780 1066 1851 1149 quod
1903 1145 1907 1150 ι

509 1163 619 1229 dictus
635 1164 822 1248 Stephanus
838 1165 871 1227 in
888 1163 1173 1250 Compostellana,
1193 1167 1367 1232 Elborensi
1384 1175 1417 1232 et
1434 1167 1597 1234 Oretensi
1614 1169 1821 1235 canonicatus
1828 1181 1853 1231 et

510 1267 696 1352 prebendas
723 1269 854 1332 obtinet
879 1289 1011 1334 necnon
1043 1270 1076 1333 in
1104 1268 1334 1336 Cameracensi
1372 1270 1520 1336 ecclesiis
1547 1276 1607 1337 sub
1638 1273 1854 1358 expectatione

511 1371 681 1457 prebende
698 1372 731 1435 in
748 1372 944 1436 canonicum
962 1381 1012 1437 est
1029 1383 1195 1459 receptus
1886 1419 1892 1506 p

557 1474 630 1540 Tua
652 1485 687 1540 et
710 1484 885 1542 tuorum...

558 1580 636 1644 Dat.
652 1579 750 1644 nnn.
767 1600 847 1645 non.
863 1580 974 1665 aprilis
990 1602 1080 1645 anno
1097 1602 1126 1647 2.

558 1682 596 1747 In
614 1705 642 1750 e.
659 1705 703 1750 m.
719 1683 864 1764 andree,
880 1686 989 1749 electo
1006 1684 1249 1767 Interannensi,
1267 1695 1301 1751 et
1318 1685 1429 1751 abbati
1441 1687 1634 1752 monasterii
1653 1686 1757 1752 l'allis
1773 1685 1860 1763 Oleli,

514 1787 689 1852 l'alentine
712 1788 863 1868 diocesis,
879 1809 918 1852 ac
934 1786 1079 1853 Nicolao
1094 1789 1136 1868 de
1160 1788 1325 1871 Ceccan0,
1342 1790 1507 1856 canonico
1523 1789 1732 1857 Bebacensi.

547 1924 608 1983 Reg.
623 1926 671 1972 Ar.
683 1930 705 1979 n,
718 1924 735 1971 f.
748 1927 811 1979 3293
826 1924 883 1971 Vnt.
896 1925 933 1976 68,
948 1924 966 1971 i.
981 1926 1033 1975 101.
1046 1939 1071 1971 n.
1087 1927 1157 1971 131⁴.

559 2089 674 2173 553-
1552 2104 1685 2192 [1318],
1703 2123 1723 2188 7
1739 2105 1832 2170 avril.

563 2206 739 2285 Henricus,
755 2206 911 2270 dominus
927 2205 1057 2287 Soliaci,
1074 2215 1209 2290 rogatur
1225 2216 1261 2271 ut
1276 2215 1431 2292 procuret
1443 2207 1721 2273 deliberationem
1730 2206 1869 2274 celeriter

519 2311 587 2374 fieri
610 2330 708 2396 super
731 2309 850 2373 litteris
876 2329 896 2373 a
923 2308 1048 2374 nuntiis
1074 2310 1268 2394 apostolicis
1294 2310 1337 2376 de
1360 2311 1593 2376 securitatibus
1615 2312 1710 2398 pacis
1727 2310 1870 2376 Flandrie

517 2414 630 2481 comiti
647 2422 682 2479 et
698 2413 958 2479 comunitatibus
975 2411 1003 2477 F
1004 2412 1131 2478 landrie
1146 2413 1378 2499 presentandis
1395 2415 1409 2499 (
1428 2415 1453 2497 ).

567 2518 664 2598 Ecce,
682 2517 738 2598 fili,
754 2537 836 2581 ne...

564 2622 642 2685 Dat.
660 2640 678 2704 7
696 2620 739 2685 id.
756 2620 876 2705 aprilis.

554 2759 611 2816 lleq.
626 2758 682 2805 vm.
699 2760 749 2811 tun,
763 2758 780 2805 i.
796 2760 848 2806 131.
861 2772 886 2804 n.
898 2758 945 2804 5l2
958 2772 963 2808 ;
978 2757 1035 2804 Vat.
1051 2760 1102 2815 llb,
1116 2772 1175 2819 pars
1190 2758 1206 2815 l,
1220 2759 1237 2805 l.
1250 2760 1301 2816 dliv,
1314 2773 1339 2805 n.
1355 2760 1407 2806 109.
1420 2769 1451 2793 -'
1463 2759 1568 2816 Cottion,
1582 2773 1607 2807 n.
1620 2762 1668 2807 555
1681 2759 1790 2821 (texte).

565 2922 681 3006 554.
1542 2934 1676 3023 [1318],
1700 2939 1725 3001 8
1745 2938 1842 3003 avril.

567 3039 731 3125 Philippo,
747 3039 814 3121 regi
833 3037 981 3119 Francie,
998 3037 1150 3103 scribitur
1167 3047 1203 3101 ut
1219 3036 1238 3114 J
1241 3038 1422 3120 ohannem,
1433 3038 1595 3104 comitem
1606 3038 1879 3116 Namurcensem,

523 3144 797 3208 commendatum
815 3143 948 3207 habeat.

570 3331 783 3395 «Carissimo
809 3330 840 3392 in
858 3328 991 3394 Christo
1017 3329 1085 3392 filio
1104 3328 1268 3414 Philippo,
1294 3328 1362 3412 regi
1380 3327 1521 3393 Francie
1537 3337 1571 3393 et
1590 3328 1743 3395 Navarre
1760 3330 1883 3395 illustri.

527 3438 634 3500 Decet
656 3434 918 3498 munificentiam
944 3434 1078 3513 regiam,
1105 3434 1147 3495 fili
1173 3433 1350 3511 carissime,
1376 3452 1509 3496 suorum
1539 3431 1716 3513 dignanter
1742 3431 1883 3514 aspicere

527 3539 645 3605 merita
659 3547 752 3622 grata
770 3538 926 3617 tidelium,
943 3548 979 3600 ut
996 3545 1028 3600 ct
1047 3537 1251 3601 merentibus
1267 3536 1442 3621 provideat
1458 3536 1604 3619 gratiose
1628 3532 1671 3596 (lc
1698 3534 1835 3617 premiis
1856 3544 1885 3595 et

527 3647 588 3710 biis
604 3644 659 3728 qui
681 3663 741 3728 pro
758 3642 823 3705 fide
839 3642 939 3725 regali
955 3642 1116 3706 servanda
1133 3641 1305 3726 dispendia
1322 3640 1449 3705 subiere
1467 3661 1534 3703 non
1551 3638 1726 3703 subtrahat
1742 3658 1886 3723 compas-

518 3740 629 3814 ‘sionis
654 3747 800 3811 humane
825 3745 1020 3830 rependium
1047 3745 1079 3808 in
1109 3744 1255 3830 jacturis.
1284 3744 1380 3823 Sane,
1409 3744 1465 3821 fili,
1494 3743 1536 3808 ad
1561 3749 1713 3806 nostrum
1739 3740 1886 3827 perduxit

528 3853 689 3930 auditum,
697 3850 820 3914 nedum
838 3857 1037 3928 exterorum,
1049 3849 1108 3913 sed
1124 3858 1158 3914 et
1173 3856 1232 3913 tua
1243 3856 1278 3912 et
1293 3856 1350 3912 tue
1360 3848 1469 3931 gentis
1485 3845 1633 3924 assertio
1651 3845 1743 3928 quod
1753 3845 1887 3909 dilectus

530 3955 616 4018 filius
641 3952 761 4016 nobilis
788 3952 835 4014 vir
858 3950 1041 4028 Johannes,
1069 3972 1183 4015 comes
1200 3949 1384 4029 Namnrcii,
1400 3959 1579 4033 postquam
1605 3948 1664 4012 tibi
1693 3948 1801 4014 fidelis
1823 3969 1886 4012 esse

531 4058 691 4144 promisit,
708 4056 903 4120 continuata
921 4076 1051 4140 semper
1068 4056 1239 4130 fidelitate,
1258 4076 1339 4138 ymo
1362 4062 1471 4133 aucta,
1489 4053 1649 4118 continue
1666 4054 1726 4117 tibi
1754 4053 1887 4117 fideliter

530 4162 635 4227 astitit
660 4171 694 4224 et
722 4160 752 4222 in
780 4170 948 4243 assumpte
975 4170 987 4191 ⁴
1015 4158 1182 4222 fidelitatis
1208 4158 1382 4243 proposito
1413 4157 1604 4222 constantia
1627 4157 1795 4221 laudanda
1822 4174 1885 4241 per-

531 4266 663 4343 mansit,
680 4265 725 4328 ita
742 4262 831 4347 quod
849 4264 937 4325 nulla
954 4284 1029 4326 cunr
1048 4263 1208 4346 persenit
1232 4262 1414 4326 adversitas
1437 4260 1607 4346 temporis
1625 4281 1688 4326 nec
1713 4261 1818 4347 patrie
1841 4259 1883 4320 rel

531 4369 739 4454 cognationis
755 4367 897 4443 allectio,
914 4377 971 4430 aut
988 4367 1126 4430 evidens
1144 4366 1312 4430 t'anriliaris
1328 4366 1372 4429 rei
1390 4364 1604 4452 dispendium
1621 4364 1733 4449 ipsum
1758 4364 1790 4428 in
1814 4364 1883 4428 duas

532 4483 643 4559 partes
656 4472 841 4536 claudicare
859 4472 978 4555 coegit,
996 4469 1099 4553 yrnob
1117 4470 1351 4534 fluctuantibus
1364 4469 1486 4544 ceteris
1502 4478 1536 4535 et
1560 4489 1618 4553 per
1630 4492 1631 4496 ¹
1644 4468 1743 4533 deria
1765 4486 1880 4560 queque

534 4577 741 4659 vagantibus,
758 4575 828 4659 ipse
845 4596 863 4638 a
883 4575 946 4639 fide
962 4587 1018 4638 tua
1037 4575 1228 4638 nullatenus
1245 4574 1383 4638 devians
1399 4581 1434 4637 et
1451 4574 1483 4636 in
1501 4573 1734 4637 commotione
1749 4572 1879 4657 qualibet

536 4682 714 4747 immobilis
729 4700 956 4764 perseverans,
973 4700 1115 4764 persone
1133 4680 1286 4763 periculis
1307 4679 1527 4762 maribusque
1546 4697 1657 4741 rerum
1679 4674 1836 4761 dampnis,
1849 4677 1877 4732 ut

568 4880 592 4911 (ι.
607 4862 781 4922 assumptione
795 4875 843 4922 rap.
865 4862 920 4907 lna
936 4887 965 4892 ·-
979 4859 1000 4908 b.
1015 4861 1120 4905 onmino
1134 4874 1182 4920 rep.
1199 4862 1252 4907 luti.

575 5127 594 5173 1.
607 5123 671 5185 my.
685 5136 709 5168 n.
722 5124 776 5172 san.
