4409 6017
520 671 583 736 ata
1058 680 1228 763 cinquimo
1248 689 1350 756 eunte.

565 819 748 887 Personam
762 831 897 898 tuam...

565 924 645 991 Dat.
659 926 760 992 Avin.
778 948 795 993 2
813 927 856 995 id.
868 929 952 1015 junii
968 950 1059 998 anno
1076 953 1105 1019 5.

565 1027 606 1094 ln
622 1050 651 1094 e.
667 1049 712 1096 rn.
729 1038 767 1097 ut
784 1037 898 1120 supra,
916 1057 948 1100 n.
964 1052 1038 1120 977.

553 1166 614 1228 Reg.
626 1168 674 1216 Av.
690 1170 728 1228 15,
739 1168 759 1219 i.
773 1170 838 1228 3383
851 1170 910 1221 Vat.
920 1173 959 1232 ta,
975 1172 993 1223 i.
1003 1175 1060 1235 247,
1074 1189 1100 1225 n.
1114 1176 1185 1226 1474.

561 1338 677 1423 979-
1583 1397 1679 1460 1521,
1697 1400 1739 1462 15
1748 1380 1826 1463 juia

563 1458 744 1547 Stephano,
767 1465 837 1532 lilio
862 1466 985 1535 nobilis
1009 1469 1069 1536 viri
1097 1471 1268 1542 Guillelmi
1296 1477 1460 1562 Cantoris,
1477 1481 1642 1547 canonico
1666 1480 1858 1561 Tomaoensi,

519 1562 708 1651 indulgetur
722 1576 760 1634 ut
775 1568 901 1636 fructus
915 1573 1158 1643 beneficiorum
1170 1599 1305 1647 suorum
1317 1585 1443 1668 absque
1455 1584 1647 1667 residentia,
1657 1606 1760 1652 causa
1770 1585 1857 1665 studii,

518 1668 561 1734 ad
576 1670 757 1737 triennium
772 1675 945 1761 percipere
960 1679 1082 1745 valeat.

561 1772 623 1838 Tui
639 1776 836 1843 nobilitas...

561 1876 640 1944 Dat.
655 1879 754 1946 Avin.
770 1881 814 1948 id.
826 1883 909 1967 junii
926 1903 1016 1949 anno
1033 1901 1062 1968 5.
1901 1951 1903 1954 ,

561 1980 602 2046 In
618 2002 648 2048 e.
657 2004 702 2049 m.
714 1985 872 2071 Astorgio
880 1987 923 2053 de
938 1986 1076 2053 Tallaco
1092 1994 1127 2052 et
1136 1985 1305 2054 Ademaro
1320 1989 1362 2055 de
1378 1989 1492 2075 Croso,
1503 1996 1674 2064 canonicis
1685 1998 1859 2066 Claromon·

517 2086 676 2167 tensibus,
692 2106 732 2154 ac
747 2088 882 2155 officiali
898 2089 1115 2156 Tomacensi.

550 2223 612 2285 aeg.
626 2225 675 2275 av.
689 2228 729 2286 15,
742 2227 761 2276 r.
775 2227 852 2287 assu
865 2228 924 2281 vn.
939 2231 979 2289 ra,
993 2228 1012 2278 r.
1026 2231 1093 2289 170¹,
1105 2242 1131 2276 n.
1150 2227 1221 2276 rasa.

557 2395 679 2480 980.
1571 2440 1589 2483 r
1615 2440 1655 2483 21
1686 2442 1709 2485 r·
1733 2420 1798 2486 icr‘ll
1822 2472 1828 2486 .

559 2514 699 2583 Decano
721 2525 757 2584 et
779 2519 927 2607 capitrdo
949 2519 1090 2586 ecclesie
1113 2518 1335 2585 Tomacensis
1369 2520 1564 2588 conceditur
1586 2440 1625 2589 dt
1650 2470 1696 2592 ad
1715 2429 1860 2611 iudicium

515 2621 647 2686 evocari
663 2629 757 2688 extra
771 2643 910 2709 regnum
927 2622 1070 2689 Francie
1084 2643 1155 2689 non
1170 2623 1309 2709 possint.

561 2830 579 2872 u
606 2808 747 2875 Dilectis
777 2809 883 2877 filiis..
908 2810 1037 2878 decano
1066 2817 1101 2877 et
1132 2810 1280 2896 capitulo
1310 2809 1450 2877 ecclesie
1480 2809 1713 2877 Tomacensis.
1741 2811 1862 2896 Quanto

514 2911 694 2979 studiosius
707 2913 828 2980 divinis
843 2914 972 2981 vacatis
987 2914 1165 2999 obsequiis,
1182 2914 1331 2981 Domino
1342 2915 1376 2979 in
1388 2914 1578 2981 divinorum
1594 2914 1781 2982 officiorum
1790 2915 1861 2981 cele·

513 3016 720 3083 brationibus
749 3016 952 3100 famuland0,
981 3025 1079 3083 tanto
1116 3017 1274 3084 libentius
1310 3017 1392 3083 illud
1421 3018 1516 3084 vobis
1544 3018 1728 3103 presidium
1758 3016 1861 3085 favoris

513 3120 737 3207 impendimus
752 3143 811 3207 per
826 3122 916 3207 quod
931 3121 1052 3208 quietis
1067 3129 1102 3187 et
1117 3122 1209 3208 pacis
1223 3121 1399 3208 provenire
1414 3121 1511 3188 vobis
1524 3122 1667 3206 gratiam
1683 3123 1860 3189 sentiamus.

514 3225 610 3308 Sane,
633 3226 718 3294 sicut
741 3227 940 3312 accepimus,
964 3226 1115 3312 quamvis
1137 3226 1171 3291 in
1194 3226 1435 3292 circumvicinis
1455 3225 1603 3311 partibus
1626 3226 1772 3292 civitatis
1793 3225 1860 3290 Tor·

512 3331 665 3397 nacensis
688 3331 838 3416 gravium
868 3330 1004 3415 vigeant
1033 3350 1225 3415 guerrarum
1248 3330 1440 3397 discrimina
1465 3339 1501 3397 et
1527 3333 1570 3396 ob
1597 3331 1663 3397 boc
1686 3331 1860 3417 frequenter

512 3435 683 3517 violentie,
696 3435 810 3520 injurie
825 3445 860 3500 et
875 3455 1030 3501 excessus
1044 3443 1176 3501 atroces
1191 3435 1223 3499 in
1240 3435 1367 3502 eisdem
1382 3436 1530 3520 partibus
1545 3435 1774 3501 inhumaniter
1785 3456 1860 3503 com-

512 3539 698 3620 mittantur,
710 3549 826 3605 tamen
842 3539 994 3605 nonnulli
1010 3538 1178 3605 interdum
1193 3559 1253 3605 vos
1266 3539 1499 3617 communiter,
1511 3538 1679 3604 interdum
1696 3541 1860 3606 canonicos

513 3651 547 3707 et
562 3664 702 3726 magnos
717 3642 857 3708 vicarios
872 3643 1012 3708 ecclesie
1028 3649 1139 3708 vestre
1155 3649 1366 3726 vestramque
1382 3650 1416 3708 et
1432 3662 1548 3707 eorum
1564 3642 1725 3708 familiam
1741 3662 1859 3710 necnon

511 3748 703 3831 capellanos
725 3755 759 3810 et
784 3747 922 3813 clericos
941 3746 1034 3813 chori
1055 3746 1156 3812 vestri
1184 3746 1217 3811 in
1241 3745 1359 3811 eadem
1386 3746 1529 3812 ecclesia
1552 3749 1777 3831 personaliter
1796 3747 1860 3812 resi-

510 3849 629 3916 dentes
644 3850 770 3915 faciunt
786 3871 854 3916 non
871 3852 980 3916 solum
996 3858 1090 3915 extra
1114 3850 1287 3917 civitatem
1303 3858 1338 3914 et
1361 3850 1522 3916 diocesim
1538 3849 1799 3933 Tomacensem,
1813 3847 1861 3916 sed

511 3963 605 4019 extra
620 3975 758 4040 regnum
775 3954 924 4035 Francie,
940 3956 1140 4022 auctoritate
1156 3955 1341 4021 litterarum
1357 3954 1450 4020 Sedis
1465 3954 1650 4040 apostolice
1660 3955 1862 4040 adjudicium

511 4059 652 4124 evocari.
670 4058 744 4123 Nos
759 4059 882 4143 itaque,
898 4067 1008 4125 vestre
1024 4060 1057 4124 in
1073 4061 1138 4125 bac
1152 4067 1247 4144 parte
1262 4058 1438 4143 providere
1454 4058 1557 4143 quieti
1575 4058 1754 4125 salubriter
1765 4059 1862 4124 inten-

511 4161 641 4244 dentes,
666 4164 871 4249 presentium
901 4164 996 4229 vobis
1025 4163 1225 4229 auctoritate
1255 4162 1469 4228 concedimus
1499 4170 1536 4227 ut
1562 4181 1623 4226 vos
1646 4163 1864 4228 communiter

510 4289 643 4333 necnon
660 4268 824 4348 canonici,
839 4268 952 4333 vicarii
969 4289 1007 4333 ac
1023 4268 1185 4353 capellani
1201 4275 1236 4332 et
1252 4266 1360 4332 elerici
1380 4267 1471 4333 chori
1492 4265 1634 4352 predicti
1658 4287 1679 4330 a
1702 4285 1865 4352 quoquam

509 4393 569 4457 per
584 4372 712 4437 litteras
728 4372 821 4438 Sedis
836 4372 1020 4457 apostolice
1035 4380 1092 4436 aut
1108 4374 1293 4456 legatorum
1308 4372 1362 4435 vel
1385 4371 1614 4455 delegatorum
1637 4380 1697 4436 aut
1720 4371 1866 4436 subdele-

509 4484 662 4560 gatorum
679 4476 780 4561 ipsius
796 4476 965 4542 conveniri
989 4478 1042 4540 vel
1063 4474 1109 4542 ad
1128 4474 1289 4560 judicium
1312 4475 1442 4540 evocari
1466 4483 1561 4539 extra
1582 4472 1713 4540 dictum
1733 4495 1868 4561 regnum

511 4578 650 4644 Francie
674 4601 742 4645 non
767 4580 911 4665 possitis,
935 4579 997 4644 nisi
1023 4579 1141 4645 eedem
1160 4579 1270 4644 littere
1291 4578 1384 4643 Sedis
1411 4578 1559 4663 ejusdem
1585 4578 1627 4643 de
1651 4580 1870 4645 concessione

509 4684 697 4768 hujusmodi
725 4684 905 4770 specialem
930 4692 964 4748 et
985 4704 1175 4768 expressam
1199 4684 1240 4748 de
1263 4686 1365 4748 verbo
1388 4682 1430 4747 ad
1452 4685 1591 4748 verbum
1612 4682 1756 4748 fecerint
1782 4704 1871 4748 men-

509 4787 648 4868 tionem,
665 4789 850 4853 sententias
866 4809 983 4854 omnes
999 4787 1368 4859 excommunicationis.
1385 4786 1609 4871 suspensionis
1632 4794 1667 4850 et
1692 4786 1873 4866 interdicti,

512 4892 537 4957 si
562 4913 643 4976 quas
667 4893 700 4957 in
723 4914 785 4959 vos
805 4895 858 4958 vel
884 4894 1030 4977 aliquem
1050 4899 1199 4958 vestrum
1219 4892 1441 4958 communiter
1464 4893 1517 4955 vel
1539 4890 1672 4956 divisim
1688 4912 1750 4976 per
1776 4914 1875 4977 quos·

509 5017 641 5082 cunque
656 5006 774 5064 contra
789 4996 978 5081 hujusmodi
1000 4996 1252 5062 concessionem
1282 5004 1431 5061 nostram
1454 4994 1632 5079 contig‘erit
1654 4997 1875 5082 promulgari,

509 5102 728 5169 decernentes
748 5101 854 5167 irritas
880 5108 915 5166 et
939 5101 1055 5168 inanes
1067 5125 1077 5182 ;
1101 5100 1310 5189 presentibus
1335 5108 1413 5190 post
1439 5097 1705 5188 quinquennium
1731 5100 1876 5176 minime
