4409 6017
419 662 481 730 LVI
604 691 607 697 ·
1003 659 1184 726 Fornulaire

425 810 472 874 tio,
498 809 612 863 assidue
637 808 797 873 prosperari
821 825 856 862 ac
880 807 933 880 tibi
957 807 1060 862 exinde
1085 824 1103 860 a
1125 807 1190 861 Deo
1214 813 1346 872 perennis
1368 807 1426 862 vite
1449 805 1589 872 premium
1612 803 1775 868 rependatur

422 903 450 946 et
474 891 592 945 anobis
615 890 758 955 condigna
781 891 928 957 proveniat
951 892 1025 944 actio
1048 889 1213 954 gratiarum.

459 974 567 1029 Datum
589 983 618 1027 ut
638 990 733 1039 supra

1077 1170 1125 1256 9.

459 1414 642 1482 sucurre
667 1412 880 1478 accounts
904 1426 930 1477 a
955 1427 1007 1477 uu
1032 1411 1136 1477 Asse
1161 1424 1212 1476 ue
1236 1423 1408 1487 omrren
1433 1422 1486 1473 ea
1509 1420 1628 1472 cunm
1654 1419 1752 1473 eouu

628 1531 816 1584 menone
841 1531 893 1582 LA
918 1529 1132 1582 ornecrrou
1158 1530 1209 1581 pe
1234 1529 1308 1581 sou
1333 1512 1587 1580 monasteris.

1028 1660 1066 1721 (n.
1092 1659 1183 1722 1134).

464 1839 577 1893 Dilecto
606 1839 666 1895 filio
695 1838 842 1906 Gaufrido,
871 1838 968 1892 abbati
996 1835 1162 1891 monasterii
1181 1836 1209 1889 S.
1227 1834 1371 1888 Laurentii
1387 1833 1465 1898 juxta
1485 1832 1630 1891 Leodium.
1649 1831 1683 1890 0,
1702 1830 1728 1887 S.
1744 1832 1776 1889 B.

426 1924 555 1978 salutem.

462 2002 577 2055 Pridem
595 2003 669 2057 circa
688 2013 795 2056 statum
813 2002 976 2056 monasterii
997 2002 1024 2056 S.
1046 2000 1191 2054 Laurentii
1206 1999 1286 2064 juxta
1303 1998 1448 2062 Leodium,
1467 1997 1500 2051 Ο.
1517 1997 1546 2053 S.
1563 1996 1604 2060 B,
1620 2006 1689 2050 tunc
1703 1994 1776 2049 abba

429 2085 464 2138 tis
490 2086 628 2148 regimine
653 2086 787 2151 destituti,
813 2096 934 2149 paterna
958 2084 1149 2138 sollicitudine
1168 2082 1317 2145 vigilantes
1335 2099 1368 2134 ac
1386 2082 1544 2144 cogitantes
1562 2078 1697 2133 attentius
1712 2077 1776 2141 quot

427 2184 478 2231 per
505 2177 553 2221 tue
580 2167 839 2230 circumspectionis
868 2166 1034 2220 industriam
1059 2165 1140 2219 idem
1152 2163 1356 2217 monasterium
1370 2164 1472 2227 poterit
1487 2160 1607 2214 relevari
1620 2177 1638 2213 a
1658 2155 1744 2212 noxiis
1755 2166 1776 2209 et

431 2249 588 2314 salubriter,
610 2250 695 2303 dante
716 2250 848 2308 Domino.
868 2249 1030 2313 gubernari,
1052 2261 1088 2311 te,
1109 2266 1196 2313 quem
1211 2248 1248 2302 de
1265 2248 1410 2312 religionis
1427 2247 1495 2309 zelo,
1512 2247 1663 2299 honestate
1678 2256 1776 2297 morunt

428 2331 546 2395 aliisque
568 2333 701 2384 virtutum
721 2330 827 2385 meritis
848 2331 1060 2394 fidedignorum
1078 2331 1241 2385 testimonia
1256 2330 1498 2393 commendarunt,
1514 2329 1608 2383 eidem
1618 2324 1776 2379 monasterio

429 2413 466 2466 de
488 2414 608 2467 fratrum
628 2423 789 2466 nostrorum
811 2414 928 2467 consilio
951 2414 980 2468 in
1002 2414 1139 2467 abbatem
1160 2413 1331 2478 prefecimus
1352 2423 1380 2466 et
1401 2423 1552 2475 pastorem.

464 2497 537 2549 Cum
549 2506 646 2549 autem
658 2497 840 2561 postmodum
853 2514 904 2561 per
912 2498 1106 2551 venerabilem
1125 2497 1243 2551 fratrem
1261 2505 1389 2549 nostrum
1409 2493 1532 2556 Petrum,
1553 2494 1717 2558 episcopum
1735 2489 1774 2544 Pe

429 2577 593 2642 nestrinum,
610 2578 662 2631 tibi
680 2578 830 2632 fecerimus
847 2595 950 2631 munus
966 2578 1173 2633 benedictionis
1193 2577 1326 2643 impendi,
1337 2576 1499 2632 discretioni
1509 2586 1557 2629 tue
1567 2592 1619 2640 per
1637 2571 1776 2638 apostolica

428 2659 532 2724 scripta
556 2660 725 2713 mandamus
756 2671 896 2723 quatenus
920 2661 957 2714 ad
980 2660 1140 2725 predictum
1157 2658 1361 2712 monasterium
1377 2668 1425 2711 tue
1444 2674 1510 2711 cure
1528 2656 1710 2720 commissum
1725 2668 1776 2708 cum

429 2740 606 2805 plenitudine
625 2742 716 2805 gratie
734 2752 830 2795 nostre
850 2741 1056 2795 benedictionis
1075 2742 1224 2805 accedens,
1254 2741 1294 2793 sic
1322 2739 1392 2794 illud
1420 2738 1545 2793 fideliter
1572 2748 1600 2791 et
1628 2737 1776 2802 prudenter,

429 2823 509 2885 iuxta
528 2823 624 2876 datam
644 2841 661 2876 a
680 2824 744 2877 Deo
763 2824 814 2877 tibi
833 2825 1019 2887 prudentiam,
1040 2841 1142 2887 regere
1163 2822 1287 2889 studeas,
1307 2823 1384 2886 quod
1404 2818 1608 2873 monasterium
1628 2818 1719 2884 ipsum
1736 2816 1776 2870 suh

431 2912 479 2956 tuo
502 2903 657 2958 ministerio
679 2904 806 2968 feliciter,
830 2917 974 2958 annuente
996 2905 1091 2958 divina
1112 2902 1271 2968 clementia,
1294 2904 1464 2957 salutaribus
1486 2900 1616 2966 proficiat
1640 2900 1776 2954 incremen·

429 2984 463 3038 tis
487 3003 596 3048 nosque
621 2986 806 3041 solicitudinis
841 2996 889 3041 tue
912 2987 1037 3042 sardium
1059 2986 1154 3050 dignis
1182 2985 1327 3038 valeamus
1354 2984 1382 3039 in
1410 2984 1535 3039 Domino
1561 2982 1692 3038 laudibus
1717 2995 1776 3035 com·

428 3064 572 3123 mendare.

469 3146 576 3204 Datum
597 3149 738 3220 Arinione
760 3150 803 3205 111
825 3149 882 3205 kal.
903 3150 996 3205 martir
1015 3166 1091 3206 anno
1111 3146 1240 3217 septimo.

1071 3415 1147 3501 10.

487 3656 669 3720 saeuire
694 3668 746 3719 pe
771 3668 973 3721 uscsvorn
998 3669 1071 3722 Les
1095 3669 1252 3722 onunss
1277 3656 1429 3732 sacres
1455 3647 1546 3719 p'uu
1571 3654 1733 3730 evitonis

970 3773 1247 3837 QueecouQUE.

1029 3892 1066 3952 (n.
1089 3891 1177 3952 1341).

468 4066 581 4122 Dilecto
606 4067 667 4121 filio
692 4066 785 4130 Helie,
813 4068 903 4122 electo
927 4066 1110 4133 Tomacensi,
1132 4068 1261 4123 salutem.

469 4149 541 4202 Cum
557 4166 650 4214 nuper
666 4160 693 4204 te
711 4148 830 4203 ecclesie
846 4148 1028 4215 Tornacensi,
1045 4160 1112 4203 tunc
1133 4148 1253 4213 pastoris
1280 4149 1418 4212 regimine
1443 4149 1585 4213 destitute,
1612 4148 1649 4201 de
1675 4145 1776 4201 fratrur

432 4242 593 4285 nostrorum
621 4230 747 4297 consilio,
776 4232 944 4285 auctoritate
973 4232 1131 4295 apostolica
1150 4230 1313 4284 duxerimus
1328 4232 1560 4295 promovendum,
1575 4229 1777 4294 preficiendot

433 4311 526 4366 eidem
545 4312 664 4366 ecclesie
684 4314 711 4365 in
731 4313 895 4377 episcopum
913 4322 941 4367 et
960 4322 1110 4377 pastorem,
1132 4323 1215 4378 prout
1244 4312 1273 4367 in
1302 4312 1404 4366 nostris
1434 4312 1500 4366 inde
1528 4311 1665 4366 confectis
1695 4311 1776 4365 litten'

433 4394 544 4459 plenius
562 4397 729 4457 continetur,

469 4491 522 4528 nos
539 4476 577 4529 ad
594 4494 627 4529 ea
646 4477 838 4539 libenterque
855 4486 904 4529 tuo
921 4476 1005 4529 statui
1023 4486 1185 4539 congruunt
1203 4488 1322 4540 patema
1339 4476 1516 4531 solicitudine
1535 4477 1724 4537 intendentes,
1741 4474 1776 4530 tui

433 4555 686 4619 supplicationibus
716 4556 848 4622 inclinati,
879 4556 937 4620 tibi,
967 4557 1016 4620 qui
1044 4556 1168 4612 clericali
1189 4556 1336 4612 dumtaxat
1357 4567 1500 4611 caractere
1522 4558 1671 4620 insignitus
1692 4555 1776 4610 existi

433 4647 463 4688 ut
490 4635 607 4690 ubilibet
633 4655 650 4690 a
668 4654 847 4702 quocumque
873 4638 918 4690 vel
943 4638 1171 4702 quibuscumque
1192 4637 1325 4692 malueris
1346 4638 1470 4694 antistite
1492 4655 1542 4691 seu
1562 4637 1734 4692 antistitibus
1754 4655 1776 4693 o·

433 4718 551 4783 tholicis,
577 4721 698 4782 gratiam
723 4730 750 4775 et
776 4722 1005 4775 communionem
1029 4719 1187 4785 apostolice
1209 4721 1290 4773 Sedis
1311 4721 1490 4785 habentibus,
1512 4738 1612 4776 omnes
1632 4733 1691 4776 tam
1711 4723 1776 4777 min«

438 4814 482 4849 res
503 4816 590 4862 quam
609 4818 705 4854 sacros
724 4801 846 4859 ordines.
868 4802 978 4856 statutis
999 4819 1015 4854 a
1035 4803 1096 4863 jure
1118 4802 1301 4865 temporibus,
1320 4802 1446 4866 recipere
1462 4819 1495 4855 ac
1512 4802 1605 4855 eidem
1621 4819 1671 4856 seu
1690 4802 1776 4857 eisder

434 4879 550 4932 antistiti
576 4880 620 4932 vel
645 4882 815 4936 antistitibus
841 4893 870 4934 ut
894 4882 1056 4944 hujusmodi
1080 4882 1198 4935 ordines
1218 4883 1385 4935 auctoritate
1404 4894 1499 4935 nostra
1520 4883 1600 4937 dictis
1620 4886 1776 4949 temporibr

431 4956 562 5011 conferre
584 4975 634 5010 seu
657 4959 821 5023 impendere
843 4961 894 5014 tibi
915 4962 1022 5025 possint
1044 4959 1160 5024 plenam
1181 4972 1207 5014 et
1227 4961 1346 5015 liberam
1365 4962 1547 5014 concedimus
1566 4974 1664 5018 tenore
1683 4985 1776 5031 presei

432 5040 502 5091 tium
522 5039 695 5096 facultatem.

468 5121 576 5179 Datum
594 5122 734 5179 Avinione
752 5124 880 5181 kalendis
898 5123 969 5190 junii
985 5140 1061 5179 auno
1077 5134 1188 5182 octavo.
