4409 6017
330 395 358 580 Ι
608 462 611 466 ’
894 467 1051 535 Deuribme
1072 467 1174 531 anne'e.
1664 464 1716 530 191

309 646 311 700 ἶ
405 618 515 702 492.
1401 632 1675 713 1318106616.

309 727 322 755 ²⁴
404 736 543 803 Matheo
558 737 649 803 Scoti
665 745 853 804 reservatur
867 738 1012 823 dignitas
1028 757 1086 801 seu
1103 740 1300 819 personatus
1315 734 1368 798 vel
1385 732 1532 799 officium
1560 734 1592 797 in
1614 735 1720 799 eccle-

370 840 406 904 sia
419 839 634 921 Tomacensi,
650 862 719 907 non
736 843 893 906 obstante
909 839 999 925 quod
1015 840 1049 903 in
1065 838 1183 903 eadem
1200 835 1404 901 Tornacensi
1421 846 1455 900 et
1468 835 1644 916 llleldensi,
1661 840 1721 902 sub

367 945 593 1029 expectatione
608 944 903 1031 prebendarum,in
921 943 1118 1009 canonicum
1130 950 1180 1005 est
1190 949 1353 1025 receptus,
1370 949 1404 1004 et
1420 941 1509 1023 quod
1526 940 1558 1003 in
1570 941 1601 1004 S.
1614 939 1721 1004 Marie

364 1046 584 1114 corboliensis
599 1057 634 1114 et
649 1048 692 1113 de
709 1048 803 1112 Valle
820 1047 1043 1125 Pruviuensis,
1061 1044 1254 1110 Parisiensis
1270 1052 1303 1107 et
1320 1043 1522 1109 Senonensis
1537 1044 1719 1123 diocesurn,

309 1212 310 1232 ,
360 1152 506 1218 ecclesiis
523 1152 742 1217 canonicatus
759 1160 792 1217 et
809 1150 995 1236 prebendas
1011 1150 1153 1215 obtinet.

395 1255 597 1341 Apostolice
613 1254 750 1320 Sedis...

396 1359 478 1424 Dat.
496 1358 597 1425 Avin.
616 1364 634 1423 6
651 1358 695 1424 id.
711 1358 821 1424 martii
838 1379 928 1424 anno
945 1380 974 1423 2.

398 1461 440 1527 ln
457 1484 487 1527 e.
504 1483 550 1526 m.
567 1460 790 1527 Noviomensi
808 1471 843 1527 et
860 1461 1026 1527 Meldensi
1044 1460 1209 1547 episcopis
1225 1480 1264 1525 ac
1280 1458 1410 1525 decano
1420 1458 1560 1524 ecclesie
1572 1456 1721 1523 Xancto-

354 1586 480 1631 nensis

386 1727 449 1789 Reg.
461 1729 511 1775 Ar.
523 1728 545 1786 8,
559 1727 577 1775 f.
590 1728 667 1783 284'3
686 1726 745 1776 Vat.
758 1728 797 1786 67,
810 1728 828 1776 f.
845 1728 899 1785 185,
911 1741 936 1775 u.
949 1728 1004 1775 628.

400 1933 521 2019 493
1405 1949 1500 2028 1318,
1518 1968 1560 2010 10
1576 1968 1679 2009 irrora.

399 2051 564 2118 Therrico
579 2050 672 2117 dicto
688 2050 820 2115 Buillon
838 2050 1008 2116 confertur
1018 2050 1234 2116 canonicatus
1244 2050 1385 2116 ecclesie
1395 2051 1426 2114 S.
1441 2049 1529 2114 Petri
1547 2049 1588 2113 de
1600 2048 1722 2128 Insula,

355 2154 585 2221 Tornacensis
611 2153 762 2234 diocesis,
790 2156 851 2218 sub
881 2154 1116 2239 expectatione
1140 2154 1318 2239 prebende,
1349 2174 1417 2218 non
1452 2154 1608 2217 obstante
1634 2150 1723 2233 quod

355 2256 605 2344 parrochialem
620 2256 797 2322 ecclesiam
816 2256 847 2321 S,
864 2256 1024 2341 Stephani
1044 2257 1276 2323 Atrebatensis
1302 2266 1337 2322 et
1362 2264 1558 2341 perpetuam
1582 2254 1725 2338 capella-

355 2362 452 2427 niam
468 2361 567 2427 castri
584 2359 627 2426 de
645 2358 802 2445 Choquis‚
815 2359 1019 2426 Morinensis
1034 2361 1187 2441 diocesis,
1204 2361 1345 2425 obtinet.

404 2465 462 2531 nd
476 2466 652 2531 illorum...

405 2570 486 2635 Dat.
503 2568 603 2633 Avin.
622 2574 640 2633 6
656 2568 700 2634 id.
715 2569 824 2634 martii
839 2589 930 2634 anno
947 2590 976 2633 2.

405 2672 448 2737 In
464 2694 494 2738 e.
511 2694 556 2738 m.
573 2672 685 2738 abbati
702 2674 895 2765 monasterii
908 2673 939 2737 S.
950 2673 1094 2738 Amandi
1109 2673 1141 2737 in
1154 2672 1287 2749 Pabula,
1300 2671 1521 2738 Tornacensis
1531 2671 1682 2749 diocesis,
1694 2678 1727 2733 et

359 2777 502 2862 Symoni
518 2775 562 2841 de
579 2777 756 2856 Archiam,
772 2777 903 2842 decano
919 2774 1181 2856 Xanctonensis,
1197 2797 1284 2861 pape
1301 2779 1484 2861 capellano
1501 2796 1541 2841 ac
1556 2773 1726 2859 preposito

358 2880 596 2946 attrebatensis
611 2880 839 2946 ecclesiarum.

309 3045 311 3056 ’
390 3043 454 3102 neg.
467 3045 515 3090 nv.
528 3043 550 3102 a,
564 3042 581 3090 r.
595 3044 670 3100 nm
690 3042 747 3091 vat.
758 3045 797 3101 61,
812 3044 830 3091 f.
846 3044 902 3101 aaa,
917 3057 941 3090 n.
955 3046 1011 3091 roa.

309 3259 313 3346 Ι
405 3245 528 3326 494.
1410 3262 1504 3340 1318,
1524 3259 1564 3320 16
1582 3280 1684 3320 tritara.

410 3362 585 3449 Episcopo
609 3360 787 3427 Leodiensi
820 3362 998 3428 mandatur
1024 3371 1191 3446 quatenus
1221 3384 1297 3428 curn
1325 3363 1476 3427 Anroldo
1502 3361 1627 3426 Bussen
1654 3360 1696 3424 de
1719 3370 1731 3392 ‘¹

368 3467 518 3548 Elnisen,
535 3465 699 3550 armigero
715 3464 911 3531 Leodiensis
925 3466 1076 3546 diocesis,
1093 3476 1128 3532 et
1144 3466 1262 3546 Maria,
1279 3476 1358 3531 nata
1383 3466 1551 3549 quondam
1576 3464 1664 3528 Petri
1689 3464 1730 3528 de

369 3569 479 3650 Mete,
496 3568 611 3634 militis
627 3569 776 3653 ejusdem
789 3568 940 3649 diocesis,
952 3590 1049 3655 super
1061 3571 1168 3654 quarti
1180 3570 1351 3636 affinitatis
1360 3569 1479 3654 gradus
1490 3569 1733 3654 irnpedirnento

369 3695 410 3738 ex
437 3682 518 3739 actu
543 3673 774 3739 fornicationis
800 3674 1030 3758 proveniente,
1055 3674 1226 3759 dispenset
1253 3676 1286 3739 in
1312 3674 1529 3738 matrimonio
1556 3679 1732 3738 contracto

370 3776 557 3843 secundum
585 3778 829 3842 conventiones
854 3798 912 3863 per
940 3777 1148 3843 Ludovicum
1174 3779 1216 3844 de
1249 3777 1389 3844 Francia
1422 3785 1457 3843 et
1490 3777 1662 3841 dorninarn
1690 3774 1732 3839 de

371 3880 500 3947 Verson
516 3880 666 3965 aliosque
678 3890 851 3964 magnates
866 3882 996 3946 illarum
1011 3882 1155 3966 partium
1172 3882 1286 3948 factas.

415 3984 577 4050 Exhibita
593 3985 701 4050 nobis.
711 4036 730 4048 ..

312 4055 322 4208 i
414 4089 494 4154 Dat.
508 4088 611 4153 Avin.
632 4107 668 4171 17
685 4088 750 4153 kal.
766 4090 878 4174 aprilis
893 4111 983 4156 anno
1002 4112 1030 4156 2.

315 4235 330 4335 l
405 4255 688 4318 666166661669,
703 4270 728 4303 n.
739 4257 785 4303 aar
798 4271 821 4304 a.

321 4336 331 4510 ι
417 4461 535 4546 495.
1419 4496 1437 4538 1
1465 4478 1508 4539 18
1532 4474 1693 4538 romara.

327 4513 331 4566 ἢ
423 4579 570 4644 Roberto
584 4576 627 4642 de
644 4575 837 4643 Curtiniaco
853 4578 1069 4644 conseruntur
1092 4579 1308 4644 canonicatus
1324 4587 1358 4644 et
1373 4495 1542 4665 prebenda
1558 4598 1597 4642 ac
1618 4596 1739 4662 prepo-

330 4675 337 4796 ι
386 4680 480 4745 situra
495 4681 634 4747 ecclesie
651 4681 682 4745 S.
700 4680 789 4746 Petri
806 4681 848 4746 de
866 4682 988 4761 lnsula,
1001 4681 1223 4749 Tornacensis
1238 4683 1389 4764 diocesis,
1406 4692 1566 4749 vacantes
1588 4701 1648 4766 per
1669 4678 1738 4743 obi-

344 4921 348 4937 ,
420 4897 441 4928 a.
452 4884 517 4931 etde
530 4900 580 4945 rap.
