4409 6017
495 686 552 751 104
1038 685 1186 752 Premi‘ere
1207 686 1309 753 annio.

493 857 570 904 cum
595 838 682 903 clare
708 836 870 905 memorie
886 834 1070 915 Ludovic0,
1092 857 1169 921 rege
1198 834 1225 900 F
1227 835 1337 902 rancie
1361 845 1396 903 et
1420 836 1581 921 Navarre,
1605 840 1649 905 de
1672 839 1851 906 concordia

494 940 581 1006 inter
595 940 704 1025 ipsum
713 949 749 1006 et
760 960 821 1005 vos
838 938 943 1005 solide
952 938 1164 1005 refbrmanda
1176 939 1318 1005 sollicite
1330 951 1580 1026 prosequentes,
1593 963 1671 1008 cum
1683 943 1851 1010 carissimo

495 1045 528 1109 in
544 1043 677 1110 Christo
693 1044 763 1111 filio
777 1052 893 1110 nostro
909 1042 1075 1130 Philippo,
1092 1063 1269 1128 regnorum
1286 1044 1430 1129 ipsorum
1447 1065 1525 1129 rege
1538 1046 1666 1127 illustri,
1679 1067 1742 1133 pro
1754 1047 1854 1133 ipsius

493 1148 698 1235 perfectione
713 1156 874 1214 tractatus
889 1147 1020 1213 habetis
1035 1168 1148 1213 coram
1161 1148 1234 1233 ipso
1244 1168 1322 1232 rege
1333 1157 1424 1214 certa
1433 1149 1487 1215 die
1498 1148 1640 1216 Parisius
1649 1171 1852 1237 comparere.

493 1250 617 1317 Verum
632 1252 789 1337 quoniam
805 1251 847 1317 ad
863 1251 929 1317 hoc
949 1250 1103 1335 antiquus
1118 1251 1226 1317 hostis
1248 1252 1409 1334 innititur,
1434 1253 1476 1318 ad
1498 1254 1565 1319 hoc
1589 1253 1853 1340 frequentissime

492 1377 568 1423 suas
593 1356 702 1422 tendit
728 1355 871 1436 insidias,
902 1355 944 1421 ad
971 1356 1036 1421 hoc
1063 1355 1230 1421 interdum
1254 1377 1290 1421 se
1320 1355 1505 1442 periculose
1530 1357 1561 1421 in
1588 1358 1671 1425 lucis
1697 1359 1853 1443 angelum

492 1460 703 1544 transfigurat
728 1467 766 1525 ut
791 1462 961 1545 perturbet
988 1458 1079 1545 pacis
1103 1459 1252 1546 optande
1274 1460 1412 1526 consilia
1434 1469 1470 1526 et
1493 1460 1696 1528 zizaniorum
1721 1473 1854 1548 spargat

492 1563 619 1629 semina
635 1573 669 1629 et
684 1585 796 1650 sparsa
812 1564 924 1629 foveat
939 1572 974 1628 et
990 1572 1178 1642 conservet,
1195 1584 1267 1644 nos,
1277 1572 1348 1629 tam
1367 1564 1409 1629 de
1425 1563 1527 1651 ipsius
1542 1565 1631 1651 regni
1650 1564 1804 1646 Francie,
1814 1567 1855 1632 ad

492 1668 582 1753 quod
597 1669 732 1754 originis
747 1668 832 1733 ratio
847 1689 909 1733 nos
924 1667 1112 1753 specialiter
1127 1666 1241 1748 afficit,
1254 1689 1354 1752 quam
1366 1668 1446 1734 dicti
1460 1669 1554 1753 regis,
1566 1669 1599 1734 in
1616 1690 1684 1754 quo
1701 1669 1855 1736 Romana

491 1780 598 1838 mater
623 1772 774 1840 Ecclesia
799 1771 972 1857 singularis
996 1770 1187 1837 devotionis
1214 1772 1524 1856 promptitudinem,
1549 1780 1583 1838 et
1608 1793 1670 1839 nos
1693 1774 1854 1841 affectum

488 1876 673 1942 reverentie
689 1876 796 1941 filialis
811 1875 983 1941 evidenter
997 1874 1157 1960 reperisse
1172 1876 1324 1956 letamur,
1338 1876 1452 1942 votiva
1464 1876 1707 1962 tranquillitate
1718 1898 1852 1944 necnon

488 1980 532 2047 de
546 1989 657 2047 vestra
672 1983 778 2046 salute
794 1979 938 2059 solliciti,
954 1989 989 2044 et
1013 1977 1249 2044 nichilominus
1271 1980 1517 2065 compatientes
1540 2001 1581 2045 ex
1604 1980 1731 2047 intimis
1751 1979 1855 2046 Terre

489 2085 623 2164 Sancte,
639 2103 703 2168 que
719 2084 761 2148 ad
783 2083 863 2149 dicti
880 2083 966 2166 regis
981 2090 1058 2167 post
1074 2081 1185 2147 Deum
1208 2081 1373 2166 singulare
1388 2083 1589 2167 suffragium,
1606 2084 1854 2170 expectationis

491 2188 590 2254 anxie
604 2187 696 2254 tedio
719 2187 865 2272 fatigata,
881 2186 1033 2272 suspirat,
1050 2194 1083 2251 et
1107 2194 1283 2273 propterea
1304 2186 1406 2272 ipsius
1429 2187 1534 2253 hostis
1554 2187 1692 2254 humani
1714 2190 1855 2274 generis,

493 2294 602 2362 litium
628 2292 794 2373 amatoris,
818 2291 971 2357 volentes
997 2289 1119 2376 iniquis
1145 2290 1179 2356 in
1203 2291 1267 2358 hac
1300 2301 1394 2377 parte
1420 2291 1596 2359 conatibus
1621 2291 1704 2359 totis
1733 2293 1857 2359 viribus

495 2399 652 2483 omnique
668 2396 797 2464 cautele
813 2395 923 2461 studio
939 2395 1084 2474 obviare,
1101 2394 1333 2461 universitates
1343 2406 1470 2462 vestras
1481 2395 1676 2479 monendas,
1692 2397 1858 2483 rogandes

494 2502 649 2569 duximus
675 2509 710 2566 et
734 2499 915 2566 hortandas
947 2500 980 2563 in
1007 2498 1155 2563 Domino
1180 2497 1284 2576 Jhesu
1309 2498 1454 2580 Christo,
1482 2520 1564 2566 sano
1589 2499 1685 2566 vobis
1716 2500 1859 2568 consilio

495 2604 674 2674 suadentes
690 2604 853 2691 quatinus,
866 2602 1117 2668 imminentibus
1131 2603 1228 2669 vobis
1243 2625 1285 2667 ex
1299 2603 1463 2670 discordie
1478 2624 1537 2670 seu
1550 2624 1667 2689 guerre
1682 2604 1859 2671 continua·

495 2712 589 2778 tione
612 2709 797 2777 animarum
825 2727 1069 2793 corporumque
1089 2706 1244 2792 periculis
1264 2715 1299 2773 et
1319 2707 1466 2794 lapsibus
1491 2708 1689 2775 facultatum
1713 2707 1859 2775 discreta

393 2834 395 2837 ·
495 2814 715 2882 meditatione
730 2810 887 2900 pensatis,
909 2812 996 2877 circa
1019 2810 1259 2896 perfectionem
1282 2819 1445 2877 tractatus
1468 2811 1570 2898 ipsius
1591 2811 1639 2879 sic
1661 2832 1723 2878 vos
1745 2810 1858 2878 lauda·

495 2920 606 2988 biliter
620 2938 733 3005 gerere
749 2916 910 2983 studeatis
925 2915 1016 3001 quod
1030 2935 1088 2979 rex
1098 2925 1112 2949 ‘²
1128 2914 1198 3000 ipse
1219 2915 1391 2982 vobiscum
1407 2915 1460 3002 pie
1476 2936 1574 3001 agere
1589 2937 1630 2982 ac
1651 2935 1713 2982 vos
1737 2915 1859 2981 admit·

495 3031 566 3091 tere
582 3022 686 3090 solide
708 3021 751 3089 ad
773 3020 892 3105 regalis
913 3018 1140 3087 benivolentie
1160 3018 1324 3104 gremium
1347 3019 1533 3099 inclinetur,
1551 3039 1615 3087 nec
1637 3017 1860 3105 acquiescatis

494 3127 658 3214 perversis
681 3124 948 3211 suggestionibus
969 3123 1155 3209 aliquorum
1172 3122 1227 3208 qui
1243 3123 1285 3189 de
1311 3123 1499 3211 hujusmodi
1516 3143 1632 3211 guerra
1652 3144 1713 3191 seu
1732 3122 1859 3191 discor·

493 3229 549 3298 dia
565 3229 703 3297 sortasse
718 3229 911 3315 gauderent,
927 3226 1154 3294 desiderantes
1169 3227 1202 3293 in
1219 3226 1300 3292 mari
1316 3230 1452 3295 turbato
1466 3228 1597 3315 piscari,
1617 3235 1652 3295 et
1668 3227 1724 3315 qui
1740 3247 1804 3296 vos
1825 3227 1859 3295 in

494 3334 694 3402 necessitate
710 3333 900 3400 desererent
914 3351 954 3398 ac
970 3331 1012 3398 de
1021 3341 1132 3398 vestra
1144 3331 1338 3398 confusione
1348 3353 1406 3399 seu
1417 3332 1594 3420 precipitio
1608 3353 1677 3399 non
1694 3339 1858 3414 curarent,

496 3438 576 3523 quin
606 3437 717 3524 potius
746 3438 792 3503 rei
822 3437 948 3503 exitum
973 3436 1111 3522 provide
1143 3436 1333 3511 metientes,
1358 3435 1478 3520 iniquis
1508 3437 1626 3503 talium
1650 3436 1859 3504 suasionibus

495 3542 635 3609 omnino
661 3542 801 3630 rejectis,
823 3542 915 3628 pacis
941 3539 1059 3605 ineatis
1081 3541 1216 3606 consilia
1241 3541 1340 3606 etad
1364 3540 1466 3626 ipsius
1492 3541 1578 3622 regis
1603 3540 1802 3607 fidelitatem
1824 3549 1859 3606 et

496 3637 722 3715 obedientiam
738 3646 890 3712 redeatis.
907 3646 938 3710 Si
955 3646 1045 3711 enim
1061 3645 1130 3711 rion
1149 3654 1279 3711 tantum
1297 3646 1329 3710 in
1346 3646 1455 3710 verbis
1476 3654 1510 3710 et
1527 3646 1613 3712 fictis
1634 3646 1858 3732 applausibus

495 3750 555 3817 sed
569 3771 629 3838 per
643 3749 829 3816 efficaciam
845 3771 984 3836 operum
1001 3759 1035 3815 et
1051 3770 1167 3815 eorum
1182 3749 1424 3835 perfectionem
1445 3772 1509 3834 que
1538 3750 1570 3813 in
1594 3757 1741 3816 tractatu
1758 3750 1860 3816 deve·

496 3875 576 3920 nere
599 3853 611 3888 a
633 3853 795 3939 predicto,
823 3875 863 3918 ea
889 3874 954 3937 quc
978 3853 1069 3938 pacis
1094 3863 1172 3917 sunt
1197 3852 1373 3918 ostenditis
1400 3853 1432 3916 in
1458 3853 1575 3917 vestris
1602 3873 1675 3918 esse
1705 3852 1861 3919 cordibus

497 3957 654 4038 radicata,
670 3978 735 4043 pax
752 3956 822 4042 ipsa
838 3977 902 4040 que
918 3958 1026 4021 solum
1048 3956 1111 4020 illis
1127 3956 1333 4041 promittitur
1349 3956 1403 4040 qui
1420 3958 1508 4020 bone
1531 3975 1591 4041 per
1612 3955 1726 4021 omnia
1741 3957 1861 4022 volun·

500 4060 578 4125 tatis
603 4059 760 4140 existunt,
782 4060 878 4124 vobis
910 4059 995 4123 sicut
1023 4059 1243 4125 honorificata
1264 4067 1371 4124 mater
1392 4068 1545 4125 occurret
1566 4080 1693 4144 nosque
1717 4059 1771 4144 qui
1796 4060 1863 4125 hoc

501 4161 608 4247 ipsum
629 4171 760 4245 gratum
785 4163 980 4227 habebimus
998 4162 1179 4227 admodum
1202 4174 1235 4227 et
1252 4171 1439 4247 acceptum,
1456 4183 1516 4248 pro
1539 4161 1729 4248 hujusmodi
1748 4170 1862 4229 nostre

501 4264 744 4331 exhortationis
759 4265 970 4331 exauditione
985 4266 1119 4343 devota,
1137 4287 1196 4330 vos
1212 4267 1385 4351 apostolici
1403 4265 1522 4331 favoris
1537 4266 1644 4349 gratia
1659 4266 1815 4351 prosequi
1828 4266 1861 4329 in

502 4370 620 4434 vestris
647 4369 928 4454 oportunitatibus
954 4370 1160 4435 inducemus.
1189 4369 1231 4434 Et
1257 4391 1335 4435 ecce
1363 4369 1548 4454 superbiis
1574 4390 1633 4455 per
1657 4369 1860 4456 apostolicas

504 4473 687 4557 litteras(¹)
700 4473 873 4538 scribimus
885 4472 976 4538 dicto
988 4473 1056 4556 regi
1076 4481 1110 4538 et
1133 4473 1370 4538 nichilominus
1386 4493 1483 4557 super
1500 4473 1563 4537 hiis
1579 4484 1612 4537 et
1629 4472 1702 4537 aliis
1718 4471 1863 4556 negotiis

503 4577 699 4663 peragendis
720 4576 875 4642 solennes
896 4577 1031 4641 nuutios
1052 4589 1193 4652 nostros,
1214 4576 1369 4642 videlicet
1390 4577 1614 4642 venerabilem
1636 4575 1772 4641 fnitrem
1788 4596 1863 4640 nos-

539 4813 563 4846 u.
577 4813 620 4846 rex
632 4814 741 4861 rrrnnque
754 4814 803 4862 ny.
819 4779 871 4848 ltili
911 4800 946 4848 -ln
964 4800 1069 4849 richron·
1082 4818 1132 4863 rep.
1148 4803 1158 4848 l
1164 4802 1200 4850 10.
