4409 6017
888 725 1045 798 fleuvi'lmo
1065 723 1168 797 annis.
1654 717 1714 793 547

349 882 490 949 decanis
504 902 545 948 ac
559 881 722 967 magistro
737 881 868 959 Jacobo
883 881 926 948 de
942 880 1088 962 Mutina,
1106 879 1273 947 canonico
1289 876 1540 945 Cameracensis
1556 875 1713 942 ecclesia-

307 1061 313 1069 ,
349 1007 436 1067 rum,
453 986 628 1071 capellano
643 1005 742 1071 pape.

307 1085 320 1204 ξ
384 1122 446 1185 Reg.
460 1125 506 1172 111,
520 1122 754 1182 22,1.362’;1111.
771 1123 844 1181 78,1.
858 1124 912 1181 274,
926 1137 951 1173 n.
967 1123 1023 1171 808.

399 1317 541 1401 1479.
1364 1350 1458 1414 1325,
1474 1330 1516 1394 26
1523 1331 1671 1412 J'crnru'er.

398 1435 551 1503 Gosuino
566 1436 610 1503 de
626 1435 759 1503 Calono
774 1435 946 1503 confertur
968 1437 1186 1504 canonicatus
1208 1435 1350 1501 ecclesie
1373 1435 1404 1501 S.
1428 1433 1568 1498 Servatii
1584 1432 1716 1515 Trajcc-

352 1540 469 1623 tensis,
487 1540 683 1607 Leodiensis
698 1540 854 1621 diocesis,
871 1543 932 1607 sub
948 1543 1187 1627 expectatione
1202 1539 1382 1627 prebende.

308 1671 309 1678 ¹
399 1645 572 1727 Attributa
587 1644 688 1711 tibi...

402 1748 480 1815 Dat.
496 1749 597 1816 Avin.
614 1766 633 1833 7
648 1748 715 1815 kal.
731 1749 885 1818 februarii
900 1770 991 1819 anno
1008 1770 1037 1831 9.

403 1851 443 1917 In
458 1873 488 1920 e.
503 1874 549 1921 m.
564 1853 694 1920 decano
709 1855 851 1921 ecclesie
867 1856 899 1922 S.
915 1854 1037 1921 Gudile
1053 1851 1289 1934 Bruxellensis,
1305 1850 1555 1918 Cameracensis
1564 1847 1717 1928 diocesis,

356 1976 399 2022 ac
415 1957 544 2023 cantori
561 1956 758 2023 Leodiensis
773 1968 809 2025 et
824 1957 950 2026 Busolo
966 1958 1009 2024 de
1025 1957 1156 2040 Parma,
1179 1956 1347 2024 canonico
1367 1954 1592 2022 Tornacensis
1610 1954 1718 2018 eccle-

356 2079 489 2127 siarum.

391 2201 453 2263 Bag.
468 2204 516 2253 Av.
530 2205 569 2257 22,
581 2202 599 2251 f.
611 2205 672 2251 167*
683 2219 690 2261 3
702 2203 762 2252 Vat.
774 2205 814 2263 78,
826 2203 846 2254 f.
861 2205 917 2264 347,
930 2218 955 2253 n.
972 2203 1043 2251 1010.

404 2396 550 2479 1480.
1367 2428 1462 2492 1325,
1479 2408 1677 2490 11111111.

405 2514 586 2598 Radulpho
606 2516 649 2582 de
665 2516 778 2582 Villari
795 2517 965 2583 confertur
981 2515 1200 2583 canonicatus
1215 2513 1356 2580 ecclesie
1379 2513 1411 2579 S.
1425 2511 1583 2578 Rumoldi
1602 2508 1720 2575 Maeli-

359 2618 496 2701 niensis,
513 2618 768 2687 Cameracensis
782 2619 935 2703 diocesis
952 2623 1012 2687 sub
1027 2620 1266 2705 expectatione
1281 2616 1461 2704 prebende.

403 2722 584 2789 Probitatis
598 2732 697 2789 tue...

406 2826 484 2892 Dat.
500 2826 601 2893 Avin.
620 2846 638 2910 7
655 2827 721 2895 kal.
737 2826 890 2893 februarii
907 2848 998 2896 anno
1015 2849 1045 2910 9.

405 2929 446 2995 In
462 2951 491 2995 e.
508 2950 554 2996 m.
570 2930 686 2997 abbati
701 2931 897 2999 monasterii
921 2932 952 2998 S.
980 2931 999 3009 J
1002 2932 1098 2999 acobi
1122 2938 1157 2997 et
1179 2930 1311 2997 decano
1332 2930 1363 2995 S.
1381 2928 1521 2995 Martini
1538 2949 1575 2993 ac
1592 2927 1718 2993 cantori
1791 2982 1793 2984 .

360 3035 392 3101 S.
409 3033 639 3101 Bartholomei
657 3033 894 3101 Leodiensium
910 3037 1137 3103 ecclesiarum.

393 3179 454 3242 aeg.
469 3182 517 3230 xv.
534 3181 602 3239 111.
617 3162 695 3239 sar->vj
709 3180 768 3231 vat.
783 3182 822 3242 11,
840 3182 859 3232 1.
876 3183 911 3241 11,
925 3196 950 3231 n.
965 3185 1036 3232 1253.

406 3369 544 3452 1481.
1355 3405 1449 3468 1325,
1473 3384 1514 3448 26
1527 3386 1675 3467 antu'er.

403 3486 546 3572 Symoni
572 3486 615 3553 de
640 3484 813 3569 Balances,
837 3496 919 3554 nato
944 3488 1115 3573 quondam
1140 3487 1282 3555 Goberti
1308 3488 1351 3554 de
1375 3485 1526 3569 Colonia,
1551 3487 1720 3553 confertur

360 3591 578 3657 canonicatus
593 3590 735 3657 ecclesie
751 3591 782 3656 S.
798 3590 818 3669 J
822 3591 965 3657 ohannis
987 3590 1183 3658 Leodiensis
1206 3594 1267 3658 sub
1287 3591 1526 3677 expectatione
1542 3590 1723 3676 prebende.

406 3692 589 3759 Probitatis
603 3701 702 3759 tue...

408 3796 486 3863 Dat.
502 3797 603 3864 Avin.
621 3816 638 3880 7
654 3796 721 3864 kal.
738 3797 893 3864 februarii
911 3820 1002 3865 anno
1019 3820 1048 3881 9.

408 3898 448 3964 In
465 3920 494 3965 e.
510 3920 556 3966 m.
571 3901 686 3966 abbati
702 3903 897 3968 monasterii
921 3902 952 3968 S.
979 3901 1098 3979 Jacobi
1124 3910 1159 3968 et
1182 3902 1313 3969 decano
1328 3902 1360 3967 S.
1378 3901 1516 3967 Martini
1534 3922 1572 3967 ac
1594 3901 1723 3966 cantori

362 4004 393 4071 S.
411 4002 639 4069 Bartholomei
657 4003 894 4071 Leodiensium
911 4006 1139 4073 ecclesiarum.

397 4150 458 4211 neg.
479 4152 526 4199 xv.
547 4153 588 4210 11,
602 4151 623 4201 f.
635 4153 712 4211 arou
730 4151 872 4212 111111.
888 4154 928 4212 11,
942 4167 967 4201 n.
985 4155 1054 4202 1313.

408 4354 552 4438 1482.
1372 4387 1466 4451 1325,
1484 4384 1526 4450 27
1536 4364 1682 4448 J'ctnoier.

409 4473 559 4540 Gerardo
582 4472 719 4539 Henrici
745 4475 788 4539 de
812 4473 927 4539 Villari
951 4473 1122 4540 confertur
1138 4474 1358 4541 canonicatus
1374 4471 1515 4538 ecclesie
1532 4470 1562 4535 S.
1587 4468 1725 4534 Servatii

363 4576 599 4663 Trajectensis,
616 4577 813 4644 Leodiensis
828 4578 982 4660 diocesis,
998 4580 1059 4643 sub
1075 4578 1313 4663 expectatione
1330 4575 1509 4663 prebende.

408 4681 588 4748 Probitatis
603 4691 700 4748 tue...

410 4785 489 4850 Dat.
504 4785 604 4849 Avin.
624 4790 641 4849 6
657 4785 724 4851 kal.
743 4786 895 4851 februarii
912 4805 1003 4850 anno
1021 4806 1049 4866 9.

410 4887 450 4952 ln
467 4909 497 4954 e.
513 4909 558 4954 m.
575 4890 688 4954 abbati
710 4890 903 4955 monasterii
930 4890 961 4954 S.
978 4888 1097 4966 Jacobi
1120 4898 1154 4954 et
1177 4890 1308 4955 decano
1324 4889 1355 4953 S.
1374 4887 1514 4953 Martini
1538 4907 1577 4951 ac
1599 4882 1728 4950 cantori

364 4993 397 5057 S.
416 4991 645 5057 Bartholomei
662 4992 902 5059 Leodiensium
917 4993 1143 5059 ecclesiarum.

401 5151 460 5210 neg.
476 5152 523 5198 nv.
539 5150 826 5209 11,1..111;11.13,1.
842 5153 871 5198 11
887 5150 964 5206 ;Vat.
980 5153 1018 5209 11,
1030 5153 1048 5199 r.
1064 5151 1239 5205 11111311.
