4409 6017
932 752 934 756 ⁷
954 776 1122 858 Ciuquibme
1142 779 1244 845 nunde.

464 914 629 982 Gerentes
643 918 725 985 ad...

463 1018 544 1085 Dat.
560 1021 660 1087 Avin.
678 1026 695 1087 6
712 1018 778 1089 kal.
795 1022 873 1089 maii
885 1044 976 1091 anno
993 1043 1021 1111 5.

449 1155 514 1217 Reg.
526 1158 577 1205 Ar.
591 1160 626 1217 15,
639 1158 658 1208 l.
672 1160 746 1218 128v;
760 1160 821 1213 Vct.
835 1161 951 1222 12,1.51,
963 1176 989 1211 n.
1001 1163 1056 1211 855.

459 1325 572 1413 917.
1470 1371 1566 1434 1321,
1581 1351 1624 1416 26
1638 1351 1733 1416 aurr'l.

458 1447 585 1513 Abbati
621 1448 815 1537 monasterii
850 1447 1070 1533 Viconiensis,
1103 1453 1336 1522 Atrebatensis
1361 1454 1514 1539 diocesis,
1538 1454 1714 1521 mandatur
1738 1463 1775 1521 ut

414 1549 519 1636 recipi
536 1550 635 1617 faciat
650 1572 751 1617 unam
765 1573 944 1638 personam
959 1554 1008 1633 aJ
1011 1555 1145 1623 ohanne
1160 1558 1203 1624 de
1216 1559 1247 1625 S.
1259 1558 1399 1641 Hilario,
1409 1559 1525 1641 milite,
1536 1559 1775 1625 nominandam

415 1652 449 1718 in
475 1656 678 1723 monachum
702 1658 895 1724 monasterii
922 1659 954 1725 S.
970 1661 1117 1728 Amandi
1142 1662 1184 1729 de
1208 1663 1343 1746 Pabula,
1360 1664 1401 1732 Ο.
1427 1665 1458 1731 S.
1484 1662 1533 1744 B,
1555 1660 1776 1728 Tornacensis

413 1757 568 1825 diocesis.

459 1862 660 1929 Deuotionis
675 1861 826 1927 affectus.
835 1911 856 1926 ..

459 1966 538 2032 Dat.
554 1966 654 2033 Avin.
672 1971 689 2031 6
708 1965 772 2031 kal.
788 1964 866 2030 maii
883 1985 973 2031 anno
991 1986 1019 2051 5.

447 2104 509 2165 Reg.
521 2106 569 2154 Ar.
583 2107 619 2163 l5,
633 2105 651 2153 f.
665 2104 858 2165 129v;Vat.72‚
871 2104 889 2154 i.
904 2106 956 2164 52',
969 2118 996 2153 n.
1008 2105 1064 2155 859.

459 2272 572 2356 918.
1482 2301 1577 2365 1321,
1595 2304 1636 2368 14
1652 2286 1728 2350 mai.

456 2391 603 2458 Nicolao
633 2388 725 2455 dicto
752 2387 959 2454 Bissinsieles
984 2387 1200 2454 conferuntur
1234 2386 1452 2453 canonicatus
1477 2394 1511 2452 et
1535 2388 1704 2472 prebenda
1733 2409 1773 2454 ac

409 2493 586 2562 scolastria
611 2492 751 2559 ecclesie
775 2491 812 2559 B.
841 2490 950 2558 Marie
978 2490 1166 2576 Brugensis,
1190 2490 1412 2556 Tornacensis
1436 2489 1587 2572 diocesis,
1613 2499 1773 2557 vacantes

407 2620 470 2685 per
486 2598 617 2664 obitum
632 2595 780 2680 magistri
796 2594 816 2673 J
819 2594 961 2660 ohannis
972 2593 1134 2675 Balcardi,
1145 2593 1234 2680 apud
1246 2592 1367 2659 Sedem
1376 2593 1596 2680 apostolicam
1612 2594 1771 2676 defuncti,

408 2723 481 2768 non
507 2704 664 2768 obstante
690 2697 780 2784 quod
807 2698 840 2762 in
866 2698 1007 2763 ecclesia
1035 2696 1073 2763 B.
1091 2696 1199 2764 Marie
1227 2696 1454 2763 Curtracensis
1480 2698 1714 2764 canonicatum
1737 2707 1772 2763 et

407 2805 618 2893 prebendam
645 2824 684 2869 ac
707 2801 926 2867 medietatem
954 2801 1169 2887 parrochialis
1191 2800 1333 2867 ecclesie
1356 2801 1388 2868 S.
1404 2799 1521 2878 Jacobi
1544 2801 1576 2866 in
1599 2800 1772 2884 Gandav0,

409 2931 472 2998 per
487 2908 572 2975 duos
588 2908 686 2974 solite
701 2905 875 2992 gubernari
891 2913 1048 2987 rectores,
1064 2906 1215 2992 predicte
1229 2905 1383 2988 diocesis,
1399 2907 1540 2972 obtinet.

453 3012 652 3099 Apostolice
666 3009 936 3075 munificentie...

455 3118 535 3182 Dat.
550 3115 650 3180 Avin.
669 3135 685 3179 2
702 3114 746 3181 id.
759 3114 837 3179 maii
854 3133 943 3179 anno
962 3134 990 3198 5.

453 3220 495 3286 ln
520 3242 549 3285 e.
576 3240 621 3284 m.
637 3219 749 3284 abbati
765 3216 959 3283 monasterii
976 3217 1007 3281 S.
1025 3214 1161 3281 Andree
1173 3215 1271 3300 juxta
1287 3213 1403 3300 Brugis
1429 3234 1469 3279 ac
1492 3214 1621 3280 decano
1645 3214 1676 3281 S.
1701 3216 1769 3283 Do·

404 3324 535 3393 natiani
552 3322 739 3407 Brugensis,
755 3321 976 3389 Tornacensis
992 3319 1144 3401 diocesis,
1169 3339 1209 3385 ac
1236 3319 1397 3404 magistro
1420 3317 1439 3396 J
1442 3320 1549 3385 acobo
1564 3318 1607 3384 de
1624 3317 1769 3402 Mutina,

407 3428 574 3499 oenonico
591 3425 841 3492 Cameracensis
856 3425 1081 3491 ecclesiarum.

442 3570 504 3629 neg.
517 3570 564 3616 nv.
581 3569 619 3626 15,
631 3566 649 3616 r.
662 3568 726 3624 223,
739 3566 799 3615 rat.
812 3568 850 3625 aa,
860 3565 880 3617 1.
894 3566 946 3625 arv,
958 3580 985 3616 n.
999 3567 1054 3614 953.

453 3741 566 3827 919.
1475 3777 1569 3841 1321,
1587 3778 1628 3842 14
1645 3758 1722 3828 moi.

451 3860 612 3940 Oliverio,
629 3861 697 3927 filio
710 3860 854 3926 Simonis
871 3860 1000 3942 Vastin,
1018 3862 1188 3928 confertur
1197 3864 1413 3931 canonicatus
1422 3860 1563 3929 ecclesie
1574 3859 1769 3927 Leodiensis

407 3966 467 4030 sub
484 3964 721 4050 expectatione
736 3966 917 4050 prebende,
933 3987 1002 4031 non
1026 3969 1183 4032 obstante
1209 3967 1300 4052 quod
1325 3968 1357 4032 in
1386 3966 1424 4033 B.
1443 3966 1550 4032 Marie
1567 3964 1769 4030 casletensis

408 4067 643 4133 canonicatum
660 4075 694 4132 et
709 4069 916 4153 prebendam
933 4077 968 4134 et
984 4072 1017 4133 iu
1035 4070 1066 4135 S.
1085 4069 1174 4135 Petri
1191 4071 1394 4138 Casletensis
1419 4068 1578 4149 ecclesiis,
1596 4066 1768 4134 Morinen-

407 4172 451 4237 sis
466 4170 619 4250 diocesis
635 4171 872 4237 canonicatum
891 4175 952 4237 sub
968 4175 1207 4259 expectatione
1222 4176 1392 4261 prebende
1409 4173 1550 4240 obtinet.

452 4274 649 4360 Apostolice
665 4274 798 4341 Sedis...

454 4378 532 4442 Dat.
549 4378 649 4443 Avin.
668 4400 684 4443 2
703 4379 746 4444 id.
763 4378 841 4444 maii
858 4399 947 4443 anno
965 4397 994 4462 5.

453 4480 492 4546 ln
509 4502 538 4545 e.
555 4502 599 4546 m.
616 4482 647 4547 S.
665 4480 757 4546 Pauli
773 4491 808 4547 et
824 4483 854 4547 S.
872 4480 1010 4547 Martini
1024 4481 1261 4548 Leodiensium
1273 4484 1409 4550 decanis
1418 4505 1457 4550 ac
1470 4487 1627 4571 magistro
1637 4486 1766 4564 Jacobo

412 4586 451 4650 de
469 4582 614 4666 Mutina,
631 4586 795 4652 canonico
811 4585 1064 4651 Cameracensis
1079 4588 1307 4654 ecclesiarum.

442 4717 502 4777 Reg.
518 4719 565 4765 Av.
580 4719 617 4775 15,
632 4718 649 4764 f.
665 4719 710 4764 22⁴
723 4733 728 4774 ;
742 4718 799 4765 Vnt.
814 4720 850 4775 72,
866 4719 883 4765 l.
895 4720 934 4776 85,
950 4733 974 4765 n.
982 4722 1041 4777 5154.

451 4881 568 4964 920.
1479 4924 1495 4966 1
1521 4924 1563 4967 21
1591 4924 1609 4967 1
1645 4906 1720 4969 mdi.

448 4999 607 5079 Johanni,
624 4999 693 5065 lilio
709 5001 865 5085 Symonis
891 5002 1018 5085 Vastin,
1043 5004 1259 5071 conferuntur
1285 4922 1574 5074 01111011101111153111ν
1596 4924 1764 5094 pdebenda

411 5103 548 5169 ecclesie
573 5104 604 5168 S.
622 5102 706 5169 Piati
732 5104 944 5188 Sicliniensis,
961 5107 1182 5174 lomacensis
1198 5109 1349 5189 diocesis,
1366 5121 1525 5178 vacantes
1551 5133 1611 5198 per
1634 5113 1764 5180 obitum

411 5206 555 5292 magistri
585 5205 750 5284 Johannis
784 5207 948 5291 Balcardi,
982 5211 1072 5298 apud
1097 5212 1217 5278 Sedem
1245 5215 1468 5300 apostolicam
1507 5216 1667 5299 defuncti,
1695 5239 1763 5285 non
