4409 6017
939 700 1096 766 Neuritme
1117 699 1220 764 anne'e.
1700 700 1761 766 599

442 861 520 925 Dat.
537 857 637 922 Avin.
651 876 667 939 3
686 854 752 920 kal.
768 850 898 937 augusti
915 870 1006 915 anno
1023 869 1052 929 9.

441 964 481 1028 ln
497 984 526 1029 e.
550 982 595 1027 m.
625 958 816 1039 Guillelmo,
841 958 952 1021 electo
980 951 1150 1019 Pennensi
1173 959 1208 1017 et
1233 951 1398 1031 Adriensi,
1419 973 1460 1019 ac
1485 951 1517 1020 S.
1543 952 1705 1022 Gereonis
1727 964 1762 1021 et

396 1069 429 1134 S.
449 1067 556 1133 Marie
572 1063 615 1131 ad
631 1062 764 1128 Gradus
779 1060 822 1127 de
834 1059 977 1125 Colonia
991 1056 1209 1160 ecclesiarum
1224 1054 1370 1156 decanis.

430 1206 492 1267 aeg.
508 1206 556 1253 nv.
571 1204 611 1262 aa,
625 1202 644 1250 r.
658 1202 731 1257 ason
745 1162 859 1257 varra,
872 1197 891 1246 r.
904 1197 961 1256 arr,
975 1210 1003 1245 n.
1016 1188 1088 1245 anor.

443 1347 588 1431 1628.
1474 1371 1606 1436 1325,r
1630 1359 1718 1419 aaut.

439 1469 471 1533 S.
486 1464 637 1533 Nichasii
664 1460 842 1528 Remensis
858 1466 893 1525 et
909 1460 945 1525 S.
961 1456 981 1536 J
984 1455 1081 1524 acobi
1097 1454 1294 1523 Leodiensis
1309 1478 1349 1523 ac
1366 1457 1398 1524 S.
1415 1456 1651 1544 Symphoriani
1668 1466 1763 1525 extra

396 1591 510 1637 muros
534 1567 709 1634 Metenses
725 1563 1009 1632 monasteriorum
1024 1563 1164 1627 abbates
1187 1560 1309 1626 dantur
1331 1569 1584 1638 conservatores
1599 1563 1711 1629 abbati
1728 1571 1764 1630 et

396 1675 578 1744 conventui
619 1669 812 1738 monasterii
856 1667 1074 1747 Aureevallis,
1105 1665 1336 1732 Cisterciensis
1373 1666 1508 1748 ordinis,
1547 1666 1763 1735 Treverensis

396 1780 552 1848 diocesis.

440 1882 606 1950 Militanti
622 1879 806 1948 ecclesie...

442 1989 524 2055 Dat.
540 1986 640 2053 Avin.
657 1983 810 2051 kalendis
824 1982 960 2069 augusti
971 2001 1062 2047 anno
1078 2000 1107 2060 9.

428 2128 493 2188 aeg.
505 2127 554 2175 nv.
565 2127 604 2184 aa,
617 2125 635 2173 f.
653 2126 729 2180 155v;
743 2122 802 2173 vat.
817 2124 857 2181 ro,
869 2121 887 2169 r.
900 2122 992 2180 aisn.
1003 2121 1065 2167 raas
1078 2122 1109 2170 A.

446 2266 590 2352 1629.
1464 2300 1560 2364 1525,
1576 2301 1616 2364 13
1633 2285 1721 2346 aaut.

439 2384 654 2452 Theoderico
665 2383 707 2450 de
725 2383 814 2450 Faus
829 2382 1000 2450 confertur
1015 2382 1235 2450 canonicatus
1250 2384 1391 2451 ecclesie
1407 2382 1446 2451 B.
1458 2383 1567 2451 Marie
1582 2385 1765 2470 Hoyensis,

396 2490 600 2558 Leodiensis
615 2488 768 2569 diocesis,
784 2490 844 2553 sub
862 2486 1100 2573 expectatione
1116 2487 1297 2574 prebende.

445 2594 629 2661 Laudabile
644 2592 918 2659 testimonium...

447 2700 528 2765 Dat.
544 2699 644 2763 Avin.
661 2698 770 2764 idibus
785 2696 916 2782 augusti
932 2716 1022 2764 anno
1039 2718 1069 2779 9.

445 2803 489 2869 ln
504 2825 533 2870 e.
550 2823 594 2868 m.
611 2801 775 2867 Leflensis
801 2809 836 2867 et
864 2800 1041 2868 Flonensis
1061 2803 1342 2870 monasteriorum
1368 2804 1553 2886 abbatibus
1570 2802 1767 2870 Leodiensis

396 2907 557 2989 diocesis,
572 2927 612 2973 ac
627 2905 788 2990 magistro
802 2903 822 2983 J
826 2905 950 2972 ohanni
967 2905 1009 2972 de
1020 2906 1145 2990 Rocca,
1161 2909 1325 2976 canonico
1337 2907 1577 2996 Neapolitano,
1593 2909 1768 2995 capellano

397 3034 502 3102 pape.

434 3152 498 3213 aeg.
512 3153 560 3200 av.
575 3153 614 3209 99,
626 3151 708 3201 nano
720 3167 726 3207 ;
740 3148 798 3198 rat.
817 3151 856 3209 ro,
868 3150 957 3209 cass,
971 3164 997 3200 n.
1015 3151 1085 3200 roeo.

448 3299 598 3385 1630-
1459 3330 1615 3396 1525,15
1637 3317 1725 3378 cont.

445 3419 548 3485 Petro
563 3417 754 3498 Daurocha,
772 3417 945 3504 preposito
960 3415 1102 3483 ecclesie
1117 3415 1160 3483 de
1175 3413 1323 3498 Ahento,
1350 3415 1602 3484 Lemovicensis
1617 3416 1769 3501 diocesis,

398 3522 580 3590 mandatur
595 3530 759 3608 quatenus
785 3520 936 3589 Ricaudo
960 3520 1003 3587 de
1025 3519 1148 3588 Gordis
1174 3521 1323 3606 assignet
1346 3521 1410 3588 tria
1426 3520 1518 3588 milia
1532 3520 1604 3588 flor.
1622 3521 1692 3587 auri
1708 3542 1769 3609 pro

397 3627 525 3716 pannis
539 3627 692 3693 emendis
708 3627 740 3691 in
757 3626 907 3714 partibus
924 3625 1082 3692 Flandrie
1098 3634 1134 3692 et
1157 3623 1338 3692 Brabantie
1356 3625 1370 3710 (
1387 3629 1411 3710 ).
1827 3620 1829 3624 ⁴

448 3797 467 3840 ι
481 3774 616 3841 Dilecto
631 3773 701 3838 filio
718 3773 821 3839 Petro
837 3773 1028 3855 Daurocha,
1044 3772 1217 3860 preposito
1233 3773 1374 3839 ecclesie
1389 3772 1432 3840 de
1448 3773 1596 3856 Ahento',
1614 3772 1772 3839 Lemovi-

399 3880 513 3947 censis
528 3878 681 3944 diocesis.
696 3876 782 3944 Cum
798 3877 942 3945 dilectus
958 3878 1045 3945 filius
1062 3880 1230 3948 Ricaudus
1246 3880 1288 3947 de
1302 3880 1433 3962 Gordis,
1449 3879 1532 3946 civis
1547 3885 1584 3945 et
1606 3887 1772 3945 mercator

401 3982 652 4061 Avinionensis
669 3981 711 4047 ad
726 3990 838 4068 partes
867 3981 1024 4049 Flandrie
1040 3994 1075 4050 et
1104 3984 1289 4052 Brabancie
1304 3985 1477 4072 pro'certa
1487 3984 1772 4070 quantitate'pan-

402 4108 527 4154 norum
543 4085 586 4153 ad
601 4107 697 4153 usum
712 4086 854 4173 hospicii
867 4088 972 4153 nostri
989 4089 1134 4155 emenda
1150 4110 1212 4176 pro
1227 4099 1323 4177 parte
1338 4085 1612 4155 nostre'Camere
1627 4087 1773 4154 destine-

403 4206 472 4272 tur,
488 4192 680 4259 discretioni
696 4201 753 4257 tue
780 4212 840 4277 per
855 4193 1041 4278 apostolica
1064 4195 1187 4280 scripta
1211 4196 1411 4260 mandamus
1431 4195 1590 4279 quatinus
1605 4193 1667 4259 tria
1682 4192 1773 4258 'milia

404 4298 609 4362 florenorum
626 4296 695 4360 auri
714 4296 757 4361 de
775 4297 872 4363 bonis
888 4319 947 4383 per
963 4305 997 4363 te
1013 4298 1056 4364 de
1074 4299 1237 4365 mandato
1260 4307 1376 4365 nostro
1392 4300 1425 4364 in
1443 4297 1581 4364 civitate
1597 4305 1632 4363 et
1647 4296 1772 4364 diocesi

406 4401 705 4467 Lemovicensibus
732 4402 891 4482 collectis,
908 4401 1017 4466 eidem
1035 4404 1213 4469 mercatori
1230 4405 1284 4468 vel
1301 4406 1371 4487 ejus
1387 4411 1481 4468 certo
1496 4402 1630 4482 nunci0,
1648 4402 1680 4466 in
1697 4402 1773 4467 loco

405 4505 470 4571 sibi
498 4504 695 4582 accomodo,
713 4505 847 4570 studeas
873 4513 988 4592 perte
1017 4508 1071 4571 vel
1098 4528 1158 4593 per
1178 4508 1280 4572 alium
1304 4508 1376 4572 sine
1398 4506 1598 4574 difficultate
1626 4505 1774 4591 qualibet

405 4610 587 4693 assignare,
614 4609 739 4673 faciens
762 4609 831 4674 fieri
863 4630 962 4695 super
994 4611 1222 4696 assignatione
1256 4612 1444 4695 hujusmodi
1480 4610 1548 4676 duo
1587 4610 1774 4676 consimilia

407 4714 543 4800 publica
571 4713 803 4793 instrumenta,
824 4734 965 4798 quorum
989 4717 1096 4780 altero
1119 4737 1223 4800 penes
1238 4727 1273 4781 te
1296 4725 1439 4794 retento,
1457 4717 1621 4800 reliquum
1637 4714 1772 4779 mittere

408 4819 453 4884 ad
470 4818 612 4883 eandem
629 4817 806 4882 Cameram
821 4839 890 4883 non
906 4827 1101 4904 postponas.
1121 4820 1197 4885 Dat.
1214 4821 1314 4887 Avin.
1332 4821 1439 4886 idibus
1459 4821 1588 4904 augusti
1606 4839 1695 4883 anno
1714 4839 1772 4898 9.»

448 4948 509 5009 Reg.
528 4947 585 4994 vat.
600 4950 653 5006 113,
667 4948 684 4995 i.
699 4950 763 4996 172⁸.
778 4962 802 4993 n.
817 4950 885 4996 1023.

447 5085 467 5130 l.
484 5082 524 5132 Ci.
538 5081 597 5128 dorn
611 5081 715 5130 Ursmcr
729 5046 1174 5147 30011100,Ιητθῇΐαὶνεαηαὶμίὶᾳιιε
1185 5083 1228 5132 dea
1242 5084 1315 5132 Libri
1338 5085 1528 5148 obligationum,
1551 5098 1574 5146 p.
1603 5085 1641 5143 13,
1663 5097 1689 5132 n.
1704 5082 1735 5130 98
1747 5088 1774 5129 et

410 5181 436 5230 p.
451 5168 507 5212 211.
