4409 6017
429 677 493 745 874
957 695 1126 777 cinquitmc
1146 702 1249 775 eunte.

428 829 501 897 te'm
527 834 779 922 nominandam,
806 840 840 907 in
864 846 1071 914 monachum
1096 852 1291 919 monasterii
1318 852 1350 921 S.
1377 854 1520 921 Dionisii
1552 854 1587 920 in
1620 854 1780 935 Brolrroie‚
1811 883 1813 906 ι

428 934 471 1002 O.
483 935 515 1003 S.
529 936 579 1021 Β,
595 938 846 1013 Cameracensis
854 946 1008 1018 diocesis.

471 1040 675 1113 Devotionis
689 1047 871 1117 affectus...

471 1144 550 1212 Dat.
566 1147 666 1217 Avin.
682 1171 762 1219 non.
774 1154 961 1239 junii-anno
973 1177 1002 1244 5.

460 1282 591 1346 Regnat.
605 1288 645 1348 ιι,
658 1289 678 1339 r.
687 1292 740 1353 ιιι,
753 1307 781 1344 n.
790 1293 847 1344 ιιι.

472 1449 593 1534 964.
1496 1506 1596 1569 1321,
1615 1505 1644 1570 5
1660 1486 1743 1570 y'ur'n.
1811 1511 1813 1522 ·

471 1568 491 1647 J
493 1570 619 1640 ohanni
635 1575 678 1643 de
694 1574 870 1666 Bousseto,
886 1583 984 1652 militi
1001 1585 1254 1657 Cameracensis
1268 1590 1430 1673 diocesis,
1448 1589 1643 1676 indulgetur
1658 1599 1697 1657 ut
1709 1610 1775 1658 con·

426 1672 532 1741 sessor
548 1699 648 1764 quern
664 1684 802 1769 elegerit
812 1689 919 1756 semel
929 1690 962 1756 in
973 1692 1093 1759 mortis
1101 1694 1242 1763 articulo
1251 1696 1359 1782 possit
1370 1694 1400 1761 ei
1410 1695 1547 1782 plenam
1556 1694 1775 1761 remissionem

426 1789 643 1865 peccatorum
658 1806 699 1854 ac
713 1809 876 1875 penarum
892 1796 1090 1881 concedere,
1107 1819 1184 1865 cum
1199 1800 1406 1887 indulgentia
1428 1798 1571 1866 concedi
1586 1819 1648 1887 per
1669 1797 1776 1865 Sedem

425 1887 649 1970 apostolicam
665 1895 956 1968 transfretantibus
965 1912 1138 1988 consueta,
1155 1904 1181 1970 si
1198 1904 1232 1970 in
1246 1904 1436 1993 particulari
1452 1907 1507 1971 vel
1523 1904 1673 1992 generali
1688 1902 1775 1969 Terre

426 1987 549 2057 Sancte
564 1998 719 2083 passagio
734 2000 843 2089 ipsum
858 2006 1073 2074 transfretare
1093 2008 1268 2095 contingat
1283 2012 1338 2077 vel
1354 2031 1459 2077 unum
1474 2010 1625 2097 equitem
1642 2008 1775 2074 mittere.

472 2093 656 2168 Personam
666 2114 802 2176 tuam...

470 2215 551 2283 Dat
567 2215 668 2283 Avin.
683 2236 764 2285 non.
776 2214 862 2302 junii
877 2236 969 2283 anno
986 2235 1016 2303 5.

458 2356 521 2419 Bag.
535 2355 593 2407 Vct.
605 2358 645 2418 ⁷2,
658 2357 678 2407 t.
690 2357 741 2417 ΒΡ,
754 2371 781 2408 n.
795 2358 851 2408 852.

467 2533 585 2620 965.
1492 2566 1588 2630 1321,
1610 2541 1738 2627 5jum.

469 2653 683 2742 Indulgentia
698 2677 741 2741 40
756 2656 885 2724 diemm
899 2657 1113 2725 visitantibus
1127 2657 1305 2724 ecclesiam
1320 2655 1495 2743 hospitalis
1509 2671 1570 2739 per
1592 2648 1612 2727 J
1616 2646 1776 2715 ohannem

428 2759 472 2827 de
501 2758 678 2845 Bousseto,
707 2763 850 2830 militem
874 2764 909 2829 in
933 2764 1098 2830 honorem
1125 2762 1164 2829 B.
1179 2761 1303 2842 Juliani
1327 2762 1362 2828 in
1391 2762 1469 2827 loco
1499 2757 1593 2825 dicto
1622 2748 1776 2827 Maronia,

424 2866 674 2934 Cameracensis
688 2868 841 2951 diocesis,
857 2869 987 2936 frmdati
1010 2877 1045 2935 et
1060 2869 1134 2955 pias
1148 2868 1350 2935 elemosinas
1365 2887 1427 2954 pro
1442 2860 1689 2931 sustentatione
1706 2875 1777 2943 pau-

422 2993 540 3060 perum
555 2973 635 3040 dicti
652 2973 826 3060 hospitalis
839 2974 1054 3060 erogantibus
1070 2974 1086 3059 (
1102 2973 1129 3059 ).

467 3078 565 3146 Licet
581 3079 649 3145 is...

469 3185 547 3251 Dat.
564 3185 665 3249 Avin.
682 3204 761 3249 non.
770 3183 855 3270 junii
872 3203 962 3249 anno
980 3200 1010 3267 5.

457 3328 518 3389 seg.
532 3327 591 3377 vat.
606 3329 643 3386 m,
657 3329 675 3376 r.
690 3328 730 3385 ιι,
744 3339 770 3375 n.
784 3326 840 3374 ιιι.

466 3491 584 3578 966.
1493 3525 1588 3588 1321,
1608 3524 1633 3587 5
1650 3527 1738 3587 jum.

467 3613 658 3694 Guillelmo,
683 3613 798 3678 comiti
825 3613 993 3694 Hancnie,
1019 3612 1209 3698 indulgetur
1244 3620 1281 3678 ut
1306 3611 1513 3692 Guillelmus,
1540 3608 1776 3696 primogenitus

423 3741 510 3800 suus,
527 3739 603 3784 cum
620 3719 763 3803 quadam
785 3739 825 3782 ex
854 3717 983 3783 filiabus
1008 3737 1124 3802 regum
1145 3738 1202 3782 seu
1229 3716 1417 3803 principum
1437 3716 1491 3780 vel
1514 3717 1692 3795 baronum,
1723 3713 1776 3799 ipsi

423 3826 457 3890 in
469 3832 588 3911 quarto
615 3822 913 3907 consanguinitatis
927 3824 981 3887 vel
997 3822 1171 3888 affinitatis
1196 3821 1298 3908 gradu
1315 3822 1505 3903 conjuncta,
1529 3818 1776 3886 matrimonium

423 3931 623 4001 contrahere
638 3930 760 3994 valeat.

467 4035 540 4103 Etsi
556 4036 643 4101 inter
659 4035 773 4100 illos...

467 4143 546 4209 Dat.
561 4141 661 4206 Avin.
676 4160 757 4206 non.
770 4138 854 4225 junii
871 4157 962 4203 anno
974 4155 1002 4221 5.

453 4278 570 4341 Original
588 4283 615 4326 et
632 4280 705 4341 copie
722 4277 758 4325 du
776 4276 850 4325 XIV·
868 4274 943 4325 siecle
958 4289 1011 4323 aux
1027 4275 1152 4323 Archives
1170 4274 1203 4321 de
1223 4258 1306 4322 l'ritat
1323 4276 1339 4322 t
1352 4274 1435 4333 Mons,
1448 4275 1551 4324 charles
1572 4278 1619 4326 des
1637 4286 1733 4329 comtes
1747 4281 1773 4327 dc

423 4365 547 4419 trainam,
561 4376 586 4409 n.
599 4363 654 4409 414.
669 4388 701 4395 -
713 4360 853 4422 Copioaux
864 4357 989 4405 Archives
1008 4354 1140 4418 generales
1157 4355 1192 4403 du
1205 4357 1338 4417 Roynume
1357 4357 1373 4404 a
1393 4356 1533 4418 Bruxellcs,
1556 4360 1581 4407 3·
1592 4361 1731 4410 cartulaire
1746 4362 1772 4407 ‹le

422 4448 546 4504 Huinaut,
559 4449 578 4493 t.
589 4445 609 4501 1,
621 4445 639 4491 1.
652 4444 700 4491 276
712 4442 853 4504 (chambre
864 4439 909 4487 des
921 4441 1049 4502 Comptes
1060 4453 1085 4487 u.
1098 4441 1150 4502 52).
1163 4466 1195 4473 -
1207 4440 1268 4500 ch.
1284 4439 1344 4487 Vat.
1357 4441 1396 4499 72,
1406 4439 1424 4487 i.
1435 4442 1486 4499 52¹,
1495 4455 1520 4489 n.
1533 4443 1591 4493 860.
1601 4471 1635 4479 -
1643 4445 1769 4502 Derillers,

422 4528 585 4581 cartulaire
596 4527 627 4575 de
638 4528 760 4576 Hainaut
771 4525 836 4572 dans
849 4523 1006 4570 morantem
1013 4536 1082 4587 poor
1096 4522 1178 4571 sectr
1193 4520 1342 4570 &Plistoire
1353 4521 1395 4570 det
1405 4524 1537 4586 proctamet
1548 4523 1580 4573 de
1599 4526 1710 4589 Numer,
1722 4533 1768 4583 eda,

421 4618 441 4664 t.
454 4614 505 4673 ιιι,
520 4627 544 4675 p.
557 4613 604 4660 us
617 4610 722 4674 (texte).

454 4793 475 4838 l.
494 4789 517 4837 ll
529 4789 625 4837 semble
636 4790 696 4837 bien
708 4788 772 4850 qu'il
784 4788 886 4850 s’ngisse
897 4789 930 4837 ici
942 4788 978 4836 du
990 4786 1073 4835 meme
1084 4802 1243 4851 personnage
1254 4788 1306 4837 cite
1317 4789 1375 4853 plus
1386 4790 1458 4850 haut,
1477 4804 1503 4841 n.
1518 4793 1573 4853 560,
1586 4797 1614 4843 ct
1624 4794 1725 4845 nomme
1733 4796 1767 4844 Je·

420 4872 485 4920 lam
497 4872 606 4931 Samso,
624 4871 688 4920 sires
698 4870 730 4919 de
742 4871 860 4919 Boussoit
871 4870 938 4918 dene
949 4870 1025 4919 l'acte
1035 4869 1068 4918 de
1079 4870 1215 4920 fondation
1227 4871 1259 4919 de
1270 4871 1389 4936 l‘hopital
1401 4873 1434 4921 de
1443 4874 1547 4923 saint-J
1548 4875 1619 4925 alien
1630 4877 1735 4943 (1286);
1750 4880 1767 4926 le

419 4972 479 5006 nom
485 4956 518 5004 de
531 4955 653 5002 Maronia
664 4953 769 5015 designo
780 4967 839 5001 sans
849 4953 929 5002 doute
941 4967 977 5001 un
989 4953 1094 5001 liendit
1104 4954 1137 5002 ori
1154 4953 1195 5001 tut
1206 4956 1334 5002 construit
1352 4960 1393 5002 cet
1412 4954 1520 5019 hdpital.
1541 4957 1582 5005 Of.
1592 4958 1639 5009 Th.
1655 4961 1763 5025 Lejeune,

418 5039 506 5086 Notice
517 5039 655 5100 lister-ique
666 5051 712 5085 sar
723 5038 746 5084 le
758 5034 852 5098 village
865 5034 897 5083 de
908 5034 1190 5095 Bomilcar-Halm,
1202 5036 1267 5084 dous
1276 5036 1312 5085 les
1320 5037 1434 5086 Annales
1442 5036 1479 5086 da
1491 5040 1577 5089 circle
1584 5043 1764 5115 archeoloqr'qw

417 5119 448 5170 de
460 5122 541 5182 Mons,
552 5128 571 5172 t.
584 5122 660 5181 Vlll,
673 5136 716 5185 pp.
730 5120 760 5168 18
771 5124 798 5168 et
809 5121 849 5168 92.
