4409 6017
504 704 561 770 180
1041 706 1188 772 Premilre
1209 706 1312 774 annes.

503 852 644 918 ecclesia
661 852 699 919 B.
717 851 825 920 Marie
840 853 882 920 de
899 854 1022 921 Lensio
1037 855 1273 922 canonicatum
1289 866 1325 922 et
1339 856 1554 943 prebendam,
1567 876 1607 923 ac
1618 856 1863 944 parrochialem

503 955 677 1022 ecclesiam
700 955 743 1022 de
759 956 968 1040 Landrichie,
984 980 1116 1025 necnon
1139 969 1174 1026 et
1190 962 1409 1046 capellaniam
1433 960 1475 1027 de
1492 959 1705 1042 Monchiaus‚
1721 963 1865 1026 Atreba-

502 1058 615 1140 teusis,
633 1058 882 1128 Cameracensis
899 1070 933 1127 et
950 1061 1152 1129 Morinensis
1167 1063 1350 1147 diocesum,
1367 1064 1508 1131 obtinet.

547 1160 749 1250 Multiplicia
765 1166 981 1251 probitatis..

546 1266 624 1333 Dat.
639 1268 739 1336 Avin.
759 1290 797 1336 ro
813 1269 879 1336 kal.
892 1270 964 1356 julii
987 1291 1079 1336 anno
1098 1292 1125 1337 1.

547 1369 587 1435 ln
603 1392 632 1437 e.
648 1392 692 1437 m.
723 1374 894 1459 preposito
910 1374 1121 1459 Senogiensis
1136 1384 1171 1441 et
1197 1375 1327 1441 decano
1342 1375 1374 1442 S.
1390 1373 1551 1441 Germani
1568 1373 1773 1456 Montensis,
1799 1373 1863 1441 Ca-

501 1476 702 1541 meracensis
727 1476 879 1559 diocesis,
902 1498 942 1543 ac
966 1476 1144 1545 Frederico
1166 1478 1209 1545 de
1234 1478 1364 1561 Parma,
1387 1479 1554 1546 canonico
1576 1479 1877 1551 Autisiodorensis

501 1578 726 1647 ecclesiarum.

532 1715 593 1777 Reg.
605 1719 652 1765 Av.
664 1719 686 1778 7,
698 1717 717 1766 f.
734 1718 794 1766 256ν
806 1734 812 1768 ς
825 1718 884 1767 Vat.
895 1720 934 1778 66,
946 1719 963 1767 f.
976 1721 1031 1779 205,
1040 1732 1065 1768 n.
1078 1720 1150 1768 3770.

543 1879 662 1965 368.
1564 1915 1659 1982 1317,
1678 1918 1716 1963 22
1729 1895 1819 1979 sicin.

544 1997 563 2077 J
566 2003 674 2067 acobo
688 1999 731 2066 de
748 1998 922 2067 Malbodio
937 2001 1106 2068 confertur
1129 2002 1347 2067 canonicatus
1368 2001 1507 2068 ecclesie
1523 2001 1555 2067 S.
1572 2001 1713 2068 Servatii
1729 2000 1861 2088 Trajec-

500 2102 615 2184 tensis,
632 2102 828 2170 Leodiensis
843 2104 995 2188 diocesis,
1008 2107 1068 2170 sub
1081 2105 1318 2190 expectatione
1329 2104 1510 2191 prebende,
1522 2125 1591 2170 non
1602 2108 1761 2171 obstante
1773 2104 1862 2190 quod

500 2206 534 2271 in
561 2206 593 2272 S.
614 2206 838 2274 Waldetrudis
866 2206 1057 2274 Montensis
1081 2217 1117 2274 et
1137 2207 1168 2274 S.
1191 2206 1357 2275 Vincentii
1383 2208 1595 2293 Senogiensis
1622 2228 1663 2274 ac
1689 2208 1722 2275 S.
1747 2207 1860 2274 Fursei

501 2308 699 2377 Peronensis
714 2319 749 2377 et
764 2311 796 2377 S.
812 2312 963 2395 Quintini
981 2310 1222 2378 Melbodiensis
1238 2312 1396 2394 ecclesiis
1412 2310 1663 2378 Cameracensis
1679 2320 1714 2377 et
1733 2311 1862 2378 Novio·

499 2415 624 2480 mensis
638 2414 820 2496 diocesum,
836 2416 1054 2483 canonicatus
1070 2425 1105 2481 et
1121 2416 1308 2502 prebendas
1318 2416 1460 2482 obtinet.

545 2518 739 2585 Laudabilia
754 2527 926 2586 tuarum...

544 2622 623 2688 Dat.
639 2623 739 2690 Avin.
760 2644 798 2690 10
813 2622 879 2690 kal.
892 2624 964 2709 julii
980 2644 1070 2689 anno
1085 2644 1111 2690 1.

543 2725 584 2791 In
600 2748 629 2793 e.
644 2747 689 2793 m.
705 2726 876 2813 preposito
891 2727 1101 2813 Seuogiensis
1116 2736 1151 2793 et
1166 2727 1295 2794 decano
1311 2726 1342 2793 S.
1355 2724 1514 2792 Germani
1527 2724 1727 2807 Montensis,
1742 2726 1861 2792 Came-

500 2830 645 2896 racensis
675 2830 826 2911 diocesis
856 2851 896 2897 ac
926 2830 1104 2897 Frederico
1142 2830 1184 2897 de
1217 2830 1345 2911 Parma,
1377 2829 1542 2896 canonico
1571 2829 1861 2895 Autisiodorensis

501 2933 725 3000 ecclesiarum.

532 3070 592 3132 Reg.
607 3074 654 3120 Av.
667 3073 690 3130 7,
699 3070 717 3119 f.
730 3071 777 3118 259
788 3086 794 3127 ;
806 3070 865 3119 Vat.
878 3072 917 3131 66,
929 3071 949 3125 f.
962 3075 1052 3131 aban.
1065 3073 1136 3121 3771.

542 3233 658 3320 369
1564 3236 1719 3334 131721
1730 3247 1820 3331 jut'n.

543 3351 694 3418 Goberto
709 3352 800 3418 dicto
817 3352 913 3418 Dech
930 3352 1097 3419 confertur
1120 3352 1336 3419 canonicatus
1359 3353 1515 3419 secularis
1542 3353 1682 3419 ecclesie
1698 3351 1737 3418 B.
1755 3351 1865 3418 Marie

498 3455 711 3541 Tongrensis,
728 3454 921 3522 Leodiensis
936 3456 1087 3538 diocesis,
1103 3459 1163 3522 sub
1180 3459 1414 3543 expectatione
1429 3457 1608 3543 prebende,
1620 3476 1689 3521 non
1705 3458 1866 3522 obstante

498 3560 589 3644 quod
618 3560 852 3626 canonicatum
877 3568 911 3625 et
933 3560 1139 3646 prebendam
1161 3562 1299 3627 ecclesie
1322 3562 1364 3627 de
1389 3560 1574 3642 Melbodio,
1598 3559 1681 3625 etin
1697 3558 1737 3625 B.
1754 3558 1866 3626 Marie

500 3661 702 3747 Magdalene
723 3663 766 3730 de
788 3663 907 3729 lvodio
929 3685 968 3730 ac
989 3664 1020 3728 S.
1036 3661 1201 3741 Johannis
1218 3663 1501 3731 Valenchenensis
1528 3663 1688 3744 ecclesiis
1706 3663 1864 3730 Camera-

498 3767 606 3833 censis
621 3767 773 3847 diocesiS,
790 3768 993 3853 capellanias
1008 3768 1151 3833 obtinet.

543 3870 763 3957 Suffragantia
780 3871 881 3936 tibi...

543 3975 621 4040 Dat.
637 3973 736 4040 Avin.
758 3995 795 4039 10
811 3973 877 4041 kal.
890 3975 961 4059 julii
978 3995 1068 4041 anno
1088 3996 1115 4041 1.

543 4077 583 4143 In
600 4100 629 4143 e.
645 4099 689 4144 m.
705 4078 877 4165 preposito
892 4078 1104 4163 Senogiensis
1120 4087 1154 4144 et
1169 4078 1299 4146 decano
1311 4079 1343 4146 S.
1355 4079 1513 4146 Germani
1526 4077 1729 4158 Montensis,
1742 4077 1866 4145 Came-

498 4182 644 4247 racensis
674 4182 824 4263 diocesis,
856 4203 894 4248 ac
931 4181 1110 4249 Frederico
1145 4183 1187 4249 de
1219 4183 1347 4265 Parma,
1384 4184 1546 4250 canonico
1576 4182 1865 4249 Autisiodorensis

501 4285 724 4353 ecclesiarum.

533 4423 592 4485 aeg.
605 4426 652 4473 xv.
666 4426 688 4482 1,
697 4424 716 4472 1.
729 4426 789 4472 aas*
802 4423 877 4474 :vn
890 4425 929 4483 cs,
942 4424 960 4472 1.
973 4426 1028 4475 ais.
1041 4438 1068 4474 n.
1082 4427 1155 4474 3772.

542 4588 658 4674 370.
1566 4621 1661 4687 1717,
1677 4624 1718 4668 22
1730 4601 1819 4686 juin.

542 4706 562 4784 J
565 4707 688 4773 ohanni
704 4707 746 4774 de
763 4706 940 4773 Mameffia
955 4707 1124 4772 confertur
1134 4707 1350 4773 canonicatus
1360 4706 1498 4774 ecclesie
1508 4708 1539 4773 S.
1554 4706 1645 4773 Pauli
1657 4706 1862 4788 Leodiensis,

499 4814 559 4877 sub
582 4810 817 4897 expectatione
839 4811 1018 4897 prebende,
1040 4831 1108 4876 non
1132 4813 1289 4877 obstante
1310 4812 1399 4897 quod
1420 4811 1454 4875 in
1476 4810 1680 4896 Senogiensi,
1704 4810 1860 4878 Camera-

499 4915 607 4981 censis
630 4914 782 4995 diocesis,
810 4915 1064 5001 preposituram,
1086 4923 1121 4980 et
1146 4915 1179 4979 in
1205 4915 1236 4981 S.
1261 4914 1427 4992 Johannis
1450 4913 1675 5000 Trajectensis
1700 4916 1859 4997 ecclesiis

500 5018 735 5085 canonicatum
756 5026 790 5083 et
811 5019 1015 5104 prebendam
1037 5019 1178 5101 obtinet,
1200 5040 1239 5085 ac
1265 5019 1299 5084 in
1321 5019 1461 5085 ecclesia
1482 5018 1520 5085 B.
1543 5017 1653 5085 Marie
1676 5018 1859 5105 HoyensiS,

500 5122 693 5189 Leodiensis
708 5122 858 5204 diocesis,
875 5125 935 5189 sub
950 5122 1187 5210 expectatione
1199 5124 1368 5209 prebende
1380 5123 1415 5189 in
1425 5122 1624 5190 canonicum
1633 5133 1790 5210 receptus
1799 5131 1859 5189 est.
