4409 6017
891 749 1038 816 Premiere
1059 750 1162 816 annia.
1654 750 1705 814 121

347 898 488 964 ecclesia
518 896 751 961 Cameracensi
776 899 1010 964 canonicatum
1038 908 1072 965 et
1096 901 1301 985 prebendam
1333 919 1373 964 ac
1402 899 1706 964 archidiaconatum

347 1001 600 1066 Bruxellensem
617 1000 758 1066 obtinet.

390 1106 481 1170 Dum
500 1102 741 1188 exquisitam...

391 1208 472 1273 Dat.
488 1207 589 1272 Avin.
611 1226 648 1290 17
664 1205 730 1271 kal.
744 1208 827 1292 junii
844 1230 933 1274 anno
953 1232 978 1276 1.

391 1310 433 1376 ln
460 1333 490 1375 e.
507 1331 553 1374 m.
570 1310 728 1395 episcopo
753 1309 895 1395 Regensi
921 1322 955 1378 et
980 1313 1150 1399 preposito
1175 1312 1462 1379 Claromontensis
1489 1333 1527 1377 ac
1544 1312 1643 1376 Petro
1668 1313 1710 1378 de

345 1414 550 1493 SarinhacO,
567 1414 733 1479 canonico
748 1413 959 1481 Caturcensis
975 1417 1199 1484 ecclesiarum.

382 1572 445 1634 neg.
457 1573 507 1618 Ar.
520 1573 542 1627 2,
556 1569 574 1617 i.
589 1570 634 1617 115
646 1585 651 1623 ς
664 1569 724 1617 Vat.
737 1571 775 1624 63,
789 1569 806 1617 i.
817 1571 872 1627 403,
884 1586 937 1619 cur.
950 1586 975 1619 n.
988 1572 1043 1619 3⁴2.

393 1776 515 1859 345.
1143 1867 1145 1872 ,
1422 1812 1518 1875 1317,
1535 1812 1576 1856 20
1592 1791 1669 1856 irrui.

395 1892 563 1979 Magistro
589 1891 737 1957 Guerino
763 1892 806 1956 de
823 1891 974 1973 Tilleriis,
1000 1895 1165 1959 canonico
1189 1895 1330 1960 ecclesie
1361 1897 1392 1961 S.
1423 1894 1608 1979 Walburgis
1634 1893 1714 1958 Fur-

350 1998 476 2078 nensis,
494 1995 699 2061 Morinensis
714 1996 866 2076 diocesis,
883 2017 969 2082 pape
985 1998 1146 2083 scriptori,
1164 1998 1352 2082 indulgetur
1367 2007 1404 2064 ut
1420 2000 1452 2063 in
1466 1998 1617 2064 Romana
1626 1997 1715 2064 curia

351 2103 505 2168 residens
522 2101 646 2166 fructus
661 2101 899 2165 beneficiorum
916 2121 1050 2166 suorum
1066 2102 1109 2167 ad
1126 2101 1305 2166 triennium
1320 2103 1490 2189 percipere
1507 2104 1627 2168 valeat.

395 2205 493 2270 Nota
509 2204 647 2269 nobis..

399 2309 480 2374 Dat.
496 2308 596 2374 Avin.
617 2328 654 2391 13
672 2306 738 2374 kal.
751 2307 834 2391 junii
851 2328 941 2372 anno
961 2329 987 2372 1.

400 2411 439 2477 ln
457 2433 487 2477 e.
503 2433 549 2477 m.
576 2411 707 2477 decano
725 2409 927 2477 Morinensis
951 2420 986 2476 et
1010 2413 1245 2479 archidiacono
1270 2414 1421 2478 Dunensi
1449 2413 1663 2478 Camotensis
1678 2434 1717 2478 ac

355 2517 485 2583 cantori
504 2515 697 2581 Parisieusis
713 2515 935 2581 ecclesiarum.

391 2675 452 2734 rua
464 2676 512 2721 nv.
525 2677 548 2732 o,
560 2674 578 2722 r.
591 2676 649 2722 nro:
663 2672 721 2720 rar.
735 2674 773 2730 oa,
787 2673 803 2720 r.
817 2675 882 2731 aru,
900 2687 927 2723 n.
941 2674 1012 2719 astu.

403 2901 521 2986 346.
1427 2934 1517 2997 1317,
1541 2935 1582 2997 25
1599 2916 1675 2978 irrui.

309 3057 310 3064 .
402 3018 598 3099 Bertrand0,
623 3018 654 3082 S.
673 3016 823 3083 Marcelli
851 3019 1034 3103 presbitero
1060 3017 1227 3096 cardinali,
1255 3017 1449 3084 conceditur
1476 3018 1615 3083 facultas
1639 3018 1719 3082 reci-

363 3123 470 3210 piendi
495 3122 737 3207 resignatioues
764 3122 979 3187 canonicatus
1003 3130 1038 3187 et
1063 3122 1232 3207 prebende
1258 3122 1397 3187 ecclesie
1421 3122 1632 3204 Agennensis
1662 3141 1720 3207 per

361 3228 532 3307 Jacobum,
550 3226 605 3290 SS.
622 3225 786 3303 Johannis
802 3234 836 3290 et
853 3225 945 3290 Pauli
962 3225 1181 3311 presbiterum
1192 3225 1403 3306 cardinalem,
1417 3233 1451 3290 et
1464 3225 1719 3311 parroclrialium

361 3333 573 3399 ecclesiarum
597 3330 639 3395 de
665 3330 897 3394 Podiocerrico
921 3339 956 3393 et
980 3330 1022 3394 de
1038 3329 1235 3412 Tangmera,
1258 3328 1528 3395 Carcassonensis
1551 3339 1586 3394 et
1610 3329 1719 3395 Ciues-

360 3437 478 3501 trensis
494 3434 677 3513 diocesum,
694 3453 753 3518 per
769 3432 990 3498 Bertrandum
999 3432 1042 3496 de
1052 3432 1081 3496 T
1083 3453 1156 3497 urre
1167 3454 1265 3498 causa
1277 3433 1533 3518 permutationis
1543 3433 1720 3510 faciendas,

360 3540 471 3623 eisque
487 3537 643 3622 receptis
659 3536 765 3602 dictas
780 3536 1002 3621 parrochiales
1018 3536 1176 3601 ecclesias
1200 3535 1291 3602 dicto
1306 3535 1474 3616 cardinali,
1487 3535 1720 3601 canonicatum

360 3664 439 3708 rero
456 3652 491 3706 et
507 3639 713 3726 prebendam
729 3639 821 3705 dicto
838 3638 1024 3704 Bertrando
1039 3639 1243 3719 conferendi,
1268 3661 1336 3704 non
1353 3642 1509 3704 obstante
1526 3639 1616 3723 quod
1633 3638 1721 3703 idem

359 3745 576 3813 cardinalis...
596 3744 628 3807 in
639 3743 781 3809 ecclesia
798 3742 1028 3809 Carueracensi
1048 3744 1285 3809 canonicatum
1301 3753 1334 3808 et
1347 3743 1551 3829 prebendam
1567 3765 1605 3808 ac
1618 3743 1722 3808 archi-

358 3850 577 3916 diaconatum
594 3846 843 3911 Bruxellensem
860 3846 1001 3911 obtinet.

406 3953 457 4016 Ex
473 3963 570 4037 parte
586 3951 740 4016 dilecti...

404 4057 484 4120 Dat.
501 4055 600 4119 Asin.
623 4075 659 4118 10
676 4054 740 4118 kal.
755 4052 837 4138 junii
855 4074 944 4117 anuo
967 4074 992 4118 1.

395 4209 453 4267 lup.
469 4212 514 4255 nv.
528 4210 550 4256 u.
564 4208 583 4255 r.
604 4210 664 4254 arra:
678 4206 737 4253 rar.
751 4208 789 4256 aa
803 4208 821 4253 r.
835 4209 901 4253 artu.
916 4221 941 4253 u.
955 4208 1025 4252 aras.

405 4417 523 4499 347.
1437 4448 1530 4511 1317,
1550 4450 1587 4511 23
1607 4430 1682 4492 irrui.

406 4533 601 4598 Hunrberto
618 4531 660 4595 de
677 4529 862 4616 Bellyjoco,
879 4532 1054 4616 capellano
1064 4553 1161 4616 pape,
1179 4532 1346 4596 confertur
1356 4533 1571 4597 canonicatus
1588 4531 1726 4596 ecclesie

362 4634 624 4713 Cameracensis,
641 4636 701 4698 sub
718 4635 952 4719 expectatione
968 4634 1148 4719 prebende,
1166 4655 1232 4698 uon
1260 4637 1415 4699 obstante
1438 4636 1527 4719 quod
1544 4636 1576 4699 iu
1595 4634 1726 4718 Lugdu-

362 4741 457 4806 nensi
474 4748 510 4804 et
528 4736 701 4822 Bajoceusi
719 4738 954 4802 canonicatum
971 4746 1004 4801 et
1021 4738 1225 4823 prebendam
1242 4748 1275 4802 et
1293 4740 1323 4802 iu
1342 4739 1411 4824 ipsa
1429 4738 1602 4822 Bajocensi
1620 4739 1725 4802 eccle-

362 4846 418 4910 siis
434 4842 606 4928 quoddam
623 4839 780 4919 officium,
797 4841 995 4906 coutreriam
1021 4843 1198 4922 vulgariter
1225 4844 1438 4927 appellatum,
1457 4853 1491 4906 et
1517 4842 1726 4907 administra-

364 4949 494 5013 tionem
526 4946 731 5030 prioratuum
756 4944 798 5010 de
824 4945 970 5025 Norilla,
1001 4945 1044 5010 de
1076 4943 1194 5028 Longo
1226 4945 1355 5031 Campo
1387 4955 1420 5010 et
1452 4947 1482 5011 S.
1516 4944 1652 5010 Martini
1684 4943 1726 5008 de

364 5051 606 5126 Cholomonte,
624 5047 854 5132 Lugdunensis
870 5048 1019 5127 diocesis,
1037 5048 1178 5113 obtinet.

410 5155 578 5220 Personas
592 5152 763 5238 generis...
