4409 6017
890 711 1048 778 Deuribme
1068 712 1171 777 annea.

397 859 586 947 Cupientes
602 869 680 925 ut...

393 966 474 1032 Dat.
491 965 593 1032 Avin.
612 986 629 1051 3
648 986 729 1032 non.
746 967 943 1033 novembris
958 987 1048 1032 anno
1067 988 1095 1031 2.

383 1104 444 1165 Reg.
457 1105 506 1152 Av.
518 1103 543 1163 8,
554 1105 573 1152 i.
586 1105 662 1161 201'3
676 1104 737 1152 var.
751 1106 789 1162 ot,
802 1105 820 1153 i.
833 1106 884 1162 93',
897 1119 923 1153 n.
936 1105 1016 1154 3381).

392 1282 483 1346 449.
508 1276 696 1343 —Eidem
722 1276 861 1362 Hugoni
888 1276 1027 1355 Jordani
1059 1277 1250 1362 indulgetur
1283 1288 1320 1343 ut
1352 1278 1506 1343 insistens
1537 1276 1720 1342 scolasticis

352 1378 538 1465 disciplinis
548 1379 674 1446 fructus
683 1380 925 1447 beneficiorum
935 1401 1069 1449 suorum
1079 1381 1123 1446 ad
1133 1381 1397 1465 quinquennium
1408 1383 1533 1465 absque
1543 1380 1721 1445 residentia

357 1483 531 1569 percipere
547 1484 670 1550 valeat.

397 1586 491 1651 Dum
507 1587 592 1653 ad...

396 1689 476 1756 Dat.
493 1690 595 1756 Avin.
613 1710 630 1775 3
647 1711 728 1757 non.
745 1692 939 1757 novembris
955 1712 1045 1757 anno
1064 1712 1092 1757 2.

396 1793 435 1857 In
453 1814 484 1859 e.
502 1814 548 1859 m.
565 1794 678 1859 abbati
705 1795 898 1861 monasterii
916 1795 948 1861 S.
965 1794 1132 1860 Saturnini
1149 1793 1332 1860 Tholosani
1356 1804 1391 1860 et
1414 1793 1588 1880 preposito
1604 1793 1719 1857 Claro-

309 1933 311 1996 ,
358 1897 545 1962 montensis
563 1917 603 1963 ac
621 1898 723 1963 Petro
738 1899 780 1965 de
797 1898 950 1979 Verdala,
967 1898 1132 1964 canonico
1148 1898 1424 1965 Carcassonensis
1440 1898 1667 1964 ecclesiarum.

389 2032 448 2092 fleg.
461 2035 510 2082 Av.
524 2035 547 2092 s,
560 2034 579 2082 i.
592 2036 636 2082 aul
654 2050 659 2083 :
674 2034 732 2083 Vnt.
745 2038 785 2093 67,
797 2035 815 2083 f.
828 2036 867 2086 93.
880 2050 905 2083 n.
918 2037 966 2082 33⁸
978 2051 1001 2083 n.

397 2202 522 2287 450.
1285 2219 1418 2306 [1317],
1436 2240 1478 2283 ιο
1495 2221 1677 2283 novembre.

309 2365 310 2400 ,
399 2320 564 2403 Roberto,
580 2321 695 2387 comiti
714 2321 879 2404 Flandrie,
896 2322 1049 2389 scribitur
1064 2323 1107 2388 de
1126 2323 1250 2407 treugis
1266 2323 1353 2388 inter
1368 2343 1445 2387 eum
1469 2330 1505 2387 et
1521 2322 1723 2408 Philippum,

309 2461 310 2484 i
359 2444 470 2510 regem
488 2424 641 2506 Francis,
657 2446 678 2491 a
692 2446 781 2512 papa
799 2425 934 2493 indictis
949 2434 983 2490 et
999 2427 1157 2492 suadetur
1171 2435 1219 2507 ut,
1230 2427 1358 2492 eisdem
1373 2426 1577 2506 durantibus,
1589 2427 1725 2491 nuntios

358 2528 397 2593 ad
413 2527 537 2594 Sedem
553 2530 773 2614 apostolicam
789 2550 850 2615 pro
865 2549 947 2615 pace
963 2550 1040 2595 cum
1057 2531 1177 2596 eodem
1196 2551 1273 2615 rege
1288 2530 1463 2596 solidanda
1478 2531 1601 2596 mittat.

402 2722 571 2788 «Dilecto
586 2723 656 2789 filio
672 2725 774 2790 nobili
799 2725 872 2790 viro
896 2725 1056 2806 Roberto,
1072 2726 1187 2791 comiti
1206 2724 1372 2791 Flandrie,
1389 2724 1501 2806 Nosti,
1517 2726 1574 2806 fili,
1591 2746 1667 2791 curn
1691 2734 1725 2790 et

360 2825 393 2889 in
417 2834 453 2891 te
477 2829 591 2892 locum
614 2827 741 2893 latendi
764 2848 833 2894 non
857 2828 980 2894 habeat
1002 2837 1097 2894 tante
1121 2830 1271 2894 veritatis
1293 2829 1447 2910 essentia,
1465 2836 1590 2913 quante
1606 2830 1726 2895 sollici·

359 2928 485 2995 tudinis
500 2929 612 2995 studio
627 2939 818 3015 quantaque
834 2951 894 3018 per
909 2952 971 2997 nos
993 2932 1091 2998 fuerit
1108 2934 1294 2997 laboratum
1311 2932 1479 3013 instantia,
1496 2941 1533 2996 ut
1548 2932 1725 3017 dirigeren-

358 3042 411 3097 tur
434 3032 469 3097 in
493 3033 549 3099 via
571 3034 711 3119 pacifica
732 3055 862 3119 gressus
884 3035 944 3115 tui,
960 3034 1170 3101 dissidiorum
1195 3036 1436 3102 incomoditate
1452 3036 1587 3120 rejecta.
1603 3037 1726 3101 Atten-

357 3136 480 3202 dentes
496 3137 622 3203 etenim
638 3159 658 3203 a
675 3146 788 3203 nostre
803 3139 1025 3225 promotionis
1051 3140 1199 3220 exordi0,
1224 3148 1308 3225 quot
1331 3147 1365 3204 et
1389 3147 1514 3223 quanta
1536 3140 1727 3205 discrimina

356 3240 540 3324 graviaque
556 3241 730 3326 dispendia
746 3263 787 3306 cx
804 3240 1017 3308 Flandrensis
1035 3264 1152 3327 guerre
1177 3243 1407 3309 commotione
1431 3250 1668 3327 provenerant,
1692 3252 1727 3308 et

358 3364 424 3427 que
449 3352 582 3429 poterat
606 3345 708 3431 ipsius
731 3346 942 3411 continuatio
958 3347 1167 3432 reprobanda
1190 3346 1383 3432 producere,
1408 3345 1582 3432 propagari
1607 3366 1727 3430 pacem

359 3448 450 3511 inter
464 3448 670 3514 carissimum
687 3450 720 3512 in
736 3449 872 3514 Christo
889 3450 993 3515 lilium
1009 3460 1161 3516 nostrum
1179 3450 1382 3537 Philippum,
1399 3470 1511 3534 regem
1537 3447 1677 3514 Francis
1693 3456 1728 3513 et

360 3550 514 3616 Navarre
537 3551 709 3633 illustrem,
732 3561 767 3618 et
790 3562 824 3618 te
847 3554 1109 3619 desideravimus
1132 3555 1230 3635 anxii,
1255 3555 1343 3619 hanc
1366 3554 1616 3640 expectavimus
1643 3552 1729 3617 desi·

359 3654 455 3720 derio
478 3655 605 3739 ingenti
628 3656 762 3738 diutius,
781 3657 814 3721 in
837 3658 935 3742 liujus
958 3658 1194 3742 procuratione
1210 3658 1383 3743 diligentia
1400 3666 1513 3722 nostra
1529 3678 1598 3721 non
1614 3655 1729 3735 desuit,

360 3779 452 3824 nunc
485 3759 614 3839 litteris,
649 3780 738 3826 nunc
781 3761 917 3840 nuntiis,
956 3762 1132 3848 oportunis
1167 3761 1353 3826 insistendo
1390 3760 1658 3847 persuasionibus
1695 3768 1731 3823 et

360 3863 548 3928 secundum
578 3865 761 3949 apostolice
794 3865 1104 3951 circumspectionis
1125 3866 1288 3951 judicium
1319 3865 1366 3930 nil
1390 3866 1433 3930 de
1458 3864 1731 3950 contingentibus

361 3967 565 4033 omittendo,
581 3967 678 4033 Licet
693 3976 808 4034 autem
824 3970 1047 4035 verisimiliter
1062 3990 1271 4055 speraremus
1287 3969 1377 4053 quod
1395 3969 1468 4033 Rex
1493 3969 1547 4033 ille
1563 3968 1731 4053 pacificus,

362 4073 457 4157 cujus
473 4071 508 4135 in
523 4090 606 4157 pace
622 4072 730 4137 factus
746 4082 796 4137 est
812 4075 916 4154 locus,
933 4074 980 4139 sic
995 4084 1092 4138 tuum
1109 4083 1144 4138 et
1159 4084 1294 4139 tuorum
1318 4073 1484 4157 tetigisset
1506 4072 1607 4138 corda
1634 4070 1733 4136 Flan-

363 4174 545 4254 drensium,
562 4183 598 4239 ut
615 4195 673 4260 per
688 4177 824 4240 semitas
839 4177 931 4261 pacis
947 4177 1078 4242 velletis
1095 4177 1304 4242 incedere‘et
1328 4176 1370 4242 ad
1397 4176 1595 4241 firmandam
1612 4182 1733 4239 tracta-

363 4278 603 4361 tamutrinque
619 4279 834 4345 concordiam
851 4301 910 4345 vos
935 4281 1096 4346 flexibiles
1121 4281 1289 4360 exhibere,
1312 4301 1419 4365 nuper
1438 4290 1553 4346 tamen
1576 4300 1654 4345 cum
1676 4278 1733 4343 ad-

364 4383 542 4448 miratione
565 4382 758 4447 vehementi
783 4384 993 4469 percepimus
1015 4394 1050 4449 te
1081 4393 1116 4450 et
1151 4394 1228 4450 tuos
1260 4385 1349 4469 apud
1381 4405 1494 4469 regem
1519 4384 1626 4469 ipsum
1650 4381 1734 4467 peti-

333 4540 336 4545 ,
364 4487 512 4551 tionibus
535 4486 704 4551 nonnullis
732 4487 882 4551 insistere
915 4510 974 4573 per
1008 4510 1089 4572 quas
1122 4508 1199 4553 cum
1231 4496 1289 4553 aut
1319 4488 1515 4553 indecentes
1546 4494 1604 4551 aut
1636 4485 1735 4550 nimis

366 4588 519 4656 difficiles
534 4589 696 4669 dicantur,
712 4612 731 4654 a
749 4592 863 4656 multis
879 4592 1093 4657 occasionem
1111 4592 1236 4657 habere
1253 4593 1340 4656 velle
1366 4591 1539 4656 credimini
1564 4612 1584 4655 a
1608 4589 1735 4676 perfec-

367 4694 461 4758 tione
484 4703 518 4757 et
542 4694 742 4759 solidatione
758 4704 902 4760 tractate
918 4696 1097 4761 concordie
1114 4695 1315 4761 divertendi.
1334 4695 1436 4761 Porro
1453 4716 1494 4760 ex
1510 4694 1607 4760 nobis
1622 4694 1735 4758 videre

372 4818 436 4862 non
459 4818 636 4883 possumus
654 4798 743 4863 unde
767 4807 820 4864 tot
846 4798 1063 4865 difficultates
1085 4799 1254 4882 ingerendi
1280 4801 1456 4864 materiam
1483 4799 1622 4878 habeas,
1647 4798 1735 4863 unde

374 4902 462 4985 pacis
486 4902 619 4986 abjecto
644 4903 793 4984 consili0,
813 4914 848 4967 te
874 4903 905 4967 in
926 4904 1104 4969 incomoda
1129 4903 1339 4969 dissidiorum
1365 4912 1502 4988 experta
1527 4903 1574 4967 sic
1594 4903 1736 4967 libenter

380 5003 544 5071 immittas.
570 5003 744 5091 Numquid
770 5028 837 5071 non
863 5007 1010 5072 attendis
1035 5007 1125 5091 quod
1156 5028 1215 5093 per
1235 5008 1300 5073 hec
1328 5006 1556 5092 multipliciter
1580 5026 1738 5090 aggravas

309 5143 312 5167 ι
385 5126 511 5175 causam
526 5119 621 5176 tuam
636 5120 671 5176 et
687 5111 780 5175 illum
796 5118 914 5177 contra
929 5120 964 5176 te
979 5132 1144 5196 provocas
1160 5112 1215 5196 qui
1231 5115 1349 5177 beatos
1370 5132 1442 5176 esse
1466 5111 1555 5174 viros
1579 5108 1738 5194 pacificos
