4409 6017
511 699 551 762 94
913 717 916 722 ·
1051 699 1199 764 Premibre
1220 699 1321 764 annia

553 854 670 939 305.
1561 885 1658 952 1317,
1674 889 1715 934 21
1731 869 1826 934 avril.

553 972 699 1049 Johanni
720 971 762 1037 de
787 971 952 1052 Virtuto“,
969 971 1090 1037 clerico
1117 970 1238 1051 Caroli,
1254 970 1387 1036 comitis
1411 968 1564 1036 Marchie
1586 980 1622 1036 et
1647 970 1794 1056 Bigorre,
1815 969 1867 1034 lilii

509 1077 594 1161 regis
619 1074 767 1156 Francie,
793 1075 960 1141 confertur
986 1076 1202 1141 canonicatus
1238 1073 1379 1139 ecclesie
1403 1073 1435 1139 S.
1450 1074 1643 1154 Andomari,
1671 1072 1870 1140 Morinensis

509 1179 659 1260 diocesis,
675 1182 735 1244 sub
759 1179 993 1265 expectatione
1015 1178 1194 1263 prebende,
1210 1198 1279 1242 non
1302 1179 1458 1242 obstante
1481 1177 1571 1262 quod
1595 1177 1628 1242 in
1654 1177 1686 1243 S.
1709 1176 1871 1255 Johannis

509 1282 551 1348 de
573 1281 705 1347 Virtute
729 1282 963 1348 canonicatum
986 1292 1021 1346 et
1047 1281 1250 1367 prebendam
1275 1290 1309 1345 et
1333 1281 1430 1346 inde
1455 1279 1685 1347 Hotemcruce
1699 1280 1711 1316 ⁶
1725 1279 1872 1368 ecclesiis

509 1394 704 1471 perpetuam
720 1386 948 1472 capellaniam,
965 1385 1241 1449 Cathalaunensis
1257 1393 1291 1448 et
1306 1384 1527 1449 'fornacensis
1541 1384 1872 1464 diocesum,obtinet.

554 1488 733 1556 Probitatis
749 1500 848 1556 tue...

555 1593 633 1659 Dat.
649 1594 749 1659 Avin.
770 1614 803 1657 11
824 1593 889 1659 kal.
905 1592 982 1657 rnaii
999 1613 1089 1658 anno
1110 1613 1135 1657 1.

555 1696 594 1762 ln
611 1721 640 1764 e.
656 1719 700 1764 m.
716 1698 827 1763 abbati
851 1695 1042 1763 monasterii
1066 1696 1097 1761 S.
1115 1695 1288 1761 Genovefe
1304 1704 1338 1760 ct
1361 1695 1490 1760 decano
1506 1695 1537 1761 S.
1553 1694 1712 1762 Gemrani
1728 1697 1874 1762 Autisio-

510 1800 660 1867 dorensis
676 1800 868 1866 Parisiensis
890 1820 929 1866 ac
950 1801 1108 1885 magistro
1132 1798 1294 1865 Riccardo
1312 1797 1485 1878 Foncardi,
1507 1798 1672 1866 canonico
1688 1798 1874 1865 Lexovien-

511 1904 555 1968 sis
567 1904 791 1970 ecclesiarum.

545 2040 604 2100 ch.
617 2043 664 2088 Αν,
677 2042 698 2094 tt,
711 2041 730 2089 f.
749 2041 792 2086 168
805 2055 810 2088 :
823 2038 881 2087 l'at.
894 2041 932 2089 tls.
944 2040 963 2087 f.
979 2040 1034 2096 aba,
1046 2053 1072 2086 n.
1084 2040 1155 2086 2951.

555 2213 673 2300 306-
1563 2247 1659 2312 1317,
1677 2249 1717 2294 22
1734 2232 1832 2296 avril.

556 2331 707 2396 Gilberto
734 2331 775 2396 de
803 2331 833 2396 S.
850 2331 1058 2416 Aldegunda,
1075 2334 1202 2397 cantori
1226 2341 1261 2397 et
1284 2332 1448 2397 canonico
1470 2331 1610 2397 ecclesie
1633 2331 1664 2397 S.
1681 2332 1871 2410 Andomari,

514 2433 715 2500 llorinensis
741 2434 891 2510 diocesis,
908 2434 1096 2516 indulgetur
1120 2444 1156 2499 ut
1181 2435 1327 2500 existens
1352 2435 1385 2499 in
1410 2435 1486 2500 loco
1511 2434 1564 2499 ubi
1592 2435 1704 2518 vigeat
1731 2436 1870 2501 studium

512 2538 675 2621 generale,
692 2538 816 2604 fructus
828 2538 996 2624 prebende
1007 2560 1065 2603 sue
1080 2539 1123 2604 ad
1139 2539 1318 2604 triennium
1332 2539 1502 2625 percipere
1514 2538 1622 2603 valeat
1638 2558 1703 2603 nec
1714 2537 1759 2604 ad
1771 2559 1869 2605 sacer-

512 2641 642 2706 dotium
657 2641 844 2726 promoveri
861 2649 1024 2706 teneatur.

556 2741 629 2807 Tue
644 2742 812 2808 meritis...

558 2846 636 2911 Dat.
652 2846 751 2911 Avin.
772 2866 809 2910 10
822 2845 887 2912 kal.
904 2846 980 2911 maii
997 2867 1086 2912 anno
1107 2867 1133 2911 1.

558 2947 596 3012 ln
613 2970 642 3014 e.
659 2968 703 3012 m.
720 2948 751 3013 S.
761 2948 926 3025 Jolrannis
941 2949 973 3013 in
990 2958 1107 3015 monte
1125 2950 1220 3034 juxta
1242 2947 1413 3014 Morinum
1429 2959 1464 3015 et
1480 2948 1510 3015 S.
1528 2947 1654 3014 Bertini
1673 2948 1706 3013 in
1723 2946 1870 3014 8.Αοᾰο

513 3072 616 3131 maro,
626 3050 827 3117 Morinensis
836 3051 987 3129 diocesis
997 3053 1274 3118 monasteriorum
1287 3052 1461 3118 abbatibus
1471 3072 1510 3118 ac
1522 3050 1728 3117 thesaurario
1737 3047 1871 3116 ecclesie

515 3153 726 3219 Mutinensis.

547 3293 607 3353 lice.
621 3294 667 3341 Av.
679 3296 702 3346 ὖ,
715 3294 732 3341 1,
745 3295 804 3339 1175ν
817 3309 822 3348 ς
834 3293 894 3344 Vnt.
909 3296 946 3344 65.
956 3296 974 3343 f.
989 3296 1016 3342 17
1019 3296 1052 3343 3⁸⁴.
1067 3310 1091 3344 n.
1107 3297 1177 3343 2565.

555 3457 670 3541 307.
1569 3487 1665 3553 1317,
1681 3490 1721 3553 ²4
1738 3467 1836 3533 avril.

557 3573 720 3659 Magistro
744 3572 908 3639 Franconi
932 3574 974 3639 de
989 3576 1094 3660 Aquis
1108 3585 1128 3655 ⁶,
1144 3575 1275 3640 medico
1291 3582 1326 3639 et
1341 3573 1490 3639 familiari
1508 3572 1692 3652 Gaucelmi,
1715 3571 1771 3637 SS.
1788 3569 1876 3637 Mar-

513 3677 622 3744 cellini
638 3685 673 3741 et
689 3676 777 3741 Petri
794 3677 962 3762 presbiteri
980 3678 1163 3759 cardinalis,
1180 3679 1300 3743 Sancte
1323 3677 1475 3742 Romane
1501 3675 1649 3742 Ecclesie
1672 3674 1877 3740 vicecancel-

514 3780 594 3860 larii,
611 3779 780 3845 confertur
795 3780 1010 3845 canonicatus
1025 3782 1165 3847 ecclesie
1189 3781 1226 3846 B.
1241 3779 1347 3845 Marie
1364 3779 1539 3864 Aquensis,
1557 3778 1752 3844 Leodiensis
1767 3778 1878 3844 dioce-

513 3884 566 3963 sis,
588 3885 647 3947 sub
673 3882 906 3967 expectatione
933 3885 1100 3969 prebende
1122 3906 1160 3950 ac
1186 3884 1356 3969 dignitatis
1381 3886 1435 3948 vel
1462 3889 1660 3969 personatus
1686 3901 1745 3947 seu
1768 3880 1879 3956 officii,

513 4006 583 4051 non
599 3987 755 4050 obstante
771 3986 860 4069 quod
875 3987 1116 4072 parrochialem
1128 3987 1303 4052 ecclesiam
1319 3987 1361 4052 de
1379 3987 1471 4070 Perg,
1489 3983 1754 4069 Salzeburgensis
1769 3984 1879 4049 dioce-

515 4089 567 4168 siS,
584 4087 724 4166 obtinet,
742 4108 841 4171 quam
857 4089 1025 4154 dimittere
1042 4090 1219 4156 tenebitur.

557 4190 671 4275 Adjuti
688 4190 854 4257 meritis...

559 4295 637 4359 Dat.
654 4293 753 4358 Avin.
772 4295 790 4358 8
806 4293 872 4360 kal.
889 4295 965 4360 maii
983 4317 1073 4361 anno
1093 4316 1119 4362 1.

560 4395 598 4460 ln
615 4417 644 4461 e.
661 4417 704 4461 m.
721 4396 891 4482 preposito
907 4398 937 4463 S.
955 4398 1047 4463 Pauli
1064 4398 1258 4464 Leodiensis
1282 4407 1315 4462 et
1333 4398 1432 4463 Petro
1448 4397 1490 4462 de
1506 4396 1677 4476 Salvitate,
1694 4395 1881 4479 Petragori-

515 4500 632 4580 censis,
648 4520 688 4565 ac
704 4497 848 4565 Geraldo
864 4501 906 4566 de
923 4499 1110 4587 Moysiaco,
1126 4502 1312 4567 Aniciensis
1328 4500 1496 4566 canonicis
1512 4500 1734 4566 ecclesiarum.

550 4639 611 4699 lieg.
623 4640 670 4686 Av.
683 4639 705 4698 6,
718 4638 736 4686 f.
749 4639 808 4685 aab
821 4654 826 4696 ;
839 4638 898 4689 vat.
910 4642 948 4699 65,
961 4640 979 4690 i.
992 4643 1046 4698 233,
1058 4655 1084 4690 n.
1096 4643 1168 4690 2745.

559 4810 676 4895 308-
1569 4842 1586 4885 1
1612 4838 1652 4885 17
1680 4840 1698 4883 2
1737 4817 1836 4883 avm'l.

560 4927 700 5007 Jacobo,
717 4928 770 4992 SS.
786 4926 949 5004 Jolrannis
975 4936 1009 4991 et
1034 4926 1126 4992 Pauli
1147 4925 1330 5012 presbitero
1353 4925 1519 5000 cardinali,
1543 4840 1760 4990 coriseirirniur
1783 4929 1880 4986 motu

551 5150 576 5183 α.
588 5133 695 5181 Vitnrco
708 5147 756 5194 rep.
769 5132 788 5177 ,1
797 5146 815 5179 r.
827 5136 850 5178 et
869 5131 924 5178 l'ut.
933 5159 964 5165 -
973 5131 994 5179 li.
1009 5132 1180 5180 Horenrcruce
1193 5147 1242 5195 rep.
1260 5132 1355 5180 1111.-
1367 5147 1387 5180 e.
1400 5133 1431 5180 dc
1444 5132 1525 5194 Aquis
1535 5144 1642 5194 anrnqaa
1655 5144 1705 5191 rep.
1725 5127 1779 5176 l'al.
