4409 6017
513 715 530 778 2
1057 712 1206 777 Premiere
1227 711 1329 776 annea.

557 861 596 926 ln
610 884 638 926 e.
651 882 695 926 nr.
706 861 866 946 episcopo
878 859 1043 926 Meldensi
1055 867 1089 925 et
1102 859 1214 925 abbati
1226 859 1418 926 monasterii
1435 859 1466 926 S.
1483 858 1659 925 Genonefe
1686 858 1874 925 Parisiensis

512 987 552 1031 ac
567 964 805 1030 archidiacono
821 963 1064 1029 Aurelianensi.

548 1103 607 1162 llcg.
621 1102 678 1149 tat..
691 1103 728 1160 63,
742 1103 759 1149 1.
772 1103 821 1158 Sil,
836 1115 860 1149 n.
874 1103 929 1149 258.

559 1265 605 1347 5.
1494 1277 1590 1361 1316,
1604 1277 1627 1352 6
1642 1277 1836 1364 septembre.

560 1382 724 1468 Magistro
750 1382 931 1446 Guillelmo
946 1381 988 1446 de
1006 1381 1136 1447 Perona
1160 1382 1330 1446 confertur
1350 1373 1569 1447 canonicatus
1590 1380 1736 1448 ecclesie
1755 1380 1873 1446 Toma-

516 1487 633 1567 censis,
659 1489 719 1551 sub
743 1486 980 1571 expectatione
1007 1485 1177 1571 prebende
1203 1485 1315 1565 libere,
1343 1485 1472 1569 integre
1500 1493 1534 1550 et
1558 1506 1626 1551 non
1650 1483 1872 1565 sacerdotalis,

516 1590 782 1655 consideratione
810 1589 966 1675 Philippi,
991 1589 1047 1654 filii
1076 1588 1221 1675 Philippi
1237 1589 1323 1673 regis
1340 1587 1556 1670 Francorum,
1572 1609 1714 1675 regnum
1740 1585 1872 1654 Francis

518 1694 673 1779 regentis.

562 1797 643 1862 lllos
658 1805 790 1862 recte...

560 1901 687 1965 Datum
703 1909 739 1965 nt
755 1920 854 1986 snpra
873 1898 1044 1986 [Lugduni
1063 1902 1081 1965 8
1099 1899 1142 1966 id.
1159 1899 1357 1985 septembris
1371 1919 1461 1965 anno
1481 1898 1526 1985 1].

561 2003 600 2068 In
617 2027 645 2069 e.
662 2024 707 2068 m.
726 2012 760 2068 nt
775 2008 888 2089 supra,
907 2026 937 2068 n.
956 2029 986 2087 ,1.

551 2142 610 2200 llcg.
622 2144 669 2189 Ar.
683 2145 704 2198 3,
718 2142 735 2189 1.
749 2142 795 2188 28?
808 2157 813 2198 ;
826 2141 885 2189 l'nt.
898 2143 935 2198 113,
952 2142 968 2189 l.
981 2143 1030 2196 93⁸¹,
1043 2156 1069 2189 n.
1082 2145 1137 2189 281.

562 2305 607 2387 6.
1500 2319 1595 2402 1316,
1612 2319 1632 2381 6
1648 2319 1832 2406 septembre.

561 2423 742 2487 Gnillelmo
758 2422 802 2487 du
821 2422 847 2486 F
850 2424 906 2507 luy
929 2424 1098 2489 confertur
1123 2424 1341 2490 canonicatus
1362 2422 1503 2490 ecclesie
1519 2423 1550 2486 S.
1566 2421 1763 2502 Audomari,
1779 2417 1906 2486 Mori-

519 2527 630 2591 nensis
645 2525 797 2602 diocesis,
815 2528 874 2591 sub
891 2528 1128 2612 expectatione
1154 2527 1333 2612 prebende,
1355 2525 1625 2592 consideratione
1647 2522 1801 2610 Philippi,
1819 2521 1903 2594 filii

519 2629 663 2714 Philippi
680 2629 765 2712 regis
782 2627 998 2710 Francorum,
1015 2650 1154 2714 regnum
1171 2629 1311 2695 Francie
1326 2630 1482 2715 regentis.

566 2731 689 2796 Merita
705 2740 802 2797 tue...

565 2836 691 2900 Datum
709 2846 858 2922 utsupra
878 2834 1047 2921 [Lugduni
1065 2839 1083 2901 8
1101 2836 1144 2901 id.
1160 2837 1359 2922 septembris
1374 2857 1464 2902 anno
1484 2834 1530 2922 1].

565 2938 604 3003 ln
632 2961 660 3004 e.
688 2961 732 3004 nr.
759 2940 919 3025 episcopo
949 2939 1115 3005 Meldensi
1143 2948 1177 3006 et
1202 2941 1434 3006 Aurelianensi
1460 2961 1500 3005 ac
1525 2935 1893 3004 Nivernensi⁶archi·

522 3043 682 3108 diaconis

555 3180 614 3238 ltcg.
627 3182 673 3227 dv.
686 3182 707 3228 3.
722 3183 738 3228 1.
751 3182 794 3228 aul
810 3181 886 3236 zl'at.
900 3182 937 3236 83,
952 3181 969 3229 l.
983 3183 1021 3238 nn,
1035 3195 1059 3228 n.
1073 3184 1127 3230 sot.

569 3343 613 3425 7.
1502 3357 1597 3440 1316,
1615 3358 1635 3420 6
1652 3358 1836 3444 septembre.

566 3461 666 3526 Petro
690 3460 827 3541 Barricr,
849 3462 972 3526 clerico
997 3460 1152 3547 Philippi,
1181 3461 1238 3524 lilii
1268 3460 1413 3546 Philippi
1437 3462 1523 3546 regis
1547 3461 1700 3540 Francie‚
1717 3459 1877 3527 confertur

523 3565 740 3629 canonicatus
767 3565 907 3629 ecclesie
939 3563 1153 3646 MorinensiS,
1185 3568 1244 3629 sub
1276 3565 1513 3650 expectatione
1544 3565 1715 3651 prebende
1745 3565 1871 3646 integre,
1904 3567 1907 3606 :

523 3669 624 3733 libere
640 3676 674 3734 et
691 3689 757 3734 non
775 3668 999 3733 sacerdotalis.
1901 3655 1907 3686 '³

565 3772 762 3857 Apostolice
778 3772 1048 3836 munilicentie...

569 3876 693 3940 ilatum
710 3873 862 3959 Lugduni
881 3878 898 3938 8
917 3875 959 3939 id.
977 3875 1175 3960 septembris
1192 3894 1281 3940 anno
1303 3897 1327 3940 1.
1905 3943 1907 3966 ι

569 3978 607 4043 ln
636 4001 664 4043 e.
691 4000 736 4044 m.
764 3979 923 4063 episcopo
952 3977 1118 4044 bleldensi
1147 3986 1181 4042 et
1207 3980 1439 4044 Aurelianensi
1466 4001 1505 4045 ac
1531 3980 1749 4047 Ambianensi
1778 3969 1871 4044 archi·
1903 3981 1907 4012 ²

524 4083 684 4148 diaconis.

558 4221 619 4279 lieu.
631 4223 678 4267 Ar.
691 4222 711 4276 3,
726 4220 743 4266 f.
756 4222 804 4276 355
820 4219 876 4267 Vnt.
888 4221 925 4272 153,
941 4219 957 4267 1.
972 4222 1024 4272 llll.
1038 4234 1062 4267 n.
1076 4221 1131 4267 :ttn

570 4386 614 4468 8.
1508 4401 1602 4483 1316,
1622 4403 1642 4465 6
1658 4403 1830 4490 septembre.

570 4504 709 4584 Jacobo,
725 4511 806 4567 nato
823 4502 987 4567 Guidonis
1005 4502 1175 4574 Florentii,
1192 4502 1361 4567 conl'ertur
1377 4504 1595 4571 canonicatus
1610 4507 1752 4573 ecclesie
1769 4507 1890 4571 Came*

527 4607 681 4687 rucensis,
698 4608 758 4688 sub
775 4607 1012 4692 expectatione
1029 4605 1200 4692 prebende
1218 4605 1345 4691 integre
1361 4614 1395 4670 et
1412 4628 1478 4672 non
1496 4609 1724 4684 sacerdotalis.
1739 4603 1896 4678 conside·

529 4710 657 4774 ratione
675 4709 830 4794 Philippi,
847 4710 905 4773 tilii
925 4708 1069 4794 Philippi
1087 4710 1172 4792 regis
1190 4708 1405 4790 Francorum,
1422 4732 1558 4796 regnum
1573 4711 1716 4780 Francie
1736 4705 1901 4799 regenb's·

572 4813 790 4897 Exigentibus
806 4823 904 4877 tue...

572 4917 649 4980 Dat.
667 4915 818 5000 Ludguni
837 4919 854 4979 8
872 4916 914 4980 id.
932 4915 1130 5001 septembris
1146 4936 1235 4980 anno
1255 4938 1281 4981 1.

559 5146 584 5176 11.
604 5129 764 5176 Nar-nmini
778 5145 827 5192 req.
846 5130 899 5177 l'nl.
