4409 6017
896 743 1042 809 Premiere
1063 746 1165 812 annea.

391 922 598 989 Litterarum
614 925 792 990 scientia...

392 1026 473 1093 Dat.
489 1028 590 1093 Avin.
608 1047 625 1113 5
650 1027 715 1095 kal.
729 1028 813 1114 junii
829 1049 919 1095 anno
939 1050 964 1095 1.

393 1129 435 1195 In
452 1153 482 1196 e.
499 1152 545 1197 m.
560 1131 720 1218 episcopo
742 1131 1001 1218 Ratzeburgensi
1024 1143 1059 1200 et
1074 1136 1202 1201 cantori
1226 1135 1500 1222 Hamburgensis,
1525 1136 1714 1204 Bremensis

346 1234 504 1315 diocesis
520 1256 561 1301 ac
576 1237 718 1302 Alberto
734 1236 776 1302 de
794 1235 1000 1318 Mediolano,
1017 1239 1180 1306 canonico
1203 1239 1468 1307 Ravennatensis
1488 1242 1714 1310 ecclesiarum.

384 1373 446 1434 neg.
459 1375 508 1421 rv.
522 1376 542 1431 1,
556 1374 573 1422 r.
588 1375 650 1431 rar,
664 1374 722 1424 vat.
734 1375 773 1434 eo,
785 1374 803 1423 1.
816 1375 884 1435 nov,
896 1389 921 1423 n.
934 1376 1005 1424 asra

393 1534 507 1619 351.
971 1551 974 1558 ’
1423 1568 1517 1635 1317,
1533 1573 1576 1637 29
1593 1553 1669 1617 mai.

391 1658 412 1738 J
416 1660 545 1726 ohanni
568 1660 610 1726 de
635 1660 742 1746 Roya,
766 1660 888 1728 clerico
905 1661 1059 1749 Philippi,
1075 1663 1161 1748 regis
1186 1662 1401 1745 Francorum,
1422 1663 1591 1730 confertur
1613 1685 1713 1730 cano-

350 1763 484 1829 nicatus
499 1763 640 1831 ecclesie
656 1763 911 1847 Suessionensis,
928 1767 988 1831 sub
1009 1767 1245 1853 expectatione
1262 1767 1432 1853 prebende
1452 1766 1578 1853 integre
1594 1776 1629 1833 et
1644 1788 1713 1832 non

351 1867 579 1949 sacerdotalis
600 1888 669 1932 non
695 1870 850 1934 obstante
875 1868 965 1953 quod
989 1869 1022 1934 in
1048 1869 1289 1954 Cameracensi,
1314 1870 1356 1937 de
1376 1870 1495 1956 quibus
1510 1871 1544 1936 in
1562 1869 1715 1937 Romana

351 1970 442 2036 curia
458 1970 577 2057 litigat,
587 1992 627 2038 ac
642 1972 675 2037 in
691 1971 723 2036 S.
731 1971 820 2037 Petri
839 1971 1019 2039 insulensis
1034 1994 1074 2039 ac
1090 1974 1121 2041 S.
1132 1973 1290 2040 Germani
1306 1974 1348 2040 de
1366 1972 1541 2040 Montibus
1556 1974 1713 2054 ecclesiis,

353 2074 572 2140 canonicatus
593 2083 628 2140 et
648 2076 843 2161 prebendas,
860 2097 898 2142 ac
913 2078 1154 2163 parrochialem
1170 2078 1343 2144 ecclesiam
1367 2078 1398 2144 S.
1415 2076 1434 2156 J
1438 2077 1501 2143 usti
1517 2077 1559 2144 de
1577 2077 1715 2163 Honge-

353 2178 526 2260 monvilla,
541 2177 772 2259 Tomacensis,
783 2177 1032 2247 Cameracensis
1047 2190 1081 2246 et
1099 2180 1315 2248 Lexoviensis
1330 2181 1511 2263 diocesum,
1524 2183 1665 2247 obtinet.

396 2281 454 2347 Ad
469 2282 644 2349 illorum...

398 2385 478 2450 Dat.
494 2386 594 2452 Avin.
611 2410 630 2471 4
647 2386 712 2453 kal.
725 2389 808 2473 junii
825 2409 916 2453 anno
937 2410 962 2454 1.

399 2487 439 2552 In
455 2510 485 2554 e.
502 2510 547 2554 m.
563 2490 676 2556 abbati
692 2492 883 2557 monasterii
900 2492 931 2558 S.
944 2491 1108 2575 Quintini,
1120 2490 1154 2557 N
1157 2493 1359 2558 oviomensis
1374 2493 1525 2573 diocesiS,
1536 2503 1571 2558 et
1586 2492 1716 2558 decano

359 2589 595 2659 Noviomensis
618 2615 657 2659 ac
679 2595 838 2680 magistro
852 2595 999 2673 Johanni
1026 2595 1068 2661 de
1092 2594 1359 2677 Bellanomonte‚
1383 2596 1546 2663 canonico
1562 2594 1716 2661 Camera-

362 2696 464 2761 censis
485 2698 710 2764 ecelesiarum.

394 2833 451 2895 Reg.
464 2837 512 2883 Ar.
525 2839 547 2893 6,
560 2836 577 2884 i.
590 2837 665 2894 :stou
679 2836 737 2885 Vat.
749 2839 788 2896 66,
801 2838 818 2885 f.
835 2839 870 2897 10,
883 2853 907 2886 ιι.
920 2839 990 2887 303⁴.

403 2998 517 3084 352·
1428 3033 1581 3098 1317,·30
1598 3016 1675 3080 moi.

403 3125 550 3203 Johanni
567 3126 610 3191 de
627 3125 833 3192 Meriblento
847 3138 860 3161 ⁶
876 3127 1043 3193 confertur
1060 3127 1277 3194 canonicatus
1292 3127 1432 3194 ecclesie
1448 3125 1642 3206 Meldeusis,
1659 3128 1719 3190 sub

371 3230 597 3315 expectatione
613 3231 781 3316 prebende
798 3231 926 3315 integre
942 3238 976 3296 et
992 3252 1060 3297 non
1077 3231 1292 3297 sacerdotalis
1307 3251 1346 3297 ac
1361 3230 1533 3316 dignitatis
1543 3231 1595 3294 vel
1607 3228 1718 3309 officii,

371 3333 628 3400 consideratione
655 3333 827 3415 Ludovici,
850 3334 1062 3421 primogeniti
1086 3334 1218 3400 comitis
1241 3333 1536 3413 Claromontensis,
1553 3353 1621 3398 nou
1645 3333 1720 3397 obs·

371 3445 454 3502 tante
478 3437 569 3521 quod
591 3436 625 3501 in
649 3438 788 3504 ecclesia
810 3438 842 3505 S.
865 3437 1040 3523 Gaugerici
1062 3438 1311 3504 Cameracensis
1331 3438 1567 3505 canonicatum
1589 3445 1624 3501 et
1647 3456 1719 3522 pre-

371 3541 517 3620 bendam,
533 3562 572 3607 ac
595 3549 811 3627 personatum
835 3542 877 3607 de
898 3540 1125 3628 Boudeguien,
1142 3541 1393 3608 Cameracensis
1415 3541 1565 3621 diocesis,
1579 3536 1720 3606 obtinet.

404 3646 601 3731 Apostolice
617 3644 749 3711 Sedis...

407 3748 485 3815 Dat.
501 3748 601 3813 Avin.
619 3770 637 3833 3
654 3748 720 3815 kal.
734 3748 817 3833 junii
834 3770 924 3814 anno
944 3770 970 3815 1.

407 3851 446 3917 ln
462 3875 492 3918 e.
509 3873 554 3917 m.
571 3852 602 3918 S.
619 3851 777 3918 Germani
803 3853 845 3939 de
872 3852 978 3919 Pratis
1006 3852 1199 3919 Parisiensis
1223 3861 1257 3918 et
1282 3853 1313 3919 S.
1330 3851 1505 3918 Genovefe
1531 3850 1722 3916 Parisiensis

367 3955 641 4022 monasteriorum
657 3956 833 4021 abbatibus
848 3977 887 4022 ac
902 3956 1073 4042 preposito
1083 3957 1223 4022 ecclesie
1233 3957 1264 4021 S.
1276 3955 1451 4041 Gaugerici
1462 3953 1721 4020 Cameracensis.

396 4093 456 4155 ch.
469 4095 517 4141 Ar.
530 4095 552 4150 6,
565 4093 583 4141 f.
596 4093 668 4150 besu
683 4093 739 4141 tat.
753 4095 791 4152 66,
804 4093 821 4141 f.
837 4096 900 4151 1382
914 4109 939 4142 n.
952 4096 1022 4142 3533.

406 4254 657 4342 353-354.
1456 4289 1549 4354 1317,
1562 4291 1582 4333 2
1592 4269 1679 4352 jzu'n.

408 4380 592 4447 Guillelmo
614 4383 656 4448 de
675 4385 870 4468 ArreblayO,
889 4383 977 4447 fratri
996 4383 1096 4460 Petri,
1114 4384 1144 4448 S.
1168 4385 1318 4448 Suzanne
1342 4382 1515 4469 presbiteri
1540 4381 1724 4461 cardinalis,

365 4486 581 4552 conferuntur
602 4486 816 4551 canonicatus
837 4497 872 4551 et
892 4487 1061 4572 prebenda
1091 4487 1231 4552 ecclesie
1252 4486 1543 4565 Autisiodorensis,
1566 4492 1726 4550 vacantes

364 4610 425 4677 per
452 4590 583 4654 obitum
604 4588 773 4654 Guillelmi
795 4589 951 4676 Capratii,
981 4590 1069 4676 apud
1091 4591 1212 4655 Sedem
1234 4591 1452 4677 apostolicam
1477 4589 1635 4668 defuncti,
1657 4610 1726 4653 non

366 4697 525 4759 obstante
541 4692 631 4777 quod
647 4693 681 4757 in
697 4692 728 4758 S.
740 4692 967 4759 Bartholomei
985 4693 1199 4759 Belvacensis
1214 4703 1248 4759 et
1265 4695 1297 4758 in
1311 4694 1342 4759 S.
1354 4693 1497 4777 Quiriaci
1515 4692 1727 4757 Prurinensis

367 4806 401 4863 et
419 4797 451 4861 in
469 4796 512 4862 de
529 4793 710 4881 Campellis
726 4798 758 4861 in
776 4796 861 4877 Bria,
878 4797 1080 4863 Senonensis
1096 4806 1130 4862 et
1148 4798 1339 4863 Parisiensis
1355 4797 1535 4877 diocesum,
1552 4795 1727 4861 canonica-

367 4910 423 4967 tus
447 4910 482 4965 et
511 4900 696 4985 prebendas
717 4902 857 4978 obtinet,
883 4910 916 4965 et
948 4902 981 4965 in
1013 4899 1198 4967 Morinensi
1224 4901 1381 4980 ecclesiis,
1405 4903 1465 4966 sub
1495 4900 1729 4986 expectatione

367 5002 551 5094 prebende,
568 5003 601 5066 in
617 5004 814 5069 canonicum
830 5014 984 5090 receptus
999 5012 1059 5070 est.

401 5200 426 5234 11.
439 5182 596 5233 bietibleuto
608 5199 657 5257 req.
667 5183 720 5232 l'ut.
