4409 6017
953 718 1112 785 Troisieme
1132 720 1234 786 annea
1493 728 1494 731 ’
1714 726 1776 790 283

414 973 521 1039 libero
549 974 710 1040 exercitio
731 973 984 1059 quomodolibet
1000 972 1145 1054 obviare,
1172 994 1231 1039 seu
1246 974 1272 1040 si
1299 974 1464 1059 aliquibus
1486 976 1709 1042 communiter
1724 978 1776 1041 vel

413 1076 548 1143 dirisim
570 1099 591 1142 a
620 1077 771 1163 predicta
801 1077 844 1143 sit
874 1076 959 1143 Sede
984 1075 1151 1141 iudultum
1181 1077 1272 1161 quod
1299 1080 1592 1160 excommunicari,
1621 1080 1776 1166 suspendi

414 1182 467 1245 vel
481 1181 634 1248 interdici
650 1202 710 1247 seu
725 1189 819 1247 extra
834 1183 888 1246 vel
904 1182 989 1246 ultra
1005 1188 1097 1245 certa
1113 1181 1186 1246 loca
1201 1180 1245 1246 ad
1257 1181 1381 1266 judicia
1407 1183 1538 1249 evocari
1555 1205 1623 1249 non
1648 1184 1777 1269 possint

413 1305 473 1370 per
488 1286 618 1351 litteras
633 1286 834 1372 apostolicas
849 1305 918 1350 non
941 1283 1102 1350 facientes
1124 1287 1261 1370 plenam
1283 1305 1322 1351 ac
1338 1307 1529 1371 expressam
1545 1308 1584 1354 ac
1610 1288 1652 1353 de
1675 1290 1778 1353 verbo

412 1387 455 1453 ad
470 1392 613 1454 verbum
629 1389 671 1455 de
686 1389 817 1455 indulto
833 1387 1033 1475 hujusmodi,
1050 1396 1085 1453 et
1108 1409 1225 1454 eorum
1242 1389 1394 1475 personis
1406 1398 1441 1456 et
1456 1391 1548 1474 locis,
1561 1391 1731 1457 ordinibus
1743 1400 1777 1457 et

412 1491 607 1558 nominibus
627 1492 768 1580 propriis
783 1492 1003 1574 mentionem,
1019 1500 1054 1557 et
1070 1492 1273 1578 quibuslibet
1290 1493 1362 1559 aliis
1371 1494 1550 1580 privilegiis
1559 1504 1593 1560 et
1605 1496 1776 1580 indulgen-

412 1596 468 1661 tiis
482 1595 576 1662 dicte
600 1595 693 1662 Sedis
717 1596 925 1681 generalibus
936 1597 991 1661 vel
1008 1596 1209 1682 specialibus
1230 1617 1505 1683 quorumcunque
1520 1606 1676 1665 tenorum
1693 1600 1776 1663 exis·

412 1708 488 1765 tant
502 1721 565 1786 per
580 1721 644 1785 que
659 1700 868 1787 presentibus
883 1721 952 1766 non
968 1720 1126 1786 expressa
1141 1702 1195 1765 vel
1212 1701 1364 1766 totaliter
1387 1722 1455 1767 non
1473 1702 1596 1768 inserta
1611 1710 1668 1768 tue
1682 1703 1776 1788 juris·

412 1803 573 1870 dictionis
601 1806 655 1869 vel
685 1804 863 1892 potestatis
893 1804 1074 1891 explicatio
1101 1804 1135 1868 in
1166 1803 1229 1869 hac
1258 1812 1353 1890 parte
1383 1806 1495 1871 valeat
1525 1806 1778 1891 quomodolibet

413 1907 567 1994 impediri
584 1908 677 1974 etde
692 1909 811 1994 quibus
833 1896 1138 1993 quorumque‘totis
1161 1908 1332 1974 tenoribus
1348 1908 1390 1974 de
1405 1911 1509 1975 verbo
1524 1909 1567 1975 ad
1583 1913 1721 1977 verbum
1745 1909 1777 1974 in

411 2014 539 2081 nostris
553 2013 674 2080 litteris
689 2011 844 2078 habenda
859 2015 901 2078 sit
916 2012 1046 2078 mentio
1069 2011 1231 2098 specialis.
1256 2011 1418 2078 Volumus
1442 2013 1576 2099 insuper
1591 2014 1680 2098 quod
1705 2035 1778 2099 pre-

412 2119 515 2185 missa
532 2117 647 2183 omnia
662 2124 697 2183 et
712 2116 841 2202 singula
855 2116 961 2202 possis
975 2126 989 2150 ⁶
1005 2115 1039 2180 in
1061 2123 1173 2182 totum
1189 2117 1243 2181 vel
1260 2116 1293 2180 in
1316 2124 1446 2201 partem
1470 2116 1528 2182 uni
1551 2118 1605 2181 vel
1631 2118 1778 2203 pluribus

411 2222 566 2309 personis
581 2220 624 2287 de
647 2220 765 2306 quibus
791 2219 850 2286 tibi
881 2218 1049 2285 videbitur
1075 2220 1253 2286 comittere
1268 2228 1304 2286 et
1328 2220 1564 2287 comissionem
1587 2221 1777 2305 hujusmodi

412 2345 585 2405 revocare,
608 2333 709 2411 prout
724 2332 758 2390 et
774 2323 930 2408 quotiens
954 2323 1014 2388 tibi
1031 2322 1198 2388 videbitur
1213 2323 1380 2409 expedire,
1397 2324 1552 2410 quodque
1568 2345 1588 2389 a
1611 2324 1690 2390 data
1704 2345 1777 2410 pre-

412 2431 562 2498 sentium
569 2429 612 2495 sit
621 2428 681 2495 tibi
692 2429 724 2493 in
732 2427 900 2514 premissis
911 2428 1066 2498 omuibus
1078 2434 1112 2492 et
1123 2448 1239 2492 eorum
1250 2428 1396 2513 singulis,
1409 2428 1516 2514 ceptis
1531 2437 1565 2493 et
1580 2449 1649 2494 nou
1661 2429 1777 2514 ceptis,

413 2533 627 2621 presentibus
636 2541 671 2598 et
684 2531 1010 2618 futurisperpetuata
1019 2538 1170 2617 potestas
1179 2540 1214 2596 et
1220 2531 1388 2617 juridictio
1398 2532 1607 2613 attributa,ut
1617 2533 1777 2617 eovigore

413 2660 522 2724 eaque
539 2637 697 2703 firmitate
712 2636 818 2722 possis
832 2636 866 2700 in
882 2636 1037 2701 omnibus
1060 2635 1237 2721 premissis,
1254 2635 1361 2720 ceptis
1376 2643 1411 2701 et
1426 2655 1494 2702 non
1511 2636 1627 2722 ceptis,
1643 2657 1776 2722 presen-

411 2742 504 2808 tibus
520 2748 556 2806 et
572 2740 698 2820 suturis,
714 2747 750 2804 et
764 2759 826 2826 pro
840 2738 1009 2825 premissis
1020 2737 1203 2823 procedere
1219 2758 1259 2803 ac
1275 2738 1302 2803 si
1318 2738 1470 2824 predicta
1481 2739 1594 2805 omnia
1604 2747 1639 2804 et
1648 2739 1777 2823 singula

413 2866 530 2913 coram
546 2852 580 2911 te
596 2851 695 2930 cepta
711 2843 850 2909 fuissent
866 2850 901 2907 et
913 2840 1083 2927 juridictio
1099 2848 1158 2907 tua
1173 2840 1206 2906 in
1233 2840 1392 2927 predictis
1407 2842 1563 2908 omnibus
1578 2851 1613 2907 et
1640 2842 1777 2927 singulis

413 2971 472 3037 per
487 2948 686 3017 citationem
702 2949 757 3013 vel
781 2946 920 3012 modum
935 2945 1036 3010 alium
1063 2953 1263 3031 perpetuata
1289 2945 1476 3030 legitimum
1503 2946 1680 3027 extitisset,
1695 2967 1777 3011 con-

413 3054 592 3120 stitutione
615 3071 813 3135 quacunque
829 3049 862 3114 in
879 3048 1082 3115 contrarium
1099 3048 1191 3114 edita
1214 3068 1282 3113 non
1307 3051 1474 3116 obstante.
1492 3050 1554 3114 Per
1579 3049 1642 3116 lrec
1665 3058 1778 3115 autem

414 3155 625 3244 processibus
654 3174 714 3240 per
752 3161 948 3219 executores
978 3161 1013 3218 et
1043 3152 1227 3218 ordinarios
1255 3160 1460 3217 memoratos
1498 3161 1614 3218 contra
1647 3153 1777 3218 dictum

416 3261 604 3326 Robertum
620 3268 655 3324 et
670 3258 754 3324 alios
780 3257 1042 3343 prenominatos,
1059 3263 1094 3321 et
1110 3264 1214 3320 terras
1239 3275 1354 3320 eorum
1370 3263 1404 3319 et
1420 3276 1533 3320 earum
1559 3254 1778 3340 pertinentias

415 3364 539 3431 habitis
555 3363 609 3427 vel
625 3360 786 3427 habendis
801 3381 869 3425 non
887 3359 1091 3425 intendimus
1107 3359 1141 3423 in
1157 3359 1269 3443 aliquo
1291 3358 1449 3443 derogare
1467 3360 1523 3442 (¹).
1542 3381 1559 3420 „

449 3521 510 3581 ltcg.
524 3518 584 3567 Vat.
602 3520 654 3575 ltu,
667 3532 725 3580 pram
739 3517 756 3575 l,
770 3516 787 3563 l.
800 3519 838 3572 5⁸,
851 3529 876 3562 u.
892 3515 944 3563 lua.
958 3542 988 3549 -
1000 3514 1109 3572 tlurlon,
1121 3529 1144 3562 u.
1158 3516 1202 3561 lllll
1218 3513 1324 3573 (textui.

460 3741 581 3826 690
1448 3767 1541 3832 1319,
1566 3769 1606 3811 21
1632 3769 1735 3811 altars

461 3859 649 3927 Bertrando
664 3858 851 3923 Grimoardi
877 3856 1091 3923 conferuntur
1118 3852 1407 3919 archidiaconatus
1423 3850 1630 3916 Vastinensis
1645 3870 1778 3914 necnon

418 3964 636 4034 canonicatus
651 3970 685 4027 et
709 3960 879 4048 prebenda
906 3958 1046 4025 ecclesie
1073 3956 1285 4037 Senonensis,
1303 3964 1462 4021 vacantes
1485 3976 1544 4041 per
1560 3954 1689 4019 obitum
1705 3952 1778 4017 Ade

416 4072 458 4136 de
475 4068 634 4148 Pruvino,
650 4066 729 4131 alias
744 4065 824 4131 dicti
842 4063 1005 4148 Curtipes,
1022 4061 1116 4127 Sedis
1137 4060 1321 4146 apostolice
1348 4060 1521 4144 capellani,
1539 4061 1779 4124 nonobstante

417 4172 509 4260 quod
536 4172 569 4235 in
595 4170 626 4236 S.
641 4168 777 4234 Martini
804 4165 999 4232 Leodiensis
1024 4171 1058 4229 et
1082 4162 1125 4227 de
1150 4162 1181 4228 S.
1198 4162 1331 4227 Asterio
1347 4162 1496 4227 ecclesiis
1512 4160 1729 4228 canonicatus
1744 4168 1779 4224 et

416 4274 614 4364 prebendas,
630 4294 669 4339 ac
696 4272 878 4358 prioratum
895 4270 936 4335 de
963 4269 1096 4333 Salvcta
1113 4275 1147 4331 et
1164 4267 1338 4333 ecclesiam
1355 4266 1397 4330 de
1414 4265 1607 4329 Corrllantio
1623 4271 1657 4328 et
1674 4265 1778 4328 altare

418 4381 455 4448 B.
473 4378 584 4445 blarie
602 4377 813 4462 Magdalene,
829 4373 1004 4439 Trecensis
1019 4379 1052 4436 et
1071 4370 1351 4455 Petrugoricensis
1366 4369 1539 4434 civitatum
1553 4376 1587 4433 et
1597 4368 1778 4447 diocesum,

418 4485 561 4551 obtinet.

460 4588 557 4655 Sedis
571 4584 795 4672 apostolice...

463 4694 541 4758 Dat.
558 4688 657 4754 Arin.
678 4708 714 4752 12
732 4686 797 4751 kal.
815 4686 926 4771 aprilis
941 4705 1030 4749 anno
1048 4704 1076 4767 3.

449 4881 581 4944 rixamini
596 4892 645 4938 req.

454 5161 474 5207 l.
493 5160 568 5206 t'ctle
581 5156 656 5204 lettre
667 5162 704 5203 cst
719 5152 770 5203 tres
782 5153 975 5217 proboblcment
988 5154 1020 5203 dc
1032 5153 1057 5202 lu
1069 5153 1152 5203 mime
1162 5155 1224 5204 date
1240 5168 1290 5215 que
1304 5153 1328 5200 la
1340 5152 1502 5217 precedente.
