4409 6017
892 707 1049 775 Neuvilne
1070 706 1173 772 anuto.
1659 708 1716 773 571

349 861 591 948 expectatione
606 861 790 948 prebende,
805 879 874 926 non
890 860 1046 924 obstante
1068 856 1160 941 quod
1181 856 1215 920 in
1232 854 1392 941 Brugensi
1407 856 1421 938 (
1425 856 1453 940 ¹)
1478 863 1513 920 et
1529 850 1582 922 de
1595 856 1715 937 Seclin,

349 963 576 1033 Tomacensis
590 965 743 1046 diocesis,
759 962 909 1031 ecclesiis
924 960 1142 1028 canonicatus
1151 962 1211 1026 sub
1223 960 1460 1046 expectatione
1473 961 1716 1046 prebendarum

351 1069 497 1135 obtinet.

397 1172 492 1238 Sedis
507 1173 725 1256 apostolice...

398 1276 478 1342 Dat.
493 1277 593 1342 Avin.
611 1299 630 1362 4
646 1297 726 1343 non.
743 1274 820 1341 maii
834 1295 926 1341 anno
944 1295 973 1355 9.

397 1379 437 1444 ln
454 1400 483 1445 e.
499 1401 544 1446 m.
560 1379 674 1446 abbati
690 1377 884 1446 monasterii
900 1378 932 1443 S.
948 1376 1066 1456 Jacobi
1083 1375 1279 1443 Leodiensis
1294 1384 1329 1441 et
1344 1375 1495 1455 Jordano
1505 1375 1548 1442 de
1559 1376 1718 1462 Colump-

348 1505 405 1565 na,
421 1483 660 1550 archidiacono
676 1481 947 1568 Transligerensi,
963 1480 1229 1566 Andegavensis,
1241 1500 1281 1546 ac
1296 1479 1425 1547 cantori
1438 1479 1470 1546 S.
1481 1479 1623 1546 Dionisii
1633 1477 1720 1544 Leo-

351 1585 479 1654 diensis
494 1587 721 1653 ecclesiarum.

386 1717 449 1779 Reg.
461 1717 508 1765 Av.
521 1718 560 1775 23,
572 1716 590 1765 f.
603 1717 633 1765 85
646 1733 653 1775 3
670 1717 730 1765 Vat.
742 1717 781 1775 79,
793 1716 812 1765 f.
824 1716 864 1775 63,
876 1729 901 1764 n.
912 1715 982 1763 1398.

401 1864 543 1948 1553.
1453 1875 1584 1960 1325,4
1601 1875 1678 1941 mai.

397 1981 417 2059 J
421 1981 547 2047 ohanni
563 1980 761 2047 Theoderici
777 1981 820 2047 de
836 1979 1026 2061 Bouchout,
1042 1979 1165 2046 clerico
1176 1978 1399 2045 Tomacensis
1407 1977 1561 2060 diocesis,
1573 1997 1721 2043 reserva-

350 2093 408 2151 tur
422 2085 625 2151 beneficium
651 2084 914 2150 ecclesiasticum
929 2083 972 2148 ad
988 2082 1205 2148 collationem
1222 2082 1381 2168 prepositi
1398 2081 1541 2148 ecclesie
1558 2080 1590 2146 S.
1608 2071 1722 2148 Dona-

352 2188 439 2254 tiani
455 2187 643 2274 Brugensis,
659 2186 881 2253 Tornaceusis
896 2185 1048 2252 diocesis.
1387 2183 1390 2194 ‘

400 2291 584 2357 Laudabile
600 2291 863 2358 testimonium...

401 2395 480 2461 Dat.
496 2395 596 2460 Avin.
613 2417 632 2480 4
649 2415 727 2462 non.
744 2393 823 2460 maii
839 2413 929 2460 anno
947 2415 975 2476 9.

402 2497 442 2563 In
459 2519 488 2564 e.
504 2520 549 2565 m.
565 2499 597 2564 S.
612 2499 749 2566 Andree
761 2499 856 2584 juxta
872 2496 990 2584 Brugis
1005 2506 1040 2563 et
1055 2497 1098 2563 de
1109 2497 1296 2564 Dulcivalle
1306 2498 1585 2565 monasteriorum
1594 2498 1722 2565 abbati-

354 2606 429 2684 bus,
445 2601 667 2668 Tornacensis
682 2602 834 2681 diocesis,
850 2622 890 2667 ac
905 2601 925 2679 J
928 2600 1056 2668 ordano
1071 2601 1114 2667 de
1132 2600 1330 2689 Columpna,
1347 2604 1585 2671 archidiacono
1600 2602 1721 2670 Trans·

358 2706 513 2791 ligerensi
531 2705 563 2770 in
579 2705 720 2772 ecclesia
735 2704 982 2791 Andegavensi.

391 2836 452 2896 neg.
468 2837 516 2883 nv.
531 2838 569 2895 23,
582 2836 600 2885 f.
616 2836 675 2891 ssu
693 2835 753 2884 vat.
766 2837 804 2894 79,
819 2835 838 2885 r.
853 2837 905 2894 rav,
915 2848 940 2884 n.
957 2835 1026 2884 1399.

404 2981 552 3065 1554.
1305 3001 1308 3004 ’
1454 3019 1547 3083 1325,
1563 2999 1677 3085 amai.

402 3096 547 3165 Nicolao
562 3099 604 3165 de
623 3096 864 3186 Longocampo
880 3099 1049 3166 confertur
1076 3103 1295 3169 canonicatus
1320 3103 1463 3170 ecclesie
1492 3103 1523 3170 S.
1547 3103 1721 3171 Gertrudis

356 3201 573 3284 Nivellensis‚
589 3200 785 3269 Leodiensis
800 3203 952 3285 diocesis,
968 3206 1029 3269 sub
1045 3205 1284 3292 expectatione
1299 3208 1480 3293 prebende.

405 3305 537 3372 Meritis
552 3315 642 3373 tue...

402 3406 482 3473 Dat.
498 3407 598 3472 Avin.
614 3429 634 3492 4
650 3427 729 3473 non.
745 3406 823 3472 maii
840 3427 930 3473 anno
947 3429 976 3489 9.

403 3509 443 3575 In
459 3531 489 3576 e.
505 3531 549 3576 m.
566 3510 681 3576 abbati
698 3512 891 3577 monasterii
908 3512 939 3579 S.
955 3511 975 3591 J
979 3513 1076 3580 acobi
1092 3533 1133 3579 ac
1158 3513 1189 3580 S.
1206 3513 1301 3580 Pauli
1326 3514 1524 3591 Leodiensis
1547 3527 1584 3584 et
1611 3517 1722 3585 Cami-

357 3613 473 3679 nensis
489 3613 705 3679 ecclesiarum
720 3613 865 3681 decanis,
1566 3639 1571 3649 ·

394 3743 456 3804 Reg.
472 3744 519 3790 Av.
532 3744 572 3802 23,
583 3743 601 3792 f.
613 3744 659 3800 86;
672 3743 732 3794 var.
748 3745 787 3802 79,
799 3744 818 3792 f.
833 3746 883 3803 731¹,
896 3759 921 3793 n.
937 3746 1007 3794 1428.

409 3885 550 3969 1555·
1364 3902 1368 3912 ’
1448 3907 1682 3991 ¹13.25,41moi.

406 4003 555 4069 Gerardo
588 4002 832 4088 Borghengoen
877 4003 1046 4069 confertur
1076 4003 1295 4071 canonicatus
1331 4007 1472 4073 ecclesie
1502 4008 1533 4073 S.
1566 4002 1724 4075 Rumoldi

363 4106 617 4186 MachlinensiS,
643 4104 892 4171 Cameracensis
918 4106 1070 4183 diocesis,
1087 4109 1148 4172 sub
1179 4110 1417 4194 expectatione
1444 4111 1624 4198 prebende,
1655 4132 1723 4178 non

361 4214 519 4277 obstante
550 4209 639 4294 quod
670 4210 904 4275 canonicatum
935 4213 996 4275 sub
1038 4210 1277 4296 expectatione
1309 4213 1477 4296 prebende
1515 4215 1549 4279 in
1584 4215 1725 4282 ecclesia

360 4315 393 4381 S.
411 4314 502 4379 Petri
519 4312 710 4393 insulensis
726 4311 1109 4393 TornacensisdiocesiS,
1126 4314 1268 4382 obtinet.

408 4417 539 4483 Meritis
555 4425 645 4482 tue...

407 4521 487 4587 Dat.
502 4520 602 4587 Avin.
620 4544 639 4605 4
656 4541 734 4586 non.
751 4521 828 4586 maii
844 4542 933 4587 anno
951 4542 980 4602 9.

407 4624 571 4690 luem.
598 4625 710 4690 abbati
738 4626 930 4691 monasterii
956 4626 987 4692 S.
1018 4626 1138 4704 Jacobi
1170 4627 1365 4697 Leodiensis
1395 4640 1429 4697 et
1451 4630 1664 4698 Caminensis
1686 4654 1726 4700 ac

362 4732 394 4797 S.
414 4729 506 4794 Pauli
523 4728 718 4794 Leodiensis
734 4730 947 4795 ecclesiarum
963 4731 1109 4798 decanis

397 4860 458 4921 ch.
472 4861 519 4906 Av.
530 4861 568 4916 23,
581 4859 599 4906 f.
615 4861 690 4914 197v;
710 4858 767 4914 Vat.
781 4861 818 4916 79,
832 4859 849 4906 f.
864 4859 902 4916 81,
915 4873 941 4913 n.
960 4861 1029 4909 1451.

398 5053 419 5099 l·
441 5050 505 5111 1³05-
519 5065 544 5098 ¹1-
556 5052 609 5108 952,
622 5053 656 5098 οὺ
664 5065 692 5098 ce
705 5065 863 5113 personnage
872 5058 914 5120 est.
922 5054 1074 5107 mentuunt
1085 5052 1184 5110 comme
1195 5060 1278 5118 ayant
1286 5071 1321 5113 un
1331 5059 1499 5113 canonioatet
1509 5056 1726 5123 ureepre'bemlede

364 5131 464 5196 l'eglise
476 5131 695 5185 Salat-Donatien
707 5133 739 5183 de
752 5133 857 5196 Bruges.
1641 5130 1643 5135 ·
1657 5153 1662 5161 ,
