4409 6017
380 892 497 958 forsitan
525 913 594 957 non
620 911 761 971 servare,
776 890 926 977 predicte
944 898 1062 975 gentes
1087 890 1244 956 Flandrie
1261 891 1294 954 in
1318 911 1360 956 eo
1384 913 1461 957 casu
1488 892 1580 958 dicto
1603 894 1718 959 comiti

377 1015 571 1080 nequaquam
596 995 788 1060 assisterent
811 1014 875 1058 nec
896 994 1072 1058 consilium
1096 994 1299 1059 auxiliumve
1325 997 1513 1080 preberent,
1540 997 1645 1061 immo
1677 999 1718 1062 ab

374 1099 461 1184 ipsius
475 1098 610 1165 comitis
619 1098 744 1164 auxilio
759 1107 794 1163 et
809 1095 999 1163 assistentia
1015 1117 1135 1163 omnes
1150 1118 1233 1182 quos
1249 1108 1386 1185 possent
1402 1110 1592 1164 averterent
1609 1110 1643 1164 et
1659 1100 1718 1165 tibi

371 1204 553 1268 assisterent
574 1222 637 1288 pro
656 1201 824 1286 premissis
848 1200 1057 1286 complendis
1081 1210 1115 1266 et
1137 1202 1341 1285 integraliter
1365 1203 1591 1283 observandis,
1619 1225 1720 1287 seque

369 1306 448 1372 dicte
477 1312 598 1391 gentes
621 1305 664 1371 ad
688 1305 754 1370 hoc
774 1304 996 1388 astringerent
1022 1313 1057 1368 et
1085 1304 1265 1370 efficaciter
1295 1305 1481 1390 obligarent
1511 1328 1571 1392 per
1601 1307 1720 1372 similia

366 1419 458 1495 pacta
474 1430 541 1494 que
553 1409 596 1475 de
611 1407 841 1494 quinquennio
855 1406 890 1471 in
906 1407 1209 1492 quinquennium,si
1225 1415 1262 1473 tu
1278 1408 1334 1474 illa
1349 1410 1542 1494 requireres,
1558 1411 1624 1476 suis
1640 1410 1721 1476 locis

365 1533 523 1579 renovare
547 1512 581 1578 in
607 1510 764 1577 Flandria
790 1518 995 1577 tenerentur.
1022 1510 1230 1591 Adiecerunt
1253 1520 1367 1577 autem
1388 1512 1468 1579 dicti
1491 1522 1722 1599 procuratores

362 1616 487 1702 quodsi
503 1616 664 1702 premisse
676 1615 879 1694 securitates,
890 1622 1056 1697 quatenus
1065 1614 1254 1700 pertinebat
1269 1615 1312 1681 ad
1327 1636 1397 1680 rem
1414 1617 1456 1682 de
1472 1637 1537 1701 qua
1552 1620 1721 1701 agebatur,

361 1721 499 1785 minime
515 1718 668 1785 sufficere
683 1718 884 1799 viderentur,
902 1717 963 1803 ipsi
980 1718 1166 1783 offerebant
1188 1717 1268 1783 alias
1284 1740 1511 1804 quascumque
1527 1722 1722 1786 securitates

358 1824 626 1890 conventionum
641 1821 689 1887 eis
711 1822 884 1907 possibiles
899 1842 981 1906 quas
1005 1842 1068 1887 nos
1089 1842 1151 1907 pro
1172 1822 1349 1906 exigentia,
1370 1823 1473 1888 modo
1499 1834 1534 1890 et
1560 1825 1722 1908 qualitate

358 1928 626 1992 conventionum
652 1925 797 2010 ipsarum
821 1934 856 1990 et
885 1945 996 1991 rerum
1027 1946 1068 1989 ex
1100 1933 1195 2010 parte
1225 1946 1284 1990 sua
1313 1926 1560 2012 promissarum,
1585 1929 1722 2013 prebere

356 2030 481 2095 debere
496 2030 753 2096 decerneremus
767 2049 808 2094 ac
820 2029 1044 2115 judicaremus
1059 2029 1207 2109 eosdem,
1218 2028 1298 2094 dum
1314 2036 1428 2094 tamen
1444 2038 1482 2095 tu
1498 2031 1590 2096 dicto
1606 2031 1722 2097 comiti

356 2143 391 2198 et
403 2132 713 2199 comunitatibusid
725 2132 934 2198 iaceresvice
945 2154 1049 2198 versa.
1070 2132 1242 2198 Premissis
1253 2132 1353 2217 igitur
1368 2135 1522 2199 omnibus
1538 2141 1572 2199 et
1588 2135 1724 2220 singulis

356 2260 396 2304 ac
411 2238 487 2302 aliis
502 2236 608 2302 etiam
622 2235 837 2302 attendendis
851 2236 1030 2321 diligenter
1045 2236 1194 2317 attentis,
1211 2257 1273 2302 nos
1295 2257 1356 2322 pro
1371 2238 1461 2302 bono
1480 2238 1669 2317 concordie,
1685 2257 1724 2303 ac

357 2350 499 2428 propter
508 2341 678 2405 intensum
685 2339 885 2405 desiderium
898 2349 932 2405 et
944 2339 1105 2424 grandem
1118 2340 1276 2405 affectum
1287 2362 1387 2425 quem
1399 2340 1561 2406 habemus
1573 2350 1607 2407 et
1623 2349 1657 2406 te
1667 2341 1725 2405 ha-

355 2449 438 2512 bere
453 2445 526 2511 sine
542 2442 753 2509 dubitatione
773 2443 992 2529 supponimus
1012 2442 1055 2508 ad
1079 2444 1331 2508 ultramarinum
1355 2444 1553 2530 passagium,
1570 2443 1660 2528 quod
1683 2465 1724 2507 ex

357 2547 528 2616 discordia
551 2546 768 2612 securitatum
791 2545 979 2632 hujusmodi
1003 2554 1117 2633 potest
1140 2547 1363 2612 verisimiliter
1385 2547 1552 2627 retardari,
1569 2547 1610 2612 ad
1633 2548 1726 2631 cujus

360 2650 635 2740 prosecutionem
651 2657 699 2730 tu,
709 2649 874 2715 discordia
889 2651 1029 2715 durante
1045 2650 1205 2736 predicta,
1218 2652 1313 2736 juxta
1328 2652 1422 2737 pium
1437 2672 1456 2715 a
1471 2660 1507 2716 te
1523 2658 1724 2735 conceptum

360 2758 394 2821 in
412 2757 477 2820 lrac
491 2762 588 2840 parte
599 2753 808 2839 propositum
831 2762 867 2819 te
889 2754 1033 2819 comode
1050 2754 1166 2838 nequis
1182 2755 1365 2840 accingere,
1381 2776 1480 2841 super
1495 2754 1726 2820 securitatibus

361 2857 542 2925 hincinde
566 2857 753 2942 prestandis
774 2858 872 2942 rigori
894 2858 975 2943 juris
995 2858 1149 2923 nolentes
1174 2858 1280 2937 inniti,
1306 2858 1364 2924 sed
1379 2880 1439 2945 per
1454 2859 1612 2943 equitatis
1636 2858 1725 2922 viam
1770 2859 1773 2864 ’

360 2962 539 3050 providere
564 2962 676 3047 potius
700 2961 868 3028 securitati
899 2962 1043 3047 partium
1066 2962 1250 3047 cupientes,
1271 2961 1512 3028 deliberatione
1537 2983 1634 3047 super
1661 2962 1725 3026 lroc

361 3089 439 3134 cum
455 3066 610 3131 fratribus
626 3066 748 3131 nostris
765 3066 920 3131 omnibus
944 3074 979 3130 et
1003 3065 1140 3150 singulis
1156 3064 1245 3150 apud
1260 3065 1380 3131 Sedem
1396 3067 1616 3131 existentibus
1632 3076 1725 3130 aute·

360 3173 467 3237 fatam
496 3170 687 3254 diligentius
717 3169 831 3234 habita
856 3169 956 3234 etde
984 3169 1124 3234 consilio
1155 3170 1348 3250 eorundem,
1374 3171 1548 3234 consilium
1574 3170 1726 3234 dedimus

360 3273 618 3358 infrascriptum.
635 3271 870 3337 Consuluimus
885 3272 1011 3336 etenim
1027 3280 1061 3336 et
1077 3272 1285 3337 consulendo
1296 3272 1440 3337 diximus
1456 3272 1546 3355 quod
1562 3281 1608 3346 tu,
1622 3275 1725 3336 semel

359 3379 539 3444 dumtaxat
550 3396 610 3461 per
625 3385 753 3442 certam
768 3397 945 3462 personam
961 3375 1077 3441 adhoc
1093 3397 1112 3440 a
1129 3384 1162 3440 te
1178 3376 1416 3461 deputandam,
1428 3377 1460 3439 in
1474 3377 1619 3441 animam
1634 3384 1726 3440 tuam

357 3484 450 3568 jures
475 3479 565 3565 quod
585 3488 623 3545 tu
648 3479 755 3545 dictas
779 3480 1022 3545 conventiones
1040 3479 1274 3544 inviolabiliter
1300 3480 1500 3554 observabis,
1526 3500 1585 3564 per
1613 3488 1646 3543 te
1674 3480 1726 3543 vel

360 3586 465 3650 alium
481 3603 550 3648 non
567 3592 726 3648 venturus
741 3592 798 3647 aut
815 3584 960 3647 facturus
975 3581 1098 3666 aliquid
1115 3591 1233 3648 contra
1247 3604 1303 3648 eas
1315 3585 1369 3647 vel
1384 3583 1530 3667 aliquam
1546 3582 1727 3646 earundem

361 3698 397 3753 et
414 3708 475 3773 pro
491 3686 726 3752 observatione
742 3686 930 3770 hujusmodi
947 3694 985 3751 tu
1009 3685 1135 3769 obliges
1156 3687 1246 3751 bona
1272 3694 1330 3751 tua
1350 3686 1519 3771 presentia
1545 3693 1579 3749 et
1609 3686 1726 3750 lutura.

361 3790 488 3876 Singuli
514 3789 617 3854 etiam
643 3809 850 3855 successores
880 3790 927 3854 tui
967 3788 1000 3852 in
1030 3809 1133 3873 regno
1169 3791 1271 3854 semel
1303 3789 1477 3853 dumtaxat
1500 3790 1727 3873 juramentum

361 3905 512 3982 prestare
524 3894 627 3959 modo
643 3893 740 3957 simili
758 3900 945 3958 teneantur.
960 3893 1163 3959 Prestabitur
1175 3904 1287 3958 autem
1301 3894 1526 3977 juramentum
1539 3892 1726 3977 hujusmodi

361 4020 420 4084 per
446 4008 483 4063 te
510 4007 546 4062 et
575 4017 783 4063 successores
809 3996 977 4081 predictos
1008 3997 1040 4061 in
1073 3997 1178 4061 forma
1202 3997 1395 4081 prescripta,
1420 3997 1555 4080 quaudo
1586 3996 1728 4062 comites

363 4102 520 4169 Flandrie
545 4100 588 4166 ad
612 4100 805 4184 homagium
831 4109 865 4164 et
891 4100 1087 4165 fidelitatem
1114 4101 1324 4186 recipientur,
1341 4101 1374 4164 in
1401 4101 1546 4166 crastino
1568 4099 1727 4165 videlicet

362 4217 543 4293 postquam
556 4204 744 4289 hujusmodi
757 4203 950 4285 homagium
966 4213 1000 4269 et
1018 4205 1213 4281 fidelitatem
1229 4205 1370 4269 comites
1386 4205 1446 4289 ipsi
1468 4204 1674 4289 prestiterim
1694 4211 1727 4268 et

363 4310 609 4377 conventiones
633 4328 763 4372 servare
787 4309 969 4393 juraverint
993 4309 1189 4373 antedictas.
1207 4307 1345 4373 Curabis
1361 4308 1462 4373 etiam
1487 4317 1523 4373 tu
1551 4310 1639 4372 bona
1665 4307 1729 4372 fide

365 4417 490 4498 absque
523 4410 636 4476 fraude
664 4410 783 4495 aliqua,
808 4420 969 4494 quantum
997 4413 1132 4498 poteris
1160 4411 1250 4497 quod
1277 4411 1375 4477 irater
1400 4420 1434 4476 et
1458 4411 1564 4496 patrui
1590 4420 1624 4476 et
1649 4431 1728 4475 con-

365 4515 536 4600 sanguinei
554 4514 600 4578 tui
618 4514 660 4578 de
677 4513 811 4579 Valesio
828 4523 862 4579 et
874 4515 1054 4594 Borbonio,
1066 4537 1180 4580 comes
1192 4516 1304 4580 Sancti
1320 4515 1411 4579 Pauli
1425 4536 1465 4579 ac
1480 4536 1576 4598 pares
1591 4514 1730 4578 Francie

366 4617 609 4683 conventiones
626 4616 712 4702 ipsas
729 4626 893 4700 quantum
911 4620 944 4681 in
961 4620 1007 4683 eis
1032 4620 1128 4683 fuerit
1144 4628 1178 4683 et
1194 4619 1376 4703 pertinebit
1392 4618 1435 4683 ad
1451 4639 1509 4682 eos
1532 4618 1565 4680 in
1583 4617 1648 4682 fide
1671 4638 1730 4681 sua

367 4722 531 4787 tenaciter
546 4721 722 4785 observare
739 4714 937 4806 promittant
954 4731 987 4788 et
1008 4723 1098 4807 quod
1115 4722 1184 4801 tibi,
1201 4723 1227 4786 si
1251 4730 1368 4786 contra
1384 4722 1627 4786 conventiones
1644 4720 1730 4804 ipsas

370 4827 417 4889 vel
434 4826 584 4908 aliquam
599 4845 639 4887 ex
656 4824 704 4889 eis
720 4824 845 4889 faceres
861 4833 918 4888 aut
935 4827 1075 4903 venires,
1093 4847 1152 4910 per
1175 4847 1210 4890 se
1232 4827 1285 4888 vel
1311 4825 1412 4888 alium
1440 4825 1471 4888 iu
1496 4825 1561 4889 hoc
1577 4824 1730 4888 assistere

370 4940 422 4993 aut
443 4937 479 4993 te
501 4929 617 5013 juvare
644 4928 783 4991 minime
810 4937 996 4993 teneantur.
1016 4929 1081 4995 Ubi
1110 4938 1223 4993 tamen
1242 4927 1464 4993 Flaudreuses
1488 4928 1547 5013 ipsi
1576 4927 1618 4992 de
1642 4926 1730 4991 sacto

373 5031 611 5095 conventiones
627 5030 714 5116 ipsas
729 5032 784 5095 vel
800 5052 912 5095 earum
925 5032 1068 5116 aliquam
1086 5034 1301 5111 infringerent
1317 5043 1374 5096 aut
1391 5041 1508 5097 contra
1523 5038 1558 5095 te
1579 5050 1730 5112 guerram

376 5134 506 5201 fortasse
523 5146 708 5210 moverent,
734 5146 813 5200 tuuc
829 5136 1050 5220 prenominati
1068 5158 1185 5202 omues
1202 5144 1235 5200 et
1259 5135 1376 5219 singuli
1394 5158 1412 5199 a
1429 5135 1525 5202 dictis
1542 5133 1730 5221 promissio-

308 395 324 476 i

308 485 327 1088 ξ
899 742 1055 808 Deuxieme
1076 743 1179 807 anuis.
1663 746 1719 810 185
