4409 6017
420 693 482 759 554
955 693 1112 761 lleuvibnre
1132 697 1234 761 auree.

464 841 647 909 Laudanda
669 849 759 910 tue...

464 946 543 1012 Dat.
558 946 659 1014 Avin.
675 946 781 1014 idibus
796 947 906 1014 martii
922 968 1012 1015 anno
1026 970 1056 1030 9.

463 1049 503 1115 ln
514 1072 543 1116 e.
553 1072 597 1118 m.
614 1050 809 1119 Caturcensi
822 1059 858 1118 et
874 1052 1012 1120 Rivensi
1028 1052 1196 1141 episcopis
1207 1074 1247 1122 ac
1262 1054 1362 1142 priori
1381 1056 1413 1123 S.
1430 1055 1573 1123 Martini
1588 1057 1636 1124 de
1649 1056 1774 1144 Campis

421 1154 624 1221 Parisiensis.

453 1301 514 1362 Bag.
526 1302 576 1350 Av.
588 1303 628 1361 23,
642 1302 660 1350 f.
675 1303 739 1360 4383
753 1301 812 1351 vat.
825 1303 863 1362 79,
877 1301 896 1351 i.
908 1304 962 1362 324,
975 1317 1002 1353 n.
1016 1303 1089 1351 2159.

466 1481 614 1566 1500.
1456 1510 1553 1578 1325,
1571 1512 1617 1579 15
1637 1516 1741 1562 mars.

462 1597 612 1677 Johanni
636 1599 679 1665 de
702 1597 818 1681 Borto,
843 1598 1009 1665 canonico
1030 1599 1172 1667 ecclesie
1195 1600 1227 1666 S.
1244 1599 1333 1665 Petri
1351 1598 1544 1681 Insulensis,
1560 1597 1778 1666 Tornacensis

419 1703 572 1785 diocesis,
588 1703 779 1789 indulgetur
793 1709 831 1768 ut
846 1701 973 1768 fructus
988 1702 1159 1788 prebende
1181 1723 1240 1769 sue
1260 1703 1294 1768 in
1317 1702 1407 1769 dicta
1429 1701 1576 1769 ecclesia
1589 1722 1729 1769 necnon
1748 1710 1777 1766 et

419 1807 560 1873 aliorum
575 1805 814 1872 beneficiorum
839 1825 974 1872 suorum
997 1809 1122 1892 absque
1144 1805 1324 1872 residentia
1346 1805 1388 1871 ad
1411 1805 1597 1872 triennium
1613 1805 1777 1893 percipere

421 1910 542 1976 valeat.

464 2012 633 2080 Nobilitas
648 2011 819 2098 generis...

465 2118 544 2183 Dat.
559 2116 657 2182 Avin.
674 2115 781 2182 idibus
797 2114 907 2181 martii
923 2134 1013 2181 anno
1030 2134 1060 2195 9.

464 2219 504 2286 In
521 2241 550 2286 e.
565 2241 610 2287 m.
627 2219 786 2306 episcopo
801 2217 1006 2284 Tornacensi
1023 2226 1058 2283 et
1073 2215 1261 2282 Bertrando
1276 2216 1319 2282 de
1335 2214 1491 2297 Galardo,
1504 2215 1778 2300 Gandensi,Tor·

419 2323 582 2405 nacensis,
606 2343 646 2389 ac
670 2320 841 2388 Bernardo
866 2320 1036 2406 Stephani,
1072 2319 1271 2404 Figiacensi,
1302 2319 1513 2385 Caturcensis
1535 2319 1779 2387 archidiaconis

420 2427 647 2494 ecclesiarum.

421 2598 426 2608 .
455 2565 516 2626 neg.
526 2566 575 2615 lv.
589 2566 620 2613 ra
633 2564 654 2615 r.
667 2566 735 2623 saar,
749 2578 775 2612 n.
784 2564 848 2612 raso
859 2581 867 2621 3
877 2563 937 2610 vat.
949 2563 987 2621 rs,
1000 2561 1018 2610 r.
1028 2561 1084 2620 ass,
1097 2575 1122 2609 n.
1134 2562 1207 2610 raes.

469 2750 606 2834 1501.
1459 2778 1556 2843 1325,
1573 2781 1617 2847 19
1635 2781 1740 2826 mars.

462 2869 609 2946 Johanni
624 2867 667 2933 de
684 2867 870 2947 Cresciaco,
885 2867 1001 2953 nepoti
1017 2869 1107 2931 bone
1130 2865 1292 2931 memorie
1313 2862 1488 2946 Johannis,
1512 2863 1567 2930 SS.
1590 2862 1779 2931 Marcellini

419 2980 454 3039 et
480 2971 571 3037 Petri
597 2971 771 3058 presbiteri
798 2970 973 3037 cardinalis
993 2970 1051 3055 (Ι),
1075 2977 1262 3036 reservatur
1282 2969 1484 3036 beneficium
1503 2967 1779 3049 ecclesiasticum,

419 3075 522 3141 etiam
537 3075 564 3141 si
580 3074 762 3161 prebenda,
778 3073 921 3160 dignitas
947 3075 1002 3139 vel
1017 3080 1216 3159 personatus
1231 3093 1291 3138 seu
1306 3071 1454 3138 officium
1471 3072 1605 3154 existat,
1623 3072 1669 3139 ad
1684 3072 1780 3140 colla·

418 3179 548 3245 tionem
574 3178 724 3265 episcopi
750 3176 965 3259 Morinensis,
992 3197 1060 3242 non
1088 3179 1247 3242 obstante
1270 3175 1360 3261 quod
1379 3175 1413 3240 in
1438 3175 1557 3242 eadem
1581 3174 1779 3256 Morinensi,

420 3283 452 3349 S.
469 3282 610 3348 Dionisii
626 3281 832 3362 Leodiensis,
849 3280 1069 3362 Nossonensi,
1086 3279 1245 3346 Lobiensi
1261 3287 1296 3345 et
1312 3279 1521 3365 Aycuriensi,
1537 3277 1738 3346 Leodiensis
1748 3289 1779 3345 et

420 3385 672 3452 Cameracensis
686 3385 870 3467 diocesum,
887 3383 1036 3450 ecclesiis
1051 3383 1271 3450 canonicatus
1286 3391 1321 3450 et
1336 3383 1533 3470 prebendas,
1549 3403 1590 3450 ac
1611 3383 1648 3449 in
1664 3383 1778 3450 eadem

419 3490 560 3556 ecclesia
577 3492 612 3557 S.
629 3489 770 3554 Dionisii
786 3488 989 3555 decanatum
1006 3487 1149 3555 obtinet.

462 3593 666 3659 Litterarum
682 3591 862 3659 scientia...

462 3698 542 3764 Dat.
557 3696 658 3762 Avin.
676 3717 713 3782 14
728 3695 796 3763 kal.
812 3695 925 3782 aprilis
941 3715 1032 3761 anno
1050 3715 1079 3776 9.

463 3799 503 3866 ln
527 3821 556 3866 e.
579 3821 624 3865 m.
649 3798 888 3866 archidiacono
912 3798 1120 3881 Flandrensi,
1146 3796 1361 3879 MorinensiS,
1388 3806 1423 3864 et
1455 3796 1604 3876 Johanni
1639 3797 1779 3882 Blasses,

417 3903 663 3985 Ambianensis,
679 3923 718 3969 ac
735 3900 866 3969 Buxolo
877 3902 919 3968 de
937 3902 1066 3985 Parma,
1077 3904 1253 3988 capellano
1262 3923 1360 3990 pape,
1373 3902 1598 3969 Tornacensis
1608 3905 1779 3970 canonicis

419 4007 646 4074 ecclesiarum.

450 4154 512 4215 Reg.
523 4155 570 4201 Av.
583 4155 622 4214 22,
631 4153 650 4203 f.
665 4153 724 4202 558v
735 4152 811 4211 3Vat.
826 4152 864 4212 78,
876 4152 895 4200 f.
904 4152 960 4210 400,
972 4165 998 4200 n.
1019 4153 1090 4201 1160.

466 4349 609 4433 1502.
1460 4379 1556 4444 1325,
1573 4381 1616 4425 22
1632 4383 1739 4428 mars.

464 4465 601 4552 Hugoni
617 4466 757 4544 Jordani
773 4467 815 4533 de
833 4467 956 4549 Insula,
972 4468 1210 4535 archidiacono
1226 4468 1268 4534 de
1285 4468 1428 4553 Borjaco
1440 4467 1473 4531 in
1490 4465 1634 4532 ecclesia
1651 4463 1781 4531 Conve-

419 4590 547 4651 narum,
564 4570 753 4656 indulgetur
768 4580 806 4638 ut
821 4571 948 4638 fructus
963 4572 1254 4640 archidiaconatus
1270 4572 1318 4638 sui
1335 4592 1469 4638 necnon
1485 4576 1520 4636 et
1536 4568 1781 4655 prebendarum

419 4693 501 4757 quas
516 4673 549 4738 in
566 4673 685 4739 eadem
699 4694 739 4740 ac
755 4675 790 4739 in
810 4674 1023 4742 Narbonensi
1040 4684 1075 4742 et
1092 4675 1277 4742 Morinensi
1295 4684 1329 4740 et
1345 4676 1374 4740 S.
1391 4672 1572 4740 Gaudentii
1589 4672 1690 4739 aede
1707 4672 1782 4737 Pin-

419 4776 529 4858 coni0,
545 4775 781 4844 Convenarum
797 4786 832 4845 et
846 4779 1084 4846 Ambianensis
1099 4781 1283 4860 diocesum,
1300 4779 1459 4860 ecclesiis,
1483 4779 1516 4842 in
1539 4777 1660 4861 quibus
1684 4797 1783 4844 cano

420 4879 514 4945 nicus
529 4881 653 4964 existit,
669 4884 795 4967 absque
810 4882 992 4950 residentia
1008 4884 1051 4950 ad
1067 4884 1332 4970 quinquennium
1347 4883 1519 4969 percipere
1535 4881 1661 4947 valeat.

455 5133 475 5184 l.
488 5131 562 5190 dean,
573 5130 614 5180 dit
626 5131 662 5181 Le
673 5132 766 5191 Moine,
779 5138 847 5185 mort
858 5132 923 5185 1222
934 5134 997 5187 aaut
1010 5135 1072 5183 1313
1084 5133 1190 5201 (Eubel,
1203 5138 1224 5188 t.
1240 5134 1261 5193 I,
1276 5148 1299 5202 p.
1313 5134 1361 5199 11).
