4409 6017
901 751 1049 818 Huitibmt
1069 752 1173 818 annea
1656 749 1718 814 489

405 901 548 985 1324.
1178 961 1181 966 -
1393 930 1490 995 1324,
1513 926 1557 992 27
1579 906 1675 974 avril.
1706 991 1707 995 Ἰ

307 1054 311 1059 -
404 1019 651 1086 Executoribus
666 1019 890 1086 committitur
906 1039 1006 1087 causa
1015 1022 1150 1085 vertens
1164 1018 1252 1083 inter
1268 1014 1447 1083 Matheum
1463 1011 1610 1092 Giraudi,
1620 1029 1720 1076 cano-

307 1156 311 1164 ·
348 1124 476 1189 nicum
491 1124 632 1191 ecclesie
647 1123 907 1206 Cameracensis,
919 1132 954 1189 et
970 1123 1155 1211 oapitulum
1169 1121 1259 1189 dicte
1282 1120 1434 1201 ecclesie,
1449 1137 1548 1206 super
1561 1115 1721 1182 fructibus

354 1228 534 1315 prebende
549 1227 631 1295 dicti
644 1227 787 1295 Mathei.

406 1421 424 1461 <r
442 1397 582 1464 Dilectis
596 1396 672 1463 filiis
686 1397 816 1464 Amisio
830 1397 873 1462 de
888 1396 1086 1477 Aurelianis,
1103 1396 1243 1477 decano,
1265 1403 1299 1460 et
1309 1393 1456 1474 Johanni
1473 1391 1515 1457 de
1529 1386 1720 1476 Arpadella,

356 1500 564 1581 Parisiensis,
580 1521 619 1567 ac
637 1500 776 1567 Fulconi
800 1500 843 1566 de
869 1500 1035 1581 Tomaco,
1048 1499 1274 1566 Tomacensis
1300 1496 1468 1565 canonicis
1494 1492 1720 1571 ecclesiarum,

356 1605 516 1671 salutem.
542 1604 750 1690 Significavit
773 1604 871 1671 nobis
897 1604 1039 1671 dilectus
1066 1604 1153 1670 filius
1174 1602 1333 1669 Matheus
1363 1599 1511 1682 Giraudi,
1541 1595 1721 1666 canonicus

357 1709 503 1774 ecclesie
519 1707 781 1790 Cameracensis,
797 1708 888 1794 quod
903 1729 965 1775 nos
989 1708 1163 1801 dudum...⁴
1176 1707 1415 1774 canonicatum
1442 1713 1477 1770 et
1504 1699 1721 1795 prebendam,

358 1813 418 1897 qui
443 1812 476 1877 in
503 1812 622 1878 eadem
649 1813 792 1878 ecclesia
815 1833 875 1899 per
889 1812 1019 1879 obitum
1039 1811 1211 1897 quondam
1228 1810 1378 1896 magistri
1395 1808 1520 1876 Sicardi
1536 1807 1579 1873 de
1599 1805 1721 1883 Vauro,

356 1915 455 1983 Sedis
469 1916 654 2003 apostolice
664 1917 838 2002 capellani,
903 1925 985 1982 tunc
996 1917 1173 1996 vacabant,
1243 1913 1430 2001 apostolica
1444 1912 1506 1978 sibi
1520 1908 1721 1977 auctoritate

356 2040 420 2106 per
444 2028 576 2086 nostras
602 2018 731 2086 litteras
757 2020 958 2086 contulimus
985 2030 1020 2086 et
1046 2019 1253 2106 providimus
1280 2018 1322 2084 de
1349 2017 1475 2101 eisdem
1495 2016 1552 2100 (¹),
1579 2033 1721 2100 quorum

357 2123 647 2209 possessionem...
666 2123 778 2189 extitit
794 2132 976 2204 assecutus,
992 2123 1160 2208 quodque,
1176 2123 1256 2190 licet
1269 2123 1302 2188 in
1319 2121 1463 2208 quadam
1479 2116 1721 2187 constitutione

356 2246 420 2312 per
434 2247 496 2291 nos
511 2225 603 2291 edita
617 2235 775 2292 caveatur
790 2247 956 2313 expresse,
972 2226 1062 2312 quod
1078 2227 1124 2292 hii
1137 2226 1192 2312 qui
1203 2227 1330 2293 fructus
1344 2223 1584 2292 beneficiorum
1598 2240 1722 2287 vacan-

357 2329 446 2394 tium
460 2329 626 2415 recipiunt
642 2329 684 2396 de
700 2330 952 2412 consuetudine,
968 2330 1143 2417 privilegio
1156 2332 1209 2396 vel
1222 2338 1362 2410 statut0,
1379 2327 1483 2394 nichil
1499 2324 1620 2391 exinde
1635 2325 1723 2390 ultra

357 2453 526 2498 summam
557 2453 618 2519 pro
648 2454 715 2519 qua
739 2430 1001 2520 unumquodque
1030 2434 1272 2501 beneficiorum
1303 2433 1450 2520 ipsorum
1482 2429 1658 2498 consuevit
1688 2428 1720 2492 in

357 2535 490 2601 decime
516 2535 682 2602 solutione
705 2538 821 2618 taxari,
846 2547 1002 2624 pretextu
1028 2537 1173 2624 cujusvis
1200 2536 1375 2625 privilegii,
1401 2531 1653 2602 consuetudinis
1667 2534 1722 2599 vel

360 2640 481 2706 statuti
498 2640 616 2725 quovis
631 2640 733 2707 modo
748 2641 947 2728 percipiant,
974 2642 1033 2708 sed
1048 2642 1152 2728 ipsius
1167 2663 1296 2709 summe
1312 2640 1531 2728 perceptione
1545 2638 1724 2705 dumtaxat

359 2743 428 2809 sint
440 2743 579 2809 omnino
589 2745 751 2827 contenti,
761 2746 858 2811 totali
868 2745 1002 2813 residuo
1013 2747 1165 2833 predicto
1178 2745 1408 2813 obtinentibus
1417 2743 1580 2811 beneficia
1592 2761 1722 2807 reman-

359 2867 449 2927 suro,
465 2855 579 2912 tamen
603 2848 786 2933 capitulum
802 2849 951 2935 ejusdem
967 2850 1109 2917 ecclesie
1124 2871 1242 2915 omnes
1257 2848 1383 2916 fructus
1395 2849 1437 2915 de
1449 2847 1541 2914 dicta
1552 2845 1723 2933 prebenda

359 2960 539 3036 perceptos
555 2974 574 3016 a
591 2961 741 3038 tempore
764 2953 882 3019 mortis
904 2953 1046 3040 predicti
1069 2953 1217 3039 magistri
1242 2953 1386 3019 Siccardi
1410 2972 1514 3037 usque
1530 2950 1573 3016 ad
1588 2959 1722 3036 tempus
1838 3035 1840 3038 y

360 3053 486 3137 quode
502 3054 558 3118 illa
574 3053 667 3120 dicto
683 3053 868 3121 Matheo...
893 3058 1048 3123 duximus
1071 3057 1326 3144 providendum,
1347 3077 1452 3143 penes
1467 3076 1502 3121 se
1518 3053 1723 3139 integraliter

359 3157 504 3221 retinere
520 3157 682 3238 nituntur,
705 3179 768 3225 nec
792 3159 915 3245 aliquid
936 3160 1028 3227 dicto
1054 3159 1198 3227 Matheo
1220 3161 1317 3246 juxta
1344 3155 1622 3227 constitutionem
1649 3177 1723 3244 pre-

359 3260 487 3325 dictam
503 3260 584 3326 dare
599 3272 794 3348 proponunt
808 3263 850 3329 de
866 3264 1026 3331 fructibus
1041 3264 1250 3351 supradictis.
1267 3265 1377 3348 Quare
1393 3262 1541 3350 prefatus
1564 3260 1724 3328 Matheus

360 3364 458 3428 nobis
473 3362 643 3429 humiliter
666 3367 868 3452 supplicavit
892 3377 929 3434 ut
955 3369 1027 3449 sibi,
1055 3390 1098 3434 ne
1125 3368 1275 3454 ejusdem
1291 3367 1543 3436 constitutionis
1557 3367 1723 3433 beneficio

359 3466 583 3548 defraudetur,
600 3469 776 3554 providere
792 3491 891 3557 super
906 3472 971 3538 hoc
982 3472 1025 3538 de
1040 3481 1208 3558 oportuno
1224 3472 1374 3539 remedio
1394 3471 1615 3558 dignaremur.
1632 3472 1723 3556 Quo·

360 3569 449 3635 circa
468 3568 660 3637 discretioni
676 3582 828 3639 vestre...
846 3575 1046 3642 mandamus
1062 3585 1228 3661 quatenus
1243 3596 1304 3642 vos
1319 3576 1374 3641 vel
1389 3575 1456 3642 duo
1474 3585 1532 3642 aut
1548 3596 1633 3640 unus
1650 3596 1723 3641 ves-

360 3680 461 3753 trum,
475 3693 535 3760 per
549 3695 610 3740 vos
630 3677 684 3741 vel
708 3698 767 3763 per
786 3677 888 3744 alium
903 3700 962 3745 seu
977 3679 1070 3761 alios,
1086 3679 1216 3746 vocatis
1232 3679 1287 3766 qui
1304 3680 1428 3747 fuerint
1444 3679 1618 3761 evocandi,
1634 3699 1723 3744 sum-

359 3776 474 3855 marie,
491 3777 687 3864 simpliciter
702 3792 737 3846 et
752 3781 795 3847 de
811 3782 923 3868 plano,
939 3783 1010 3849 sine
1025 3784 1167 3871 strepitu
1183 3792 1218 3849 et
1234 3784 1338 3868 figura
1348 3783 1473 3869 judicii,
1486 3783 1615 3851 faciatis
1630 3782 1722 3849 dicto

361 3877 506 3946 Matheo
532 3902 631 3967 super
656 3885 824 3969 premissis
845 3887 941 3971 juxta
962 3888 1242 3954 constitutionem
1264 3887 1407 3953 eandem
1420 3887 1548 3973 justitie
1575 3887 1722 3974 comple-

358 3992 523 4049 mentum.
552 3984 866 4054 Contradictores...
898 3988 980 4055 Non
1004 3992 1257 4057 obstantibus...
1286 3990 1365 4056 Dat.
1388 3991 1489 4057 Avin.
1516 4010 1532 4075 5
1561 3989 1626 4055 kal.
1643 3989 1720 4054 maii

358 4107 453 4152 anno
466 4089 495 4153 8.
508 4110 526 4150 n

394 4218 455 4277 Reg.
468 4219 515 4266 Av.
529 4221 568 4271 20,
581 4220 598 4268 f.
611 4222 657 4268 474
670 4237 676 4277 3
690 4221 747 4271 Vat.
766 4225 804 4281 iti,
819 4224 836 4270 i.
847 4225 903 4283 319,
916 4241 941 4274 n.
956 4225 1011 4273 969.

406 4387 543 4472 1325
1405 4428 1500 4492 1324,
1518 4424 1561 4488 27
1577 4405 1675 4471 avrtl.

405 4503 561 4591 Philippo
588 4506 630 4572 de
656 4505 840 4575 Meleduno
857 4511 1072 4578 conferuntur
1093 4512 1311 4577 canonicatus
1337 4523 1372 4577 et
1395 4509 1565 4598 prebenda
1579 4508 1721 4575 ecclesie

357 4606 565 4689 Parisiensis,
581 4610 615 4674 in
632 4612 786 4697 proximo
801 4617 950 4681 vacaturi
966 4636 1027 4703 per
1043 4616 1335 4682 consecrationem
1353 4615 1465 4696 Helie,
1477 4614 1577 4680 electi
1593 4613 1721 4679 Toma-

354 4710 479 4792 censis,
494 4733 563 4777 non
580 4718 740 4780 obstante
759 4719 849 4802 quod
865 4719 899 4783 in
915 4718 1090 4805 Bajocensi
1108 4719 1374 4785 subdecanatum
1400 4731 1435 4786 et
1459 4721 1493 4784 in
1509 4717 1719 4797 Camotensi,

358 4814 587 4882 Lincolniensi
612 4830 648 4884 et
672 4818 933 4888 Cathalaunensi
959 4824 1177 4890 canonicatus
1201 4831 1236 4887 et
1259 4824 1446 4909 prebendas
1471 4822 1612 4901 obtinet,
1636 4832 1671 4887 et
1687 4821 1719 4885 in

354 4918 487 4984 eisdem
504 4919 707 4996 Carnotensi
720 4925 931 5011 dignitatem,
945 4936 980 4994 et
991 4926 1169 5013 Bajocensi
1186 4928 1393 5013 prebendam
1404 4936 1571 5014 expectat,
1588 4944 1722 4991 necnon

360 5088 533 5098 ——————-

391 5183 413 5227 l.
428 5180 492 5244 Voy.
505 5195 529 5229 n.
543 5186 613 5234 1150.
