4409 6017
512 701 570 765 164
1051 698 1209 765 Deuxibme
1229 700 1331 765 anne'e.

511 851 637 931 asserit,
648 861 682 914 et
693 858 729 916 ut
740 849 803 913 Dei
814 858 976 915 vocentur
992 849 1048 912 lilii
1064 849 1293 935 repromittit?
1312 849 1486 934 Numquid
1502 858 1538 914 et
1553 871 1625 931 nos,
1637 852 1710 936 ejus
1723 851 1875 928 vicarius,

511 958 595 1021 tales
611 956 780 1021 illusiones
794 953 1000 1019 dissimulare
1017 954 1211 1039 poterimus,
1229 953 1308 1037 quin
1325 954 1469 1019 finaliter
1494 954 1527 1018 in
1555 974 1658 1019 manu
1683 956 1819 1041 potenti
1842 963 1876 1018 et

510 1060 648 1127 brachio
664 1069 813 1138 extento,
830 1058 953 1123 nedum
968 1056 1068 1143 Regis
1083 1058 1225 1143 predicti
1247 1058 1385 1142 justitie,
1413 1058 1493 1142 quin
1514 1059 1620 1125 etiarn
1644 1059 1760 1124 mundi
1786 1080 1878 1124 com-

488 1161 495 1176 '
511 1165 640 1251 pendiis
655 1164 783 1250 piisque
801 1163 863 1227 Dei
879 1163 1032 1247 negotiis,
1048 1183 1113 1245 que
1125 1182 1242 1246 guerre
1259 1160 1415 1227 Flandrie
1431 1162 1590 1248 strepitus
1615 1162 1745 1228 tamdiu
1773 1162 1877 1248 impe-

510 1270 595 1334 divit
611 1278 645 1334 et
662 1268 811 1353 impedit,
829 1273 1069 1332 occurramus?
1088 1265 1179 1346 Noli,
1201 1266 1257 1346 fili,
1283 1266 1325 1331 de
1347 1266 1580 1351 preteritorum
1596 1264 1876 1342 consideratione,

510 1381 547 1438 ut
562 1373 682 1438 similia
697 1372 896 1455 contingant
911 1370 982 1449 tibi,
999 1369 1179 1449 confidere,
1196 1369 1255 1434 sed
1269 1369 1351 1434 time
1367 1369 1479 1455 potius
1503 1369 1706 1455 indubieque
1720 1390 1877 1456 suppone

510 1477 599 1561 quod
615 1497 682 1542 non
700 1475 831 1540 iterabit
847 1473 1066 1539 affiictionem
1083 1473 1248 1538 Dominus
1271 1473 1423 1537 omnium
1439 1494 1501 1538 nec
1517 1472 1550 1536 in
1572 1482 1774 1558 perpetuum
1800 1473 1876 1537 iras·

509 1590 603 1648 cetur
625 1588 682 1645 aut
707 1578 964 1645 comminabitur
997 1577 1028 1640 in
1057 1586 1222 1656 eternum,
1249 1576 1308 1642 sed
1332 1576 1399 1660 regi
1425 1597 1486 1641 suo
1510 1576 1560 1642 sui
1586 1575 1706 1642 reddet
1730 1576 1876 1641 letitiam

444 1761 449 1769 ⁸
508 1684 659 1750 salutaris
690 1691 725 1746 et
756 1701 860 1746 cornu
896 1680 1018 1745 Christi
1050 1680 1099 1745 sui
1139 1680 1309 1764 regnantis
1336 1680 1504 1745 humiliter
1529 1679 1734 1745 sublimabit.
1766 1678 1875 1744 Tuum

510 1789 621 1874 itaque
637 1786 786 1853 animum
802 1785 845 1850 ad
860 1805 980 1871 pacem
996 1784 1135 1849 habilita
1159 1793 1194 1849 et
1217 1804 1426 1868 quecumque
1443 1784 1533 1848 illam
1553 1785 1746 1869 perturbare
1763 1785 1876 1848 valen-

509 1893 556 1957 tia
572 1890 762 1956 constantia
784 1888 951 1954 laudanda
973 1888 1116 1954 declina.
1131 1887 1294 1971 Quamvis
1317 1888 1418 1968 enim,
1446 1888 1501 1952 ubi
1525 1886 1628 1951 etiam
1647 1888 1755 1951 solum
1781 1894 1875 1951 tuum

509 2003 694 2060 verteretur
710 1993 895 2078 perieulum
911 1993 944 2056 in
960 1991 1084 2058 dissidii
1101 1992 1236 2056 turbine
1251 1990 1428 2056 memorati
1456 2012 1497 2055 ex
1519 1987 1709 2075 hujusmodi
1734 1988 1876 2055 difficul-

509 2106 619 2163 tatum
636 2096 822 2181 ingestione
849 2105 995 2177 tuorum,
1012 2096 1214 2175 nullatenus,
1230 2095 1410 2160 affectione
1426 2102 1571 2179 cogente
1586 2101 1738 2179 paterna,
1757 2103 1794 2159 te
1816 2107 1875 2159 tuo

510 2201 542 2264 in
567 2201 640 2280 hiis,
664 2207 828 2284 quantuni
853 2199 886 2264 in
919 2199 1016 2264 nobis
1038 2209 1137 2278 esset,
1169 2198 1357 2282 relinquere
1387 2218 1561 2285 possemus
1598 2196 1746 2278 arbitrio,
1771 2198 1875 2284 preci-

510 2326 575 2391 pue
605 2314 720 2369 tamen
746 2303 801 2368 ubi
832 2305 913 2370 dicti
943 2305 1029 2389 regis
1059 2313 1183 2388 tuaque
1208 2304 1395 2369 commotio
1423 2303 1537 2369 multis
1563 2311 1614 2368 est
1638 2311 1761 2368 onusta
1792 2303 1874 2387 peri·

510 2408 602 2488 culis,
625 2408 805 2492 grandibus
828 2418 879 2473 est
901 2410 1002 2493 plena
1017 2407 1209 2493 dispendiis
1225 2409 1407 2472 multorum
1423 2408 1615 2475 discrimina
1631 2427 1746 2472 secum
1763 2407 1873 2487 trahit,

509 2510 603 2574 utilia
621 2511 684 2575 Dei
701 2510 837 2575 servitia
853 2519 888 2576 et
904 2511 1061 2596 precipue
1077 2509 1180 2574 Terre
1191 2510 1313 2576 Sancte
1323 2510 1505 2576 subsidium
1522 2511 1672 2598 impedit,
1689 2512 1873 2577 animarum

509 2613 651 2693 excidia,
668 2614 798 2679 excidia
813 2634 1002 2701 corporum,
1019 2614 1194 2679 vastitates
1214 2634 1323 2679 rerum
1341 2623 1376 2679 et
1391 2615 1456 2679 alia
1471 2615 1647 2690 horrenda,
1664 2637 1730 2700 que
1746 2625 1873 2681 avertat

509 2718 685 2797 Dominus,
712 2719 946 2799 comminatur,
977 2718 1070 2802 angit
1094 2718 1224 2797 caritas,
1249 2717 1402 2783 hortatur
1425 2719 1534 2804 pietas
1549 2728 1586 2785 ut
1601 2728 1782 2805 propterea
1808 2740 1872 2784 non

508 2820 708 2887 desistamus
731 2843 751 2886 a
771 2823 887 2908 ceptis,
904 2829 956 2886 set
973 2821 1037 2886 illis
1052 2821 1208 2886 solertius
1223 2821 1426 2887 insistamus.
1445 2821 1490 2887 Et
1510 2842 1591 2888 ecce
1612 2824 1672 2887 sub
1700 2843 1762 2908 spe
1787 2823 1874 2908 pacis

508 2924 596 2990 inter
612 2946 724 3009 regem
742 2927 850 3011 ipsum
866 2934 900 2990 et
916 2934 950 2989 te
966 2933 1110 3009 tuosque
1128 2923 1332 3010 Flamingos,
1350 2926 1425 2990 Deo
1441 2936 1590 3006 auctore,
1606 2946 1648 2991 eo
1663 2926 1874 2992 reformande

506 3027 634 3094 facilius
649 3050 716 3113 quo
731 3030 857 3113 majore
872 3028 1060 3113 gaudebitis
1077 3028 1233 3113 utrinque
1249 3029 1373 3113 quiete,
1389 3038 1523 3115 treugas
1548 3050 1652 3114 usque
1677 3030 1722 3095 ad
1745 3039 1873 3095 certum

505 3139 639 3217 tempus
655 3133 841 3218 apostolica
856 3132 1057 3198 auctoritate
1074 3132 1161 3197 inter
1177 3153 1237 3197 vos
1253 3132 1458 3218 providimus
1482 3133 1687 3199 indicendas.
1709 3133 1874 3216 Quocirca

506 3236 717 3301 nobilitatem
748 3244 841 3300 tuam
864 3236 1037 3301 hortamur
1059 3246 1094 3300 et
1129 3239 1343 3301 obsecramus
1371 3238 1404 3300 in
1429 3236 1577 3302 Domino
1599 3235 1705 3313 Jhesu
1729 3235 1873 3319 christu,

505 3358 587 3403 sano
603 3338 664 3404 tibi
680 3339 820 3405 consilio
843 3339 1022 3404 suadentes
1046 3348 1211 3424 quatenus
1237 3340 1320 3405 infra
1346 3349 1480 3426 tempus
1504 3349 1693 3425 treugarum
1717 3340 1873 3426 ipsarum,

504 3443 630 3525 absque
645 3462 738 3506 more
762 3442 949 3527 dispendio,
968 3443 1103 3507 nuntios
1120 3450 1196 3507 tuos
1212 3441 1417 3508 sufficienter
1441 3443 1620 3508 instructos
1637 3443 1737 3509 acad
1753 3465 1793 3508 ea
1809 3465 1871 3528 que

504 3546 627 3610 fuerint
643 3546 743 3631 ipsius
760 3547 939 3611 concordie
961 3547 1135 3612 solidanrle
1161 3557 1328 3632 oportuna
1353 3549 1488 3632 negotia
1512 3551 1650 3634 plenum
1675 3548 1873 3613 mandatum

506 3650 678 3728 habentes,
695 3648 738 3713 ad
754 3650 957 3734 presentiam
973 3658 1124 3714 nostram
1140 3650 1265 3715 mittas.
1283 3649 1357 3715 Nos
1373 3652 1552 3717 enimcum
1568 3652 1734 3736 regalibus
1743 3652 1874 3736 tuisque

505 3775 544 3819 ac
567 3755 850 3820 communitatum
875 3752 1044 3832 Flanrlrie,
1068 3754 1187 3837 quibus
1207 3754 1383 3819 scribimus
1401 3755 1458 3839 (¹),
1475 3756 1611 3834 nuntiiS,
1627 3755 1737 3840 parati
1754 3756 1876 3820 erimus

506 3859 594 3924 circa
607 3857 880 3922 reformationem
897 3866 931 3920 et
959 3856 1197 3922 solidationem
1225 3858 1317 3942 pacis
1344 3858 1496 3922 insistere
1521 3867 1555 3923 et
1582 3859 1670 3925 circa
1698 3858 1875 3944 perfectio-

506 3982 585 4026 nem
595 3972 608 3995 ⁰
624 3961 869 4026 reformationis
885 3967 920 4024 et
936 3959 1144 4025 solidationis
1160 3960 1350 4045 hujusmodi
1375 3961 1518 4026 fideliter
1534 3972 1568 4026 et
1585 3960 1770 4027 efficaciter
1784 3963 1876 4026 labo-

505 4085 587 4146 rare,
607 4073 779 4150 sperantes
795 4066 828 4128 iu
845 4065 936 4150 pacis
951 4074 1066 4129 actore
1082 4064 1183 4148 quod,
1201 4066 1226 4129 si
1251 4065 1332 4130 dicti
1357 4066 1475 4145 nuntii,
1493 4075 1529 4130 ut
1546 4065 1721 4142 condecet,
1739 4066 1875 4131 obedire

504 4169 673 4234 voluerint
687 4169 820 4247 rationi,
837 4189 902 4253 pax
919 4167 1056 4232 demum
1073 4167 1160 4232 inter
1176 4189 1238 4232 vos
1254 4168 1411 4233 adveniet
1428 4169 1555 4234 mundo
1571 4168 1671 4249 utilis,
1683 4169 1760 4234 Deo
1771 4180 1874 4252 gruta.

506 4271 585 4337 Dat.
601 4272 734 4356 Avin.4
752 4271 794 4336 id.
812 4271 1005 4337 novembris
1022 4272 1079 4353 (²).
1095 4293 1112 4329 ⁴»

539 4427 598 4487 llug.
613 4426 670 4476 Vnt.
690 4429 741 4477 1119.
754 4427 771 4474 f.
784 4430 833 4485 1183
848 4442 873 4474 n.
887 4428 941 4474 111.
954 4454 986 4461 -
999 4426 1107 4480 Conlon,
1122 4441 1146 4474 n.
1160 4429 1206 4474 435
1219 4427 1324 4489 (texte).

538 4612 760 4673 u.1)ruicr·ti‹uwrn
775 4627 824 4671 rap.

509 4810 546 4817 —-
563 4813 589 4817 .-
634 4812 689 4816 .---
703 4811 752 4817 -.—
785 4811 867 4817 —-
881 4811 976 4818 ——-.-
987 4812 1012 4818 .-
1027 4812 1200 4820 ——-—..

539 4952 560 4999 l.
576 4951 640 5011 l'ov.
653 4966 678 4997 n.
691 4953 746 4999 151.
761 4979 790 4986 -
803 4955 825 5002 2.
843 4955 851 4994 1
857 4956 916 5000 'otte
930 4953 1005 5001 lettre
1017 4961 1039 5000 ut
1055 4954 1091 5001 les
1112 4956 1244 5001 snivuntus
1253 4953 1302 5012 (111ι
1315 4955 1356 4999 151
1373 4959 1386 5000 u
1402 4954 1461 5012 lul)
1482 4954 1601 5002 relatives
1612 4955 1626 5001 i:
1641 4953 1665 5001 la
1678 4954 1751 5002 treve
1763 4962 1836 5004 entre
1848 4956 1869 5003 lu

503 5034 540 5080 roi
552 5033 585 5080 «lc
600 5033 696 5080 Franco
707 5040 732 5081 et
747 5034 769 5080 lc
786 5040 869 5081 comte
881 5034 913 5080 ‹lo
928 5035 1045 5084 Flnndru.
1058 5038 1241 5083 urentionnant-
1256 5034 1381 5093 Bur-enpu-
1393 5035 1425 5083 ‹lc
1439 5036 1566 5083 Lnndrnve
1577 5050 1676 5083 comme
1694 5036 1790 5084 cler-tua
1805 5039 1867 5084 (bm-

499 5114 664 5177 puetolluaur,
684 5130 715 5163 ue
738 5122 851 5178 peuvunt
860 5117 914 5164 otro
923 5132 973 5177 que
984 5117 1016 5164 dn
1031 5119 1098 5176 1317,
1113 5119 1221 5180 puisque
1232 5132 1261 5166 ce
1273 5117 1375 5166 rlernior
1387 5117 1429 5164 hrt-
1437 5117 1506 5165 sacre
1516 5118 1539 5165 lc
1551 5119 1582 5165 30
1592 5117 1658 5165 avril
1675 5119 1747 5169 1318.
