4409 6017
919 647 1089 731 cinquiemo
1108 647 1211 715 anule.
1686 641 1747 709 375

431 804 551 889 967.
1460 841 1558 905 1321,
1576 836 1601 903 5
1618 816 1706 901 juin.

433 922 454 1002 J
457 924 583 991 ohanni
599 927 641 993 de
660 926 863 1014 Erqueriaco
879 925 1049 994 confertur
1064 926 1282 995 canonicatus
1309 926 1456 995 ecclesie
1468 920 1671 992 Morinensis
1690 919 1750 985 sub

399 1031 631 1115 expectatione
647 1033 828 1120 prebende,
843 1032 912 1099 non
923 1034 1080 1099 obstante
1090 1032 1181 1118 quod
1193 1032 1227 1099 in
1240 1032 1463 1100 Noviomensi
1480 1039 1516 1097 et
1532 1027 1750 1115 Margivullf,

399 1135 644 1204 Suessionensis
657 1136 811 1218 diocesis,
827 1135 977 1204 ecclesiis
992 1136 1211 1205 canonicatus
1225 1146 1262 1204 et
1275 1137 1463 1225 prebendas
1478 1135 1621 1204 obtinet.

430 1239 637 1308 Litterarum
652 1240 834 1308 scientia...

437 1347 519 1413 Dat.
533 1346 635 1413 Avin.
646 1366 727 1412 non.
739 1344 825 1430 junii
839 1365 930 1412 anno
947 1362 976 1430 5.

435 1451 520 1518 Ine.
535 1472 581 1518 m.
595 1450 709 1518 abbati
725 1448 921 1517 monasterii
938 1449 970 1516 S.
991 1446 1132 1516 Martini
1149 1447 1397 1517 Ruricurtensis
1411 1457 1448 1517 et
1462 1450 1592 1518 decano
1604 1450 1636 1516 S.
1648 1447 1753 1536 Quin-

399 1557 453 1623 ‚ini
470 1557 505 1622 in
522 1555 748 1638 Viromandia,
762 1553 1002 1622 Noviomensis
1017 1561 1052 1621 et
1077 1553 1294 1621 Belvacensis
1317 1554 1500 1638 diocesum,
1527 1577 1568 1623 ac
1591 1557 1752 1643 magistro

399 1662 537 1732 iohanni
553 1662 595 1728 de
612 1660 729 1744 Pratis,
745 1660 911 1729 canonico
926 1658 1141 1728 Belvacensis
1155 1660 1382 1728 ecclesiarum.

420 1817 485 1879 aug.
499 1814 557 1865 vau
572 1816 612 1875 ra,
626 1813 645 1863 r.
658 1814 697 1873 aa,
709 1828 734 1861 n.
747 1812 803 1862 sea.

431 2004 553 2094 968.
1477 2039 1574 2103 1321,
1586 2039 1611 2105 5
1620 1999 1708 2104 J'ain.

435 2122 593 2211 Philippo
613 2123 657 2189 de
672 2121 877 2208 Erqueriaco
899 2120 1069 2188 confertur
1092 2121 1311 2190 canonicatus
1334 2122 1477 2189 ecclesie
1493 2123 1669 2191 Remensis
1691 2127 1752 2191 sub

399 2227 625 2315 rxpectatione
641 2225 822 2313 prebende,
844 2245 915 2292 non
939 2228 1096 2293 obstante
1119 2225 1210 2312 quod
1234 2226 1268 2291 in
1293 2224 1501 2309 Belvacensi,
1524 2227 1752 2310 Ambianensi,

399 2330 604 2398 ltrebatensi
630 2338 666 2396 et
687 2329 719 2397 S.
735 2328 897 2415 Stephani
913 2327 1090 2397 Trecensis
1114 2329 1331 2397 canonicatus
1353 2338 1388 2396 et
1409 2330 1597 2416 prebendas
1611 2332 1752 2415 obtinet,

399 2443 423 2502 rt
438 2436 473 2501 in
491 2433 726 2502 cameracensi
741 2432 891 2500 ecclesiis
908 2436 968 2500 sub
984 2433 1221 2522 expectatione
1248 2433 1418 2521 prebende
1442 2441 1477 2501 et
1499 2435 1672 2525 dignitatis
1693 2456 1752 2503 seu

399 2548 590 2606 ›ersonatus
604 2539 658 2603 vel
674 2536 776 2604 officii
791 2538 825 2603 in
841 2537 1044 2605 canonicum
1059 2547 1112 2607 est
1127 2546 1293 2629 receptus.

433 2641 637 2709 Litterarum
652 2640 833 2708 scientia...

434 2747 514 2813 Dat.
530 2746 629 2812 Avin.
645 2765 725 2812 non.
734 2743 817 2831 junii
833 2737 923 2810 anno
940 2762 969 2832 5.
994 2735 998 2744 ’

433 2851 476 2917 In
491 2872 521 2917 e.
537 2871 582 2916 m.
599 2855 760 2935 utsupra,
778 2871 809 2913 n.
822 2849 897 2933 967.

423 2999 486 3060 neg.
501 2998 561 3047 var.
576 3000 616 3058 ra,
630 2996 649 3046 r.
664 2993 716 3057 us,
731 3010 757 3045 n.
772 2996 828 3045 ssa.

430 3187 551 3272 969·
1476 3225 1572 3287 1321,
1586 3224 1611 3287 5
1619 3204 1707 3286 jum.

430 3307 451 3386 J
454 3307 579 3374 obanni
596 3307 638 3373 de
656 3304 730 3372 Isca
746 3306 918 3374 confertur
934 3308 1151 3374 canonicatus
1166 3310 1308 3375 ecclesie
1323 3309 1355 3375 S.
1374 3308 1539 3387 Johannis
1554 3307 1751 3374 Leodiensis

399 3415 450 3478 ub
466 3412 702 3497 expectatione
718 3413 898 3498 prebende,
914 3433 983 3479 non
1000 3415 1159 3480 obstante
1174 3415 1265 3500 quod
1280 3415 1314 3480 in
1330 3415 1361 3480 S.
1373 3414 1539 3493 Johannis
1551 3412 1750 3480 Laudunen-

400 3518 432 3581 is
457 3524 492 3580 et
518 3516 549 3580 S.
575 3515 733 3581 Rumoldi
759 3514 1023 3597 Machliniensis,
1047 3515 1300 3586 Cameracensis
1330 3519 1482 3599 diocesis,
1507 3518 1657 3584 ecclesiis
1689 3519 1749 3583 sub

399 3619 625 3705 expectatione
640 3620 885 3704 prebendarum
901 3622 935 3686 in
951 3621 1153 3687 canonicum
1168 3631 1221 3690 est
1236 3631 1401 3709 receptus.

433 3723 614 3790 Probitatis
630 3724 789 3790 merita...

432 3828 512 3893 Dat.
528 3826 627 3892 Avin.
644 3847 723 3893 non.
736 3827 820 3913 junii
837 3847 928 3894 anno
947 3849 975 3912 5.

433 3931 473 3997 In
490 3953 519 3997 e.
535 3952 580 3996 m.
596 3932 708 3997 abbati
725 3931 917 3998 monasterii
935 3929 1144 3997 Viconiensis
1159 3936 1195 3995 et
1210 3927 1241 3994 S.
1258 3929 1411 4013 Quintini
1427 3931 1462 3995 in
1477 3929 1694 3995 Viromandia
1709 3950 1749 3995 ac

399 4035 563 4102 robiensis
579 4036 805 4117 eeclesiarum,
821 4034 1079 4108 Attrebatensis,
1095 4032 1347 4100 Cameracensis
1369 4042 1404 4100 et
1419 4032 1662 4101 Noviomensis
1676 4032 1747 4098 dio-

399 4162 473 4221 .um,
486 4138 631 4204 decanis,

420 4285 482 4345 neg.
498 4284 557 4332 uas.
572 4286 612 4342 72,
624 4284 707 4342 rsa,
721 4299 745 4331 n.
761 4283 816 4331 aar.

431 4471 550 4555 970Ι
1473 4503 1569 4565 1321,
1581 4502 1606 4565 5
1615 4506 1703 4565 suen.

430 4589 612 4667 Willelmo,
640 4587 708 4651 filio
734 4585 900 4663 Johannis
924 4587 966 4653 de
991 4586 1144 4668 Chierve,
1167 4587 1337 4653 confertur
1361 4586 1577 4652 canonicatus
1607 4585 1747 4652 ecclesie

399 4691 640 4770 lnthoniensis,
657 4688 906 4757 Cameracensis
920 4690 1072 4771 diocesis,
1088 4693 1148 4756 sub
1160 4690 1397 4776 expectatione
1413 4690 1594 4776 prebende.

433 4795 612 4863 Probitatis
626 4803 725 4859 tue...

421 5029 444 5061 u.
460 5015 498 5060 ric
510 5011 576 5060 dam
587 5012 610 5059 le
622 5025 690 5073 rap„-
711 5010 828 5058 serata-<a
845 5008 1004 5074 rllorqiemal
1017 5023 1049 5056 ou
1065 5008 1229 5075 Moraleaml,
1241 5007 1347 5061 d'uhord
1366 5006 1503 5075 colldpiule‚
1518 5009 1580 5071 prtia
1597 5008 1697 5075 abbaye
1715 5008 1747 5057 do
1822 5023 1825 5028 ·

399 5092 578 5149 benidictim?
