4409 6017
926 707 1072 789 Septibme
1092 708 1194 775 anuto.
1677 713 1739 778 487

374 877 453 922 rum
467 855 642 922 abbatibus
665 874 704 921 ac
727 855 886 941 magistro
902 854 1028 924 Busolo
1042 857 1085 924 de
1101 858 1232 940 Parma,
1259 859 1424 926 canonico
1446 859 1661 943 Tomacensi,
1685 883 1738 929 ca·

374 961 512 1046 pellano
526 980 624 1047 pape.

408 1126 807 1189 nsg.1v.19,r.sav;vat.11,
821 1126 839 1175 ε.
854 1127 922 1185 arov,
931 1126 1020 1175 naec.

421 1346 556 1432 1163-
1442 1381 1538 1444 1323,
1555 1381 1596 1444 17
1614 1363 1690 1426 mai.

419 1463 637 1549 Heydenrico
651 1464 695 1531 de
710 1463 744 1531 N
747 1465 887 1533 ovoforo
902 1466 1071 1533 confertur
1086 1466 1302 1533 canonicatus
1317 1465 1456 1533 ecclesie
1472 1464 1510 1530 B.
1523 1464 1630 1531 Marie
1645 1464 1735 1530 Tun·

368 1567 508 1651 grensis,
518 1566 714 1635 Leodiensis
723 1568 875 1651 diocesis,
887 1573 948 1637 sub
960 1570 1198 1657 expectatione
1209 1569 1389 1656 prebende,
1398 1590 1467 1635 non
1478 1571 1635 1635 obstante
1645 1569 1734 1653 quod

368 1671 405 1736 in
423 1670 454 1737 S.
471 1669 579 1737 Marie
594 1671 637 1738 ad
652 1672 783 1739 Gradus
798 1672 1011 1741 Coloniensis
1037 1674 1122 1740 etin
1138 1673 1273 1755 Vredin,
1290 1671 1566 1739 Monasteriensis
1581 1672 1733 1755 diocesis,

367 1774 520 1841 ecclesiis
535 1776 756 1843 canonicatus
771 1784 806 1843 et
821 1777 1009 1864 prebendas
1024 1778 1167 1859 obtinet,
1183 1798 1267 1862 quos
1283 1776 1520 1843 canonicatum
1539 1784 1574 1841 et
1592 1780 1733 1863 preben-

365 1880 447 1945 dam
463 1882 604 1947 ecclesie
619 1880 799 1948 Verdensis
814 1882 984 1949 dimittere
999 1884 1178 1950 tenebitur.

415 1983 612 2069 Exposcunt
628 1994 727 2051 tue...

413 2087 491 2154 Dat.
507 2088 608 2155 Avin.
628 2094 665 2154 16
681 2089 749 2155 kal.
762 2091 847 2177 junii
864 2111 954 2157 anno
971 2111 1001 2176 7.

412 2189 453 2256 ln
469 2212 498 2257 e.
514 2212 558 2257 m.
575 2194 748 2279 preposito
764 2194 796 2261 S.
813 2193 906 2261 Pauli
922 2204 957 2261 et
973 2196 1102 2262 cantori
1119 2195 1150 2262 S.
1175 2196 1329 2281 Dyonisii
1346 2196 1583 2263 Leodiensium
1599 2216 1639 2261 ac
1661 2216 1730 2259 ma-

362 2296 470 2381 gistro
496 2293 622 2362 Busolo
650 2295 693 2362 de
719 2297 849 2379 Parma,
873 2299 1039 2367 canonico
1065 2298 1289 2367 Tomacensis
1313 2300 1540 2381 ecclesiarum,
1556 2300 1730 2385 capellano

363 2419 467 2485 pape.

398 2575 461 2636 neg.
473 2577 521 2624 nv.
534 2577 571 2636 ra,
583 2576 602 2625 r.
614 2579 676 2625 mov
687 2592 693 2634 ;
705 2575 764 2626 vat.
777 2578 815 2635 11,
829 2577 847 2625 f.
860 2579 915 2637 aas,
928 2591 953 2626 n.
963 2579 1018 2627 oss.

412 2810 552 2894 1164.
1438 2840 1530 2903 1323,
1549 2836 1586 2897 17
1605 2818 1681 2881 mai.

409 2927 539 3007 Jacobo
561 2927 603 2994 de
627 2926 782 2995 Barbona
805 2929 974 2995 confertur
997 2928 1216 2995 canonicatus
1241 2926 1382 2993 ecclesie
1405 2920 1650 2990 Suessionensis
1665 2920 1724 2992 sub

359 3031 601 3118 expectatione
615 3031 797 3118 prebende,
812 3053 881 3099 non
905 3034 1061 3099 obstante
1077 3031 1168 3117 quod
1192 3032 1225 3096 in
1242 3030 1274 3097 S.
1291 3029 1382 3096 Petri
1398 3029 1429 3093 in
1447 3034 1557 3094 castro
1579 3022 1725 3089 Namur-

357 3134 452 3203 censi
474 3135 711 3202 canonicatum
727 3143 762 3201 et
777 3135 994 3222 prebendam,
1010 3156 1050 3201 ac
1077 3135 1110 3199 in
1128 3134 1159 3201 S.
1176 3133 1310 3201 Nicolai
1335 3132 1378 3200 de
1405 3132 1553 3197 Sesanna
1576 3125 1724 3192 ecclesiis

355 3247 557 3326 perpetuam
574 3240 805 3325 capellaniam,
821 3239 1017 3307 Leodiensis
1032 3246 1067 3304 et
1082 3238 1258 3305 Trecensis
1273 3237 1456 3317 diocesum,
1472 3232 1614 3301 obtinet.

402 3344 599 3429 Apostolice
614 3343 718 3410 Sedis.
727 3395 748 3408 ..

401 3447 480 3513 Dat.
496 3448 597 3512 Avin.
619 3452 656 3512 16
672 3446 741 3513 kal.
754 3446 839 3533 junii
856 3468 947 3513 auno
964 3466 993 3531 7.

401 3549 441 3615 In
457 3571 485 3616 e.
501 3571 546 3617 m.
562 3552 674 3617 abbati
691 3552 884 3617 monasterii
901 3552 932 3617 S.
949 3550 1122 3616 Genovefe
1138 3550 1330 3617 Parisiensis
1346 3559 1380 3616 et
1395 3546 1567 3635 preposito
1582 3546 1722 3610 Atreba-

349 3653 458 3721 tensis
473 3674 513 3719 ac
528 3654 729 3721 cancellario
747 3654 970 3741 Lingonensis
985 3655 1211 3721 ecclesiarum.

386 3817 449 3879 aeg.
460 3818 508 3864 Av.
522 3819 559 3876 19,
572 3817 590 3865 f.
601 3819 660 3866 124*
676 3834 681 3874 ;
695 3819 754 3869 vat.
770 3821 809 3879 75,
818 3818 837 3868 f.
854 3821 907 3875 217,
921 3834 946 3867 11.
960 3820 1031 3867 1576.

403 4033 541 4115 1165.
1428 4069 1520 4130 1523,
1539 4050 1674 4131 17111ar‘.

397 4149 548 4216 Maclino
563 4151 606 4216 de
622 4150 790 4231 Waseriis,
807 4153 919 4238 legum
935 4153 1123 4238 professori,
1148 4153 1319 4220 confertur
1345 4152 1563 4219 canonicatus
1578 4151 1718 4217 ecclesie

351 4252 558 4320 Morinensis
585 4257 645 4319 sub
673 4255 910 4341 expectatione
936 4255 1117 4342 prebende,
1142 4278 1210 4322 non
1236 4260 1393 4323 obstante
1418 4256 1508 4340 quod
1532 4256 1565 4319 in
1592 4253 1717 4319 Bethu-

349 4357 460 4422 niensi
476 4366 511 4423 et
528 4357 805 4424 Vallanicurtensi
823 4359 972 4426 ecclesiis
985 4361 1204 4427 canonicatus
1214 4368 1249 4426 et
1259 4361 1456 4448 prebendae,
1469 4380 1508 4425 ac
1520 4367 1716 4445 perpetuam

349 4460 573 4546 capellaniam
589 4461 630 4527 de
657 4460 863 4543 Commines,
891 4463 1152 4545 Cameracensis,
1177 4464 1410 4529 Atrebatensis
1437 4472 1471 4530 et
1497 4462 1717 4528 Tomacensis

348 4564 534 4644 diocesum,
548 4564 690 4629 obtinet.

395 4665 598 4733 Litterarum
615 4669 796 4735 scientia...

395 4770 475 4837 Dat.
490 4771 591 4837 Avin.
612 4776 648 4836 16
665 4770 732 4838 kal.
745 4774 828 4858 junii
845 4795 935 4839 anno
952 4793 981 4859 7.

396 4873 436 4939 In
453 4896 481 4940 e.
498 4896 543 4939 m.
559 4876 671 4941 abbati
688 4878 882 4943 monasterii
900 4878 931 4945 S.
948 4878 1122 4946 Genovefe
1141 4882 1331 4948 Parisiensis
1354 4892 1388 4948 et
1411 4884 1541 4949 decano
1558 4882 1713 4948 Camera-

344 4978 460 5046 censis
475 4999 514 5043 ac
531 4981 702 5065 preposito
717 4982 949 5047 Atrebatensis
964 4985 1190 5051 ecclesiarum.

383 5140 447 5200 Reg.
461 5141 507 5187 Av.
522 5143 559 5196 19,
572 5141 592 5190 f.
607 5143 653 5189 125
667 5159 672 5197 ;
686 5143 745 5192 vat.
759 5147 796 5202 75,
809 5145 827 5193 f.
840 5147 907 5203 2171,
920 5159 944 5193 11.
959 5148 1028 5194 1578.
