4409 6017
432 719 495 788 400
982 716 1110 784 Sixieme
1130 717 1233 783 annia

432 873 559 939 Pabula
580 870 858 938 monasteriorum
880 868 1065 951 abbat1bus,
1081 866 1342 948 Cameracensis,
1357 865 1585 935 Tomacensis
1607 876 1644 935 et
1659 870 1779 937 Atreba-

431 977 536 1044 tensis
550 976 733 1043 diooesum.

464 1115 525 1177 aeg.
536 1118 585 1165 sv.
598 1115 637 1174 rs,
651 1114 711 1163 serv
721 1128 728 1171 ;
739 1112 799 1164 vu.
811 1113 852 1174 aa,
865 1113 884 1163 t
898 1113 965 1173 asor,
979 1126 1004 1162 n.
1017 1114 1074 1162 aas.

474 1288 622 1374 1050.
1524 1323 1749 1389 132a4ma.

460 1409 505 1477 .S.
520 1408 662 1475 Auberti
678 1406 931 1474 Cameracensis
948 1416 982 1474 et
998 1408 1029 1473 S.
1052 1406 1071 1485 J
1075 1408 1218 1474 ohannis
1233 1408 1488 1476 Valencinensis
1511 1428 1552 1475 ac
1566 1408 1602 1475 S.
1619 1406 1778 1475 Michaelis

428 1512 702 1599 Antwerpiensis,
729 1511 980 1579 Cameracensis
1010 1511 1162 1594 diocesis
1189 1507 1469 1579 monasteriorum
1499 1514 1645 1579 abbates
1675 1511 1777 1578 dantur

427 1625 589 1703 tanquam
618 1626 871 1683 conservatores
900 1617 1013 1683 abbati
1050 1626 1086 1684 et
1124 1619 1306 1684 conventui
1344 1617 1539 1683 monasterii
1571 1616 1776 1691 viconiensis,

429 1721 746 1789 Premonstratensis
761 1720 895 1803 ordiniS,
910 1721 1143 1787 Atrebatensis
1158 1721 1310 1788 diocesis.

473 1827 545 1893 Etsi
562 1827 804 1913 quibuslibet...

472 1932 550 1999 Dat.
565 1931 665 1997 Avin.
682 1953 701 2015 4
717 1950 796 1995 non.
812 1929 891 1995 maii
906 1949 997 1995 anno
1015 1934 1043 1995 6.

459 2068 519 2129 Reg.
532 2070 580 2118 Av.
594 2069 632 2127 16,
647 2067 665 2117 f.
681 2068 749 2127 208',
763 2081 790 2115 n.
806 2068 852 2115 138
864 2082 870 2124 ;
883 2066 942 2116 Vat.
957 2068 997 2126 73,
1010 2067 1030 2116 f.
1042 2068 1096 2127 502,
1110 2080 1135 2115 n.
1150 2068 1221 2120 1476.

471 2250 609 2335 1051.
1498 2282 1595 2345 13²2›
1612 2280 1656 2345 15
1671 2262 1744 2324 mai.

469 2370 504 2437 N
506 2374 693 2458 eapoleoni,
707 2374 738 2441 S.
754 2375 891 2442 Adriani
902 2375 1046 2441 diacono
1057 2373 1227 2452 cardinali,
1238 2370 1433 2439 conceditur
1449 2367 1592 2434 facultas
1607 2359 1775 2450 recipiendi

425 2478 683 2562 resignationem
707 2480 964 2545 canonicatuum
980 2486 1014 2543 et
1040 2477 1284 2564 prebendarum
1308 2495 1393 2560 quos
1410 2471 1561 2554 Fentius,
1578 2470 1668 2536 filius
1686 2489 1776 2555 quon·

424 2581 502 2646 darn
517 2582 684 2646 Albertini
700 2582 742 2647 de
759 2582 870 2664 Prato,
880 2584 1072 2669 capellanus
1088 2581 1303 2648 etfamiliaris
1319 2578 1402 2645 dicti
1418 2576 1606 2657 cardinalis,
1624 2576 1658 2640 in
1671 2573 1777 2640 Came-

424 2684 562 2767 racensi,
579 2685 817 2768 Suessionensi,
833 2686 1041 2769 Camotensi,
1052 2684 1244 2752 Patracensi
1254 2692 1289 2750 et
1306 2683 1337 2749 S.
1349 2679 1525 2766 Gangerici
1536 2675 1777 2744 Cameracensis

425 2788 582 2869 ecclesiis,
599 2798 634 2855 et
649 2791 865 2857 canonicatus
881 2812 981 2876 quem
998 2791 1032 2855 in
1046 2792 1195 2876 plebe'S.
1212 2788 1376 2875 Stephani
1392 2787 1435 2852 de
1452 2785 1565 2865 Prato,
1576 2781 1777 2849 Pistoriensis

425 2891 576 2974 diocesis,
593 2894 736 2962 obtinet.

467 2995 553 3062 Cum
569 2998 656 3064 sicut
671 2998 902 3085 accepimus...

466 3102 544 3167 Dat.
561 3101 661 3168 Avin.
678 3102 722 3168 id.
739 3102 818 3167 maii
834 3122 924 3168 anno
943 3106 971 3167 6.

454 3242 516 3303 Reg.
530 3243 579 3290 Av.
595 3242 633 3299 17,
647 3241 664 3290 l.
680 3242 724 3289 lov
736 3257 742 3299 ;
756 3240 814 3291 Vat.
830 3242 871 3301 73,
882 3241 900 3290 f.
915 3243 971 3300 266,
986 3256 1011 3290 n.
1024 3242 1079 3290 754.

466 3414 607 3500 1052.
1490 3433 1737 3516 1322,18mui.
1808 3495 1810 3508 ,

463 3534 728 3620 Archiepiscopo
759 3532 952 3599 Coloniensi
984 3535 1120 3619 ejusque
1152 3535 1366 3620 suffraganeis
1393 3536 1688 3602 communicantur
1710 3553 1772 3600 sen·

419 3636 527 3700 tentie
542 3638 610 3702 late
627 3644 745 3701 contra
765 3636 839 3701 illos
855 3636 910 3720 qui
928 3637 961 3700 in
979 3635 1077 3702 Italie
1092 3638 1241 3723 partibus
1264 3638 1373 3704 officia
1390 3661 1464 3723 que,
1481 3639 1555 3725 ipso
1578 3639 1772 3725 imperatore

419 3739 565 3821 vivente,
593 3761 634 3805 ex
660 3740 746 3804 illius
773 3741 1010 3805 commissione
1041 3744 1212 3825 gerebant,
1237 3751 1315 3828 post
1345 3743 1520 3809 decessum
1551 3742 1633 3828 ejuS,
1658 3745 1771 3825 absque

419 3844 606 3928 apostolice
622 3842 716 3908 Sedis
731 3842 839 3928 petita
854 3846 908 3908 vel
924 3846 1065 3909 obtenta
1078 3845 1214 3909 licentia
1230 3866 1345 3929 gerere
1361 3854 1644 3933 presumpserant.

463 3947 600 4013 Dudum
617 3968 693 4012 cum
710 3947 786 4011 in...

464 4052 542 4119 Dat.
559 4053 659 4118 Avin.
681 4072 717 4136 15
735 4052 801 4118 kal.
814 4052 899 4138 junii
915 4073 1005 4118 anno
1024 4058 1055 4117 6.

453 4188 513 4251 Reg.
529 4190 589 4241 Vat.
607 4192 783 4251 111,f.74,n.
799 4192 855 4240 282.

463 4369 609 4454 1053.
1492 4408 1588 4469 1322,
1603 4408 1624 4451 2
1620 4408 1646 4470 3
1661 4387 1733 4451 mai.

465 4484 655 4571 Magalotto
679 4484 885 4552 Tantohenis
907 4487 949 4552 de
975 4486 1231 4575 Montemagno,
1257 4492 1432 4576 capellano
1458 4498 1494 4555 et
1521 4490 1674 4556 familiari
1700 4487 1768 4552 Ber·
1808 4569 1810 4574 Ι

418 4590 539 4670 trandi,
559 4590 590 4655 S.
609 4587 716 4654 Marie
738 4589 771 4652 in
787 4590 914 4673 Aquiro
937 4591 1069 4656 diaconi
1085 4592 1271 4674 cardinalis,
1288 4594 1504 4659 conferrmtur
1526 4592 1765 4681 archipresbite-
1808 4609 1810 4682 l

419 4700 509 4757 ratus
525 4693 664 4759 ecclesie
680 4692 891 4760 Pistoriensis
906 4717 946 4762 ac
961 4698 1133 4782 prebenda
1148 4699 1178 4763 ei
1194 4714 1326 4764 annexa
1342 4700 1400 4784 (50
1416 4699 1487 4765 flor.
1504 4700 1604 4786 auri),
1620 4704 1763 4766 vacante

418 4815 478 4881 per
492 4796 740 4881 promotionem
757 4796 894 4864 Barunti
911 4800 1176 4885 archipresbiteri
1193 4802 1226 4866 in
1242 4803 1437 4889 episcopum
1448 4804 1696 4882 Pistoriensem,
1706 4816 1760 4866 non

419 4901 575 4964 obstante
591 4901 681 4983 quod
690 4902 925 4968 canonicatum
937 4912 972 4968 et
981 4905 1187 4990 prehendam
1197 4906 1338 4972 ecclesie
1354 4907 1386 4972 S.
1398 4906 1512 4974 Crucis
1528 4901 1758 4974 Cameracensis
1808 4945 1810 4974 l

420 5002 560 5067 obtinet.

464 5104 542 5170 Vite
558 5128 597 5173 ac
614 5128 786 5173 morum...
