4409 6017
419 734 476 801 214
965 740 1122 805 Deuxieme
1143 742 1245 806 annea.

421 885 487 964 sis3
512 887 692 966 advocatis,
714 888 865 968 scabinis
887 889 1080 954 consiliariis
1107 900 1142 955 et
1169 892 1301 956 comuni
1329 890 1406 955 ville
1433 890 1610 976 Yprensis;
1637 894 1736 957 seabin

422 989 589 1055 nobilibus
605 999 639 1054 et
655 992 788 1056 comuni
806 991 882 1055 ville
898 992 939 1056 de
959 991 1087 1058 Franco
1104 993 1146 1058 de
1164 992 1289 1078 Brugis.

468 1091 523 1156 Ne
539 1093 650 1178 lingue
665 1094 769 1159 tercie
786 1103 880 1159 etc...

470 1197 548 1261 Dat.
564 1205 601 1261 ut
617 1217 725 1282 supra.

458 1336 517 1394 lteg.
531 1334 589 1382 Vat.
604 1337 657 1392 109,
670 1336 687 1383 1.
702 1338 759 1383 132*
768 1344 794 1382 et
808 1338 860 1395 133,
875 1352 899 1384 n.
912 1338 1048 1387 545a548:
1064 1338 1181 1392 var-ulo,
1192 1353 1251 1400 pars
1262 1339 1281 1394 l,
1292 1340 1308 1386 l.
1320 1342 1358 1395 20,
1369 1355 1394 1387 n.
1405 1342 1479 1386 15,-
1489 1340 1596 1398 t'oulon,
1609 1355 1635 1388 n.
1648 1342 1695 1387 545
1706 1347 1720 1387 a
1731 1345 1736 1385 3

465 1516 579 1601 539.
1473 1555 1491 1597 1
1517 1536 1561 1597 18
1587 1534 1720 1598 [avril

467 1634 632 1720 Philippo,
657 1635 724 1718 regi
757 1633 907 1712 Francie,
941 1633 1093 1698 scribitur
1117 1642 1155 1698 ut
1181 1634 1294 1700 videat
1320 1657 1386 1720 que
1409 1533 1592 1702 exllitlterlis
1619 1533 1733 1702 comiti

422 1739 686 1803 comunitatibus
702 1736 857 1802 Flandrie
867 1737 910 1802 de
925 1737 1065 1801 consilio
1078 1758 1165 1821 pape
1176 1759 1273 1822 super
1283 1739 1517 1805 securitatibus
1527 1740 1619 1826 pacis
1636 1739 1736 1805 Fland

426 1842 570 1921 directis,
588 1842 667 1926 ipsis
682 1862 702 1905 a
718 1840 844 1905 nuntiis
858 1839 1052 1925 apostolicis
1067 1840 1233 1905 mittende
1252 1841 1330 1907 sint.

472 2064 489 2104 a
507 2040 685 2105 Carissimo
701 2039 733 2102 in
751 2038 886 2104 Christo
914 2038 982 2102 filio
999 2037 1165 2123 Philippo,
1181 2038 1248 2122 regi
1276 2037 1414 2104 Francie
1440 2047 1473 2103 et
1499 2037 1650 2104 Navarra
1668 2040 1736 2104 illus

429 2144 527 2217 Ecce,
540 2144 583 2207 tili
595 2143 773 2217 carissime,
784 2163 827 2206 ne
838 2141 1064 2207 sinceritatem
1074 2161 1113 2205 ac
1126 2142 1303 2205 veritatem
1321 2142 1424 2207 nostri
1441 2142 1570 2207 consilii
1588 2144 1679 2226 quod
1699 2165 1736 2208 su

427 2246 614 2331 prestandis
639 2256 673 2309 et
698 2244 897 2330 recipiendis
921 2244 1152 2309 securitatibus
1177 2265 1237 2329 pro
1264 2245 1499 2309 observatione
1530 2246 1737 2311 convention

429 2352 515 2414 inter
530 2358 575 2428 te,
593 2356 673 2412 tunc
689 2368 790 2432 regna
808 2347 947 2411 Francie
964 2355 997 2411 et
1014 2346 1166 2411 Navarre
1181 2355 1364 2431 regentem,
1381 2369 1423 2411 ex
1439 2356 1533 2433 parte
1550 2369 1627 2428 una,
1645 2359 1680 2413 et
1697 2350 1736 2414 dil

429 2462 501 2517 tum
518 2453 621 2517 filium
638 2452 784 2516 nobilem
813 2450 919 2514 virum
947 2449 1142 2529 liebertum,
1160 2450 1330 2531 comitem,
1347 2460 1381 2515 et
1397 2452 1623 2517 comunitates
1642 2451 1736 2517 Flam

430 2578 470 2621 ex
504 2557 619 2632 altera,
644 2575 742 2640 super
768 2554 965 2638 quibusdam
989 2554 1080 2638 pacis
1105 2554 1258 2639 capitulis
1295 2555 1461 2634 initarum,
1486 2555 1605 2620 diebus
1637 2557 1732 2641 proxi

429 2660 592 2738 dedimus,
618 2659 851 2722 ombumbrare
876 2657 980 2742 possit
1005 2657 1118 2741 lingue
1144 2657 1357 2741 malignantis
1384 2658 1515 2739 astutia,
1543 2658 1689 2724 dilectos
1715 2661 1735 2723 fi

432 2763 547 2828 iratres
562 2762 699 2827 Petrum
715 2762 757 2827 cle
775 2760 909 2839 Palude,
927 2760 1120 2845 magistrum
1134 2761 1167 2823 in
1185 2761 1364 2845 theologia,
1383 2760 1645 2842 Predieatorurn,
1658 2763 1736 2849 Step

432 2888 511 2931 uum
527 2867 569 2930 de
586 2864 731 2930 Neriaco
747 2885 786 2929 ac
801 2863 1016 2928 Guillelmum
1033 2864 1075 2928 de
1092 2863 1266 2945 Gamlavo,
1289 2863 1460 2929 Minorurn
1477 2865 1615 2930 fratrum
1633 2868 1736 2933 ordin*

431 2971 473 3035 ad
489 2970 635 3055 ipsorum
651 2968 782 3033 comitis
799 2976 833 3032 et
848 2967 1093 3033 comunitatum
1117 2967 1319 3052 presentiam
1341 2968 1547 3053 providimus
1569 2968 1736 3035 destinam

432 3074 474 3138 ad
497 3072 758 3159 presentandum
783 3070 938 3136 videlicet
964 3071 1076 3135 comiti
1109 3080 1144 3135 et
1170 3071 1431 3137 comunitatibus
1464 3073 1644 3137 antedictis
1673 3074 1736 3137 litt<

433 3185 562 3242 nostras
582 3177 687 3261 ipsum
706 3184 857 3239 nostrum
874 3173 1049 3239 consilium
1066 3175 1282 3239 continentes
1297 3175 1425 3258 sibique
1441 3174 1581 3260 proinde
1594 3175 1736 3240 directas

432 3283 474 3346 acl
487 3282 675 3356 dicendum,
685 3278 873 3345 faciendum
890 3286 924 3342 et
940 3278 1208 3362 promovendum
1219 3278 1282 3342 alia
1292 3299 1356 3362 que
1372 3298 1432 3363 pro
1442 3281 1533 3342 bono
1550 3278 1640 3362 pacis
1657 3279 1699 3341 ad
1710 3301 1736 3362 q¹

432 3385 635 3449 intendimus
652 3383 796 3449 viderint
821 3392 996 3465 oportuna,
1015 3380 1104 3444 facta
1131 3381 1308 3465 superbiis
1332 3383 1440 3446 solum
1458 3382 1695 3447 commissione
1712 3405 1732 3446 n

432 3497 466 3552 et
481 3488 620 3573 simplici
639 3487 789 3549 tratribus
803 3484 1039 3564 arrtedietis,ae
1054 3484 1248 3569 apostolicis
1264 3485 1383 3549 litteris
1398 3484 1440 3549 ad
1456 3486 1616 3550 comitem
1634 3496 1668 3549 et
1687 3507 1737 3551 cor

432 3592 554 3655 nitates
580 3590 714 3655 easdem
739 3589 877 3674 proinde
907 3588 1092 3672 respective
1118 3587 1262 3652 directis.
1281 3587 1403 3651 Verum
1426 3610 1466 3652 ex
1489 3589 1612 3653 affectu
1637 3610 1736 3673 quem

433 3714 547 3775 guerre
565 3693 764 3756 vitationem
789 3701 824 3756 et
855 3692 946 3777 pacis
971 3693 1247 3776 propagationem
1273 3692 1442 3769 habemns,
1474 3693 1588 3757 comiti
1621 3702 1656 3757 et
1687 3714 1736 3757 cor

433 3797 592 3861 nitatibus
608 3796 765 3880 predictis
789 3816 848 3879 per
863 3796 944 3859 alias
960 3795 1087 3859 litteras
1114 3795 1317 3879 explicamus
1334 3793 1567 3859 sufficientiam
1596 3795 1677 3859 dicti
1696 3817 1736 3859 nc

435 3901 574 3979 consilii,
596 3900 742 3984 pericula
778 3907 812 3963 et
839 3898 1013 3983 dispendia
1037 3898 1174 3981 grandia
1200 3919 1263 3981 que
1296 3898 1407 3963 intulit
1440 3898 1655 3962 Flandrensis
1685 3920 1736 3982 gu«

435 4003 619 4068 commotio
643 4013 679 4066 et
702 4023 777 4086 que,
799 4002 824 4067 si
847 4001 1006 4086 procedat
1034 4002 1180 4079 ulterius,
1208 4001 1327 4064 interre
1352 4001 1502 4080 graviora
1530 4000 1690 4081 tirrretu13
1717 4005 1736 4065 b

435 4108 538 4171 etiarn
569 4128 632 4190 que
664 4106 895 4169 universaliter
925 4105 1101 4189 provenire
1133 4115 1308 4188 sperantur
1339 4125 1379 4167 ex
1413 4126 1494 4189 pace
1528 4104 1569 4168 ad
1604 4126 1736 4170 memor

435 4232 550 4274 eorum
567 4209 762 4274 adducimus
787 4218 821 4272 et
838 4209 902 4272 alia
919 4208 1050 4292 insuper
1066 4208 1243 4271 suademus
1267 4207 1393 4271 eisdenr
1409 4228 1468 4292 per
1484 4228 1548 4291 que
1565 4207 1693 4272 facilius
1710 4210 1736 4272 ir

435 4323 552 4379 cantur
569 4314 676 4396 ipsum
690 4323 838 4376 nostrum
856 4312 1031 4375 consilium
1047 4319 1231 4395 acceptare.
1242 4311 1399 4395 Alioquin
1417 4311 1662 4376 comminamus
1678 4312 1736 4377 eis(

436 4417 526 4502 quod
542 4438 639 4481 cause
658 4416 719 4479 Dei
737 4437 837 4498 quam
854 4426 901 4493 tu,
918 4414 1094 4479 distractus
1111 4414 1152 4478 ad
1168 4436 1330 4498 guerram,
1343 4415 1495 4498 prosequi
1515 4414 1547 4477 in
1563 4413 1591 4477 's
1594 4435 1665 4479 erre
1683 4416 1736 4480 Sar

437 4520 619 4586 subsidium
636 4519 815 4605 impediris,
829 4519 944 4583 adesse
961 4518 1190 4602 proponimus,
1207 4519 1267 4582 tibi
1284 4527 1352 4581 tam
1371 4518 1585 4603 spiritualiter
1601 4539 1702 4601 quarn
1721 4531 1735 4584 t

436 4624 594 4709 poraliter
618 4622 798 4688 efficaciter
823 4610 961 4701 astituri,
979 4628 1012 4685 et
1038 4634 1073 4683 ut
1102 4621 1242 4705 predicti
1269 4622 1376 4685 nuntii
1405 4622 1508 4686 nostri
1531 4606 1597 4686 lrec
1620 4624 1736 4688 omnia

436 4730 638 4792 verbotenus
665 4727 707 4791 ad
733 4727 870 4810 plenum
896 4733 1078 4809 exponant,
1095 4744 1134 4786 ea
1161 4724 1193 4786 in
1218 4724 1282 4788 alia
1310 4725 1546 4790 commissione
1573 4725 1715 4810 pleniori

437 4831 523 4895 lacta
550 4830 704 4894 seriosius
729 4829 883 4893 duximus
909 4827 1135 4912 exprimenda,
1158 4838 1258 4911 prout
1283 4828 1324 4891 de
1349 4828 1411 4892 hiis
1442 4828 1598 4893 omnibus
1632 4829 1736 4894 inl'orr

436 4933 560 5019 poterit
583 4932 672 5016 regia
699 4931 862 4996 celsitudo
898 4952 957 5017 per
987 4930 1187 5015 apostolicas
1219 4931 1345 4995 litteras
1379 4932 1420 4995 ad
1452 4922 1588 4997 nuntios
1612 4933 1736 4997 antedi

435 5036 575 5123 proinde
600 5035 779 5113 consectas,
793 5056 873 5119 quas
898 5033 1096 5099 excellentie
1122 5042 1178 5097 tue
1204 5055 1267 5097 una
1293 5056 1368 5099 eum
1394 5037 1577 5100 clausarum
1602 5039 1736 5102 transcri

436 5139 550 5207 comiti
572 5151 606 5204 et
629 5139 891 5205 comunitatibus
907 5139 1109 5203 directarum
1132 5158 1190 5222 per
1206 5139 1347 5202 latorem
1373 5139 1575 5224 presentium
1593 5140 1735 5225 providir
