4409 6017
493 718 555 783 456
1037 715 1184 797 septiens
1204 718 1307 783 sunto.

494 886 638 932 messem
654 865 795 932 ecclesie
821 873 949 931 temere
971 864 1210 931 nichilominus
1233 865 1478 949 immittentes;
1503 867 1679 935 nobilitati
1706 876 1771 936 tue
1793 890 1863 937 sano

496 968 638 1035 consilio
654 967 832 1035 suademus
847 977 1013 1053 quatenus
1027 968 1146 1034 talium
1162 968 1380 1050 suasionibus,
1396 990 1460 1056 que
1475 979 1511 1037 te
1527 972 1563 1036 in
1578 971 1649 1038 Dei
1673 980 1716 1040 et
1732 974 1863 1041 ecclesie

495 1071 610 1139 odium
625 1072 669 1139 ad
679 1082 693 1107 ⁰
708 1072 856 1139 criminis
871 1072 1048 1138 fautoriam
1064 1073 1290 1140 hereticorum
1305 1074 1490 1141 moliuntur
1512 1076 1660 1159 trahere,
1675 1079 1863 1145 nullatenu

495 1176 697 1262 acquiescas,
713 1175 853 1263 provide
867 1177 1086 1243 reminiscens
1098 1185 1181 1263 quot
1197 1185 1232 1242 et
1244 1177 1361 1262 quanti
1371 1199 1431 1264 per
1442 1180 1523 1245 talia
1531 1183 1575 1246 ab
1584 1181 1668 1247 altis
1684 1181 1861 1249 honoricus

496 1279 687 1347 ceciderunt
707 1280 871 1347 hactenus
886 1289 921 1347 et
935 1281 1068 1363 cadent,
1095 1281 1198 1347 dante
1215 1280 1373 1363 Domino,
1390 1282 1452 1349 nisi
1468 1304 1488 1348 a
1509 1284 1619 1370 ceptis
1643 1294 1785 1353 temere
1798 1307 1861 1376 pro

494 1383 571 1450 vide
586 1384 793 1470 resipiscant.
810 1383 889 1450 Dat.
904 1384 1006 1451 Avin.
1024 1406 1041 1450 2
1058 1383 1125 1451 kal.
1141 1384 1272 1469 augusti
1288 1404 1378 1452 anno
1395 1405 1453 1471 7.»

527 1522 587 1583 neg.
599 1522 659 1570 var.
673 1523 727 1580 ιιι,
739 1522 757 1570 r.
770 1523 838 1581 rosv,
849 1535 875 1572 n.
888 1523 944 1571 aar.

541 1690 679 1777 1225.
1573 1729 1675 1792 1323,
1690 1730 1719 1793 5
1735 1718 1825 1779 aaut.

535 1811 682 1896 Augerio
696 1810 739 1877 de
756 1810 926 1895 Pelagrua,
942 1808 1107 1876 canonico
1133 1809 1276 1876 ecclesie
1293 1810 1324 1875 S.
1339 1809 1523 1876 Audomari
1546 1810 1588 1877 de
1605 1811 1640 1879 S.
1656 1815 1861 1897 Audomaro,

491 1911 700 1980 Morinensis
715 1914 868 1994 diocesis,
880 1913 997 1998 nepoti
1013 1913 1163 1993 Amaldi,
1174 1914 1206 1977 S.
1219 1913 1324 1978 Marie
1337 1913 1370 1978 in
1382 1913 1517 1980 Porticu
1526 1914 1663 1981 diaconi
1674 1919 1862 2001 cardinalis,

493 2017 682 2103 indulgetur
694 2026 731 2083 ut
741 2018 866 2083 fructus
881 2017 1123 2083 beneficiorum
1134 2037 1268 2082 suorum
1284 2021 1410 2102 absque
1426 2015 1607 2085 residentia
1618 2020 1666 2087 ad
1681 2022 1861 2090 triennium

493 2122 663 2208 percipere
678 2121 799 2187 valeat.

538 2224 742 2291 Litterarum
758 2225 940 2290 scientia...

536 2328 615 2395 Dat.
631 2329 732 2394 Avin.
747 2329 845 2394 nonis
861 2329 992 2412 augusti
1008 2348 1098 2394 anno
1116 2348 1144 2414 7.
1898 2381 1900 2416 ,

536 2431 575 2496 Ιιι
592 2454 621 2498 e.
637 2453 682 2497 m.
698 2431 829 2498 decano
844 2432 1095 2498 Aurelianensis
1111 2439 1146 2496 et
1162 2432 1289 2498 cantori
1309 2432 1589 2519 Petragoricensis
1611 2455 1655 2502 ac
1678 2441 1860 2507 scolastico
1898 2445 1900 2474 ²

494 2534 769 2601 Constanciensis
785 2536 1011 2631 ecclesiarum.

528 2672 586 2733 neg.
600 2675 647 2722 nv.
662 2674 700 2733 rs,
715 2673 733 2722 r.
749 2675 809 2721 204v
822 2688 827 2730 ;
841 2673 900 2723 vlt.
915 2675 954 2732 75,
967 2674 986 2722 r.
998 2675 1037 2732 so,
1050 2688 1075 2721 n.
1090 2674 1193 2725 12371).

545 2851 682 2935 1226.
1577 2889 1676 2952 1323,
1684 2890 1712 2954 5
1728 2880 1822 2940 aortt.

539 2970 703 3056 Magistro
719 2969 851 3035 Thome
867 2969 1021 3036 Guiducii
1037 2969 1080 3034 de
1096 2969 1244 3051 Perusio,
1268 2971 1418 3056 scriptori
1435 2991 1532 3056 pape,
1562 2972 1740 3041 confertur
1762 2998 1860 3044 cano

494 3075 627 3140 nicatus
641 3074 784 3140 ecclesie
794 3073 990 3139 Leodiensis
1005 3075 1065 3139 sub
1082 3073 1318 3159 expectatione
1328 3074 1508 3159 prebende,
1519 3095 1586 3139 non
1601 3078 1766 3146 obstante
1776 3080 1861 3166 quod

495 3178 526 3243 S.
543 3177 677 3244 Proveti
694 3179 735 3244 de
751 3177 877 3243 Afflore
901 3186 936 3242 et
960 3177 991 3242 S.
1006 3177 1128 3261 Angcli
1144 3177 1186 3243 de
1203 3177 1309 3261 Playo
1338 3177 1471 3242 Vitiano
1488 3180 1646 3244 ecclesias
1674 3181 1750 3249 sine
1777 3206 1860 3263 cura,

496 3281 654 3347 Perusine
670 3282 820 3361 diocesiS,
837 3281 979 3359 obtinet,
997 3300 1056 3346 seu
1080 3280 1171 3364 quod
1195 3280 1275 3346 olim
1291 3280 1324 3344 in
1341 3281 1484 3346 ecclesia
1499 3281 1531 3346 S.
1548 3280 1641 3348 Pauli
1661 3282 1860 3354 Leodiensis

496 3385 712 3450 canonicatus
726 3388 787 3450 sub
803 3383 1038 3469 expectatione
1055 3383 1224 3468 prebende
1241 3383 1269 3447 ei
1287 3384 1431 3448 collatus
1447 3392 1508 3449 est.

540 3487 611 3554 Etsi
628 3489 769 3554 Sedes...

539 3593 616 3657 Dat.
633 3594 733 3658 Avin.
749 3594 846 3659 nonis
861 3593 990 3677 augusti
1007 3611 1097 3655 anno
1116 3610 1145 3675 7.

539 3696 577 3760 ln
602 3718 631 3761 e.
656 3718 699 3761 m.
723 3697 852 3763 decano
879 3699 913 3762 S.
942 3695 1034 3760 Pauli
1063 3693 1260 3760 Leodiensis
1287 3704 1321 3759 et
1348 3696 1626 3781 archipresbitero
1643 3698 1859 3768 Perusineac

496 3801 626 3867 Buxolo
641 3802 683 3867 de
700 3802 831 3882 Parma,
847 3802 1023 3887 capellano
1040 3821 1137 3886 pape,
1154 3799 1319 3865 canonico
1335 3799 1557 3865 Tornacensis
1574 3804 1806 3874 ecclesiarum.

529 3939 589 4001 ch.
603 3942 651 3987 Av.
665 3943 703 3998 19,
717 3940 735 3989 f.
748 3942 806 3988 316ν
820 3956 825 3989 :
845 3939 905 3989 Vat.
918 3943 956 3990 75.
972 3941 990 3988 f.
1008 3940 1075 3996 latr,
1090 3952 1118 3988 n.
1136 3939 1206 3985 1463.

541 4099 1650 4194 1227·1323,
1671 4123 1819 4196 1300121·

539 4220 724 4304 Apollonio
744 4219 786 4284 de
803 4219 994 4304 Oldorpsen
1010 4216 1180 4283 confertur
1202 4213 1419 4299 parrochialis
1435 4214 1578 4280 ecclesia
1593 4214 1636 4281 de
1661 4216 1857 4301 Dremmcn,

495 4322 690 4388 Leodiensis
712 4323 863 4402 diocesis,
886 4343 1011 4387 vacans
1038 4341 1097 4406 per
1124 4319 1253 4383 obitum
1281 4318 1421 4383 Arnoldi
1447 4317 1604 4398 Mulaert,
1628 4321 1721 4403 apud
1740 4323 1858 4389 Sedem

493 4428 715 4514 apostolicam
742 4427 901 4506 defuncti,
918 4447 987 4491 non
1010 4429 1168 4490 obstante
1185 4422 1274 4507 quod
1291 4421 1324 4486 in
1341 4422 1484 4487 ecclesia
1509 4423 1540 4487 S.
1559 4421 1667 4487 Marie
1684 4424 1719 4489 in
1742 4425 1857 4493 Teurs·

494 4540 571 4613 stat,
589 4531 842 4617 Bambergensis
857 4530 1008 4609 diocesis,
1025 4531 1084 4594 sub
1101 4526 1338 4612 expectatione
1355 4526 1524 4610 prebende
1541 4527 1575 4591 in
1592 4530 1798 4597 canonicum
1810 4545 1856 4598 est

493 4645 658 4721 receptuS,
674 4636 830 4720 quodque
847 4634 1091 4720 parrochialem
1112 4629 1289 4695 ecclesiam
1306 4628 1337 4692 S.
1355 4629 1515 4715 Stephani
1534 4630 1566 4693 in
1584 4629 1737 4716 Layano,
1756 4634 1855 4701 Brixi-

494 4740 606 4805 nensis
622 4739 775 4817 diocesis,
792 4739 934 4818 obtinet,
950 4758 1050 4821 quam
1067 4734 1237 4800 dimittere
1249 4732 1428 4796 tenebitur.

538 4842 593 4907 Ad
610 4844 781 4907 illorum...

540 4948 614 5011 Dat.
631 4949 729 5011 Avin.
748 4947 853 5012 idibus
869 4946 997 5030 augusti
1015 4964 1105 5009 anno
1123 4961 1152 5024 7.

527 5160 551 5191 a.
569 5160 585 5192 a
597 5160 646 5205 req.
