4409 6017
949 677 1096 746 lluitilme
1118 675 1221 743 annis.
1710 666 1774 732 508

455 828 603 914 1347.
1477 852 1573 918 1324,
1591 850 1632 914 13
1641 828 1729 913 juin.

452 945 568 1028 Helie,
584 948 695 1013 electo
718 939 934 1022 lomacensi,
950 939 1096 1006 clericali
1122 947 1291 1005 caractere
1318 937 1486 1026 insignito,
1511 935 1703 1021 indulgetur
1724 941 1773 1014 ut,

396 1058 591 1137 postquam
615 1050 648 1115 in
673 1045 895 1136 presbiterum
917 1044 1015 1111 fuerit
1032 1042 1218 1125 ordinatus,
1234 1064 1355 1110 munus
1370 1039 1634 1110 consecrationis
1649 1059 1670 1105 a
1691 1059 1774 1124 quo·

397 1174 554 1239 cumque
569 1152 723 1220 maluerit
738 1149 890 1217 antistite
904 1147 1053 1235 recipere
1071 1148 1193 1214 valeat.

452 1255 542 1324 Cum
557 1277 664 1345 nuper
679 1254 860 1325 ecclesie...
1027 1270 1028 1273 ’

452 1361 534 1428 Dat.
549 1361 650 1428 Avin.
666 1360 775 1427 idibus
787 1357 871 1444 junii
887 1377 977 1443 anno
994 1358 1023 1423 8.

440 1503 505 1563 Reg.
520 1503 567 1551 Ar.
579 1502 619 1562 21,
631 1500 652 1552 f.
664 1500 708 1549 86*
720 1514 727 1557 ;
739 1497 799 1549 Vat.
811 1499 850 1557 77,
863 1497 882 1547 f.
896 1497 949 1557 6⁷¹,
959 1509 984 1546 n.
998 1496 1069 1545 121³.

456 1645 604 1732 1348.
1474 1673 1569 1739 1324,
1587 1654 1632 1719 18
1638 1650 1727 1735 juin.

450 1765 472 1845 J
476 1764 612 1847 ohanni‚
627 1771 711 1830 nato
733 1760 927 1829 Consolucii
942 1759 984 1826 de
1000 1758 1195 1841 Torsciano‚
1212 1759 1382 1826 confertur
1397 1757 1615 1825 canonicatus
1629 1755 1771 1822 ecclesie

397 1872 436 1939 S.
456 1869 632 1936 Gertrudis
648 1866 864 1949 Nivellensis,
880 1863 1076 1933 Leodiensis
1087 1862 1241 1946 diocesis,
1258 1865 1319 1930 sub
1336 1861 1573 1953 expectatione
1588 1859 1770 1948 prebende.

451 1974 547 2043 Sedis
562 1972 790 2061 apostolice...

450 2079 531 2145 Dat.
547 2077 647 2144 Avin.
669 2097 707 2164 14
722 2075 789 2143 kal.
802 2076 875 2164 Julii
891 2097 983 2144 anno
999 2079 1030 2145 8.

449 2182 491 2250 In
508 2203 538 2248 e.
553 2202 598 2247 m.
614 2180 727 2248 abbati
754 2180 949 2249 monasterii
976 2180 1005 2247 S.
1024 2178 1113 2248 Petri
1141 2178 1184 2247 de
1209 2175 1347 2246 Perusio
1371 2185 1407 2246 et
1429 2176 1529 2266 priori
1546 2175 1584 2244 B.
1602 2175 1710 2244 Marie
1728 2174 1770 2241 de

398 2287 492 2356 Salis
509 2284 727 2353 Bituricensis
742 2292 778 2353 et
792 2284 1071 2374 archipresbitero
1087 2283 1229 2353 ecclesie
1246 2282 1415 2351 Perusine.

435 2429 499 2489 neg.
514 2431 562 2478 av.
577 2429 618 2488 rr,
631 2427 650 2477 r.
665 2427 725 2475 roov
737 2441 743 2484 ;
753 2425 812 2475 vat.
827 2427 867 2486 rr,
881 2425 899 2476 r.
915 2425 971 2486 als,
985 2438 1011 2475 n.
1027 2425 1097 2475 uns.

451 2572 596 2658 1349.
1473 2605 1567 2668 1324,
1583 2604 1625 2649 21
1636 2581 1725 2665 juin.

451 2689 616 2777 Magistro
644 2689 842 2756 Theobaldo
875 2689 918 2756 de
952 2687 1087 2772 Meldis,
1112 2691 1291 2777 capellano
1317 2698 1351 2756 et
1388 2688 1541 2756 familiari
1570 2686 1769 2769 clementie,

397 2796 519 2881 regine
537 2794 688 2875 Francie‚
700 2793 871 2860 confertur
883 2793 1101 2860 canonicatus
1113 2793 1255 2860 ecclesie
1266 2791 1452 2860 Meldensis
1463 2794 1523 2859 sub
1533 2791 1769 2879 expectatione

396 2900 584 2988 prebende,
600 2919 670 2965 non
686 2901 842 2965 obstante
858 2897 949 2983 quod
964 2898 1209 2984 parrochialem
1225 2898 1403 2964 ecclesiam
1417 2896 1460 2963 (16
1472 2895 1622 2982 Grolayo
1638 2894 1769 2962 obtinet

397 3004 487 3070 etin
503 3003 645 3070 ecclesia
661 3001 829 3089 Hoyensi‚
846 3001 1061 3068 Ebroicensis
1085 3010 1121 3068 et
1149 2999 1347 3068 Leodiensis
1372 3000 1556 3082 diocesum,
1572 3003 1632 3067 sub
1649 3021 1769 3087 expec-

397 3106 533 3174 tatione
547 3108 716 3195 prebende
732 3107 766 3172 in
782 3104 983 3174 canonicum
999 3115 1051 3173 est
1065 3113 1234 3193 receptus.

446 3210 644 3279 Laudabilia
659 3220 758 3278 tue...

445 3317 525 3384 Dat.
540 3317 639 3383 Avin.
660 3337 694 3382 11
714 3316 781 3384 kal.
794 3319 866 3403 julii
883 3338 975 3385 anno
992 3319 1022 3385 8.

444 3419 485 3485 In
502 3442 531 3488 e.
545 3441 589 3487 m.
606 3421 638 3486 S.
651 3420 825 3487 Genovefe
838 3421 1031 3489 Parisiensis
1043 3430 1078 3488 et
1088 3422 1120 3489 S.
1138 3423 1165 3487 F
1167 3424 1278 3490 aronis
1290 3423 1475 3489 Meldensis
1487 3422 1767 3489 monasteriorum

396 3525 577 3591 abbatibus
590 3545 631 3592 ac
646 3524 805 3611 magistro
821 3525 966 3593 Geraldo
981 3527 1023 3593 de
1040 3526 1134 3609 Lan,
1146 3529 1323 3615 capellano
1338 3548 1436 3614 pape,
1461 3526 1626 3593 canonico
1653 3525 1767 3592 Claro-

396 3630 579 3696 montensi.

432 3769 493 3829 ch.
506 3771 553 3817 Ac.
565 3771 604 3827 21,
616 3769 634 3817 f.
647 3771 707 3824 91⁹3
721 3769 779 3818 l'at.
797 3771 866 3828 161.
880 3771 930 3830 781,
943 3785 967 3818 n.
983 3773 1054 3819 1253.

446 3921 590 4006 1350.
1468 3960 1563 4025 1324,
1578 3961 1619 4005 21
1632 3941 1721 4024 juin.

441 4042 477 4109 N
480 4043 589 4108 icolao
624 4039 666 4106 de
700 4041 911 4127 Douzereyo,
936 4042 1017 4109 alias
1050 4044 1144 4110 dicto
1182 4044 1331 4127 Putesin,
1356 4045 1526 4112 confertur
1550 4046 1767 4113 canonicatus

396 4146 539 4214 ecclesie
567 4143 743 4211 Remensis
759 4149 819 4212 sub
846 4147 1086 4232 expectatione
1101 4148 1283 4237 prebende,
1306 4170 1374 4215 non
1391 4152 1547 4216 obstante
1564 4148 1655 4235 qnod
1671 4150 1701 4215 ei
1724 4149 1767 4216 de

395 4249 600 4318 canonicatu
615 4256 650 4314 et
665 4249 835 4335 prebenda
851 4250 884 4314 in
900 4252 1042 4317 ecclesia
1058 4251 1089 4320 S.
1106 4253 1330 4340 Simphoriani
1347 4253 1522 4318 Remensis
1533 4253 1705 4339 provisum
1715 4261 1766 4319 est

396 4365 431 4423 et
443 4356 534 4442 quod
550 4356 631 4421 olim
647 4356 762 4421 similis
778 4357 883 4441 gratia
898 4357 960 4443 ipsi
972 4357 1060 4423 facta
1076 4366 1127 4424 est
1141 4358 1174 4423 in
1188 4356 1346 4424 Remensi
1363 4359 1505 4424 ecclesia
1518 4359 1719 4445 supradicta,
1733 4358 1765 4421 in

396 4482 463 4547 qua
477 4461 582 4547 gratia
598 4462 689 4527 nulla
716 4461 845 4526 mentio
870 4461 957 4528 lacta
985 4471 1057 4528 erat
1084 4462 1127 4529 de
1153 4471 1315 4550 perpetua
1339 4463 1528 4550 capellania
1555 4463 1696 4529 ecclesie
1723 4462 1765 4529 de

397 4563 551 4646 Fresnes‚
560 4564 809 4631 Cameracensis
825 4565 979 4648 diocesia,
996 4566 1067 4632 sine
1084 4586 1172 4647 cura,
1190 4587 1290 4652 quam
1305 4576 1387 4634 tunc
1402 4568 1564 4654 temporis
1580 4568 1765 4634 obtinebat.

442 4667 520 4735 Vite
536 4689 576 4735 ac
591 4689 763 4735 morum...

443 4773 521 4839 Dat.
538 4773 637 4839 Avin.
659 4794 692 4838 11
712 4772 778 4839 kal.
792 4775 863 4859 julii
881 4796 971 4841 anno
988 4778 1018 4843 8.

443 4878 483 4943 ln
500 4900 528 4943 e.
541 4898 585 4942 m.
603 4878 633 4943 S.
651 4877 793 4963 Remigii
811 4888 844 4944 et
861 4878 892 4945 S.
911 4879 1037 4946 Nicasii
1065 4882 1345 4946 monasteriorum
1372 4883 1547 4948 abbatibus
1574 4903 1613 4947 ac
1636 4883 1765 4948 decano

396 4983 428 5048 S.
446 4982 681 5067 Symphoriani
699 4981 927 5048 Remensium.

430 5121 490 5185 Reg.
503 5123 550 5167 Ar.
563 5121 601 5176 21,
614 5119 633 5166 f.
646 5120 692 5167 369
702 5120 747 5182 (en
761 5122 845 5184 partic
858 5120 974 5184 illisiblo)
988 5136 993 5176 ;
1008 5120 1066 5169 Vnt.
1083 5124 1120 5180 11,
1133 5122 1151 5169 f.
1164 5124 1232 5182 aab,
1247 5136 1271 5171 n.
1290 5123 1359 5171 1887.
