<?xml version="1.0" encoding="UTF-8"?>
<!DOCTYPE html PUBLIC "-//W3C//DTD XHTML 1.0 Transitional//EN"
    "http://www.w3.org/TR/xhtml1/DTD/xhtml1-transitional.dtd">
<html xmlns="http://www.w3.org/1999/xhtml" xml:lang="en" lang="en">
 <head>
  <title>
</title>
<meta http-equiv="Content-Type" content="text/html;charset=utf-8" />
  <meta name='ocr-system' content='tesseract 3.04.00' />
  <meta name='ocr-capabilities' content='ocr_page ocr_carea ocr_par ocr_line ocrx_word'/>
</head>
<body>
  <div class='ocr_page' id='page_1' title='image "./lettresdejeanxx00xxiigoog_0654.png"; bbox 0 0 4409 6017; ppageno 0'>
   <div class='ocr_carea' id='block_1_1' title="bbox 489 715 1307 784">
    <p class='ocr_par' dir='ltr' id='par_1_1' title="bbox 489 715 1307 784">
     <span class='ocr_line' id='line_1_1' title="bbox 489 715 1307 784; baseline -0.004 -1"><span class='ocrx_word' id='word_1_1' title='bbox 489 719 550 784; x_wconf 78' lang='lat'><strong>566</strong></span> <span class='ocrx_word' id='word_1_2' title='bbox 1027 715 1184 783; x_wconf 73' lang='lat' dir='ltr'><strong>Nauvilma</strong></span> <span class='ocrx_word' id='word_1_3' title='bbox 1204 717 1307 781; x_wconf 73' lang='lat' dir='ltr'><strong>annes.</strong></span> 
     </span>
    </p>
   </div>
   <div class='ocr_carea' id='block_1_2' title="bbox 490 864 1903 1473">
    <p class='ocr_par' dir='ltr' id='par_1_2' title="bbox 490 864 1857 1059">
     <span class='ocr_line' id='line_1_2' title="bbox 492 864 1857 952; baseline -0.001 -19"><span class='ocrx_word' id='word_1_4' title='bbox 492 867 663 934; x_wconf 86' lang='lat' dir='ltr'><strong>confertur</strong></span> <span class='ocrx_word' id='word_1_5' title='bbox 675 868 898 934; x_wconf 81' lang='lat' dir='ltr'>canonicatus</span> <span class='ocrx_word' id='word_1_6' title='bbox 913 867 1054 935; x_wconf 87' lang='lat' dir='ltr'><strong>ecclesie</strong></span> <span class='ocrx_word' id='word_1_7' title='bbox 1070 867 1101 933; x_wconf 88' lang='lat' dir='ltr'><strong>S.</strong></span> <span class='ocrx_word' id='word_1_8' title='bbox 1119 864 1471 952; x_wconf 77' lang='lat' dir='ltr'><strong>MarieTrajectensiS,</strong></span> <span class='ocrx_word' id='word_1_9' title='bbox 1484 864 1687 933; x_wconf 90' lang='lat' dir='ltr'><strong>Leodiensis</strong></span> <span class='ocrx_word' id='word_1_10' title='bbox 1708 865 1857 944; x_wconf 88' lang='lat' dir='ltr'><strong>diocesis,</strong></span> 
     </span>
     <span class='ocr_line' id='line_1_3' title="bbox 490 972 1363 1059; baseline 0.005 -23"><span class='ocrx_word' id='word_1_11' title='bbox 490 974 552 1038; x_wconf 93' lang='lat' dir='ltr'><strong>sub</strong></span> <span class='ocrx_word' id='word_1_12' title='bbox 568 973 809 1058; x_wconf 83' lang='lat' dir='ltr'><strong>expectatione</strong></span> <span class='ocrx_word' id='word_1_13' title='bbox 823 972 1004 1059; x_wconf 88' lang='lat' dir='ltr'><strong>prebende.</strong></span> <span class='ocrx_word' id='word_1_14' title='bbox 1360 982 1363 987; x_wconf 83' lang='grc'><em>“</em></span> 
     </span>
    </p>

    <p class='ocr_par' dir='ltr' id='par_1_3' title="bbox 534 1075 777 1142">
     <span class='ocr_line' id='line_1_4' title="bbox 534 1075 777 1142; baseline -0.004 -2"><span class='ocrx_word' id='word_1_15' title='bbox 534 1075 589 1141; x_wconf 91' lang='lat' dir='ltr'><strong>Ad</strong></span> <span class='ocrx_word' id='word_1_16' title='bbox 604 1076 777 1142; x_wconf 90' lang='lat' dir='ltr'><strong>illorum...</strong></span> 
     </span>
    </p>

    <p class='ocr_par' dir='ltr' id='par_1_4' title="bbox 536 1179 1147 1259">
     <span class='ocr_line' id='line_1_5' title="bbox 536 1179 1147 1259; baseline 0 -15"><span class='ocrx_word' id='word_1_17' title='bbox 536 1179 615 1246; x_wconf 89' lang='lat' dir='ltr'><strong>Dat.</strong></span> <span class='ocrx_word' id='word_1_18' title='bbox 631 1179 731 1245; x_wconf 91' lang='lat' dir='ltr'><strong>Avin.</strong></span> <span class='ocrx_word' id='word_1_19' title='bbox 747 1179 900 1246; x_wconf 86' lang='lat' dir='ltr'><strong>kalendis</strong></span> <span class='ocrx_word' id='word_1_20' title='bbox 915 1179 994 1245; x_wconf 92' lang='lat' dir='ltr'><strong>maii</strong></span> <span class='ocrx_word' id='word_1_21' title='bbox 1011 1199 1101 1245; x_wconf 93' lang='lat' dir='ltr'><strong>anno</strong></span> <span class='ocrx_word' id='word_1_22' title='bbox 1118 1199 1147 1259; x_wconf 89' lang='lat'><strong>9.</strong></span> 
     </span>
    </p>

    <p class='ocr_par' dir='ltr' id='par_1_5' title="bbox 492 1278 1903 1473">
     <span class='ocr_line' id='line_1_6' title="bbox 537 1278 1860 1375; baseline 0.001 -29"><span class='ocrx_word' id='word_1_23' title='bbox 537 1281 577 1346; x_wconf 95' lang='lat' dir='ltr'><strong>ln</strong></span> <span class='ocrx_word' id='word_1_24' title='bbox 593 1303 622 1347; x_wconf 92' lang='lat' dir='ltr'><strong>e.</strong></span> <span class='ocrx_word' id='word_1_25' title='bbox 634 1303 679 1348; x_wconf 94' lang='lat' dir='ltr'><strong>m.</strong></span> <span class='ocrx_word' id='word_1_26' title='bbox 690 1282 722 1348; x_wconf 89' lang='lat' dir='ltr'><strong>S.</strong></span> <span class='ocrx_word' id='word_1_27' title='bbox 732 1282 752 1360; x_wconf 91' lang='lat' dir='ltr'>J</span> <span class='ocrx_word' id='word_1_28' title='bbox 755 1283 897 1349; x_wconf 88' lang='lat' dir='ltr'><strong>ohannis</strong></span> <span class='ocrx_word' id='word_1_29' title='bbox 912 1292 948 1349; x_wconf 92' lang='lat' dir='ltr'><strong>et</strong></span> <span class='ocrx_word' id='word_1_30' title='bbox 963 1283 995 1349; x_wconf 90' lang='lat' dir='ltr'><strong>S.</strong></span> <span class='ocrx_word' id='word_1_31' title='bbox 1012 1281 1152 1375; x_wconf 75' lang='lat' dir='ltr'><strong>Martini</strong></span> <span class='ocrx_word' id='word_1_32' title='bbox 1162 1280 1401 1349; x_wconf 92' lang='lat' dir='ltr'><strong>Leodiensium</strong></span> <span class='ocrx_word' id='word_1_33' title='bbox 1411 1278 1590 1368; x_wconf 91' lang='lat' dir='ltr'><strong>prepositis</strong></span> <span class='ocrx_word' id='word_1_34' title='bbox 1599 1300 1640 1347; x_wconf 89' lang='lat' dir='ltr'><strong>ac</strong></span> <span class='ocrx_word' id='word_1_35' title='bbox 1654 1279 1860 1367; x_wconf 88' lang='lat' dir='ltr'><strong>Raymundo</strong></span> 
     </span>
     <span class='ocr_line' id='line_1_7' title="bbox 492 1364 1903 1473; baseline -0.001 -22"><span class='ocrx_word' id='word_1_36' title='bbox 492 1384 638 1471; x_wconf 88' lang='lat' dir='ltr'><strong>Augerii,</strong></span> <span class='ocrx_word' id='word_1_37' title='bbox 654 1386 820 1453; x_wconf 89' lang='lat' dir='ltr'><strong>canonico</strong></span> <span class='ocrx_word' id='word_1_38' title='bbox 834 1385 1039 1472; x_wconf 85' lang='lat' dir='ltr'><strong>Agathensis</strong></span> <span class='ocrx_word' id='word_1_39' title='bbox 1054 1385 1283 1452; x_wconf 88' lang='lat' dir='ltr'><strong>ecclesiarum.</strong></span> <span class='ocrx_word' id='word_1_40' title='bbox 1901 1364 1903 1473; x_wconf 71' lang='lat' dir='ltr'><strong>i</strong></span> 
     </span>
    </p>
   </div>
   <div class='ocr_carea' id='block_1_3' title="bbox 526 1523 1154 1585">
    <p class='ocr_par' dir='ltr' id='par_1_6' title="bbox 526 1523 1154 1585">
     <span class='ocr_line' id='line_1_8' title="bbox 526 1523 1154 1585; baseline 0.005 -14"><span class='ocrx_word' id='word_1_41' title='bbox 526 1523 587 1585; x_wconf 83' lang='lat' dir='ltr'><strong>Reg.</strong></span> <span class='ocrx_word' id='word_1_42' title='bbox 598 1525 646 1572; x_wconf 83' lang='lat' dir='ltr'><strong>Av.</strong></span> <span class='ocrx_word' id='word_1_43' title='bbox 659 1525 698 1582; x_wconf 84' lang='lat'><strong>23,</strong></span> <span class='ocrx_word' id='word_1_44' title='bbox 710 1523 729 1572; x_wconf 76' lang='lat' dir='ltr'><strong>f.</strong></span> <span class='ocrx_word' id='word_1_45' title='bbox 741 1525 789 1572; x_wconf 81' lang='lat'><strong>416</strong></span> <span class='ocrx_word' id='word_1_46' title='bbox 799 1539 805 1582; x_wconf 87' lang='lat'><strong>;</strong></span> <span class='ocrx_word' id='word_1_47' title='bbox 817 1523 877 1573; x_wconf 81' lang='lat' dir='ltr'><strong>Vat.</strong></span> <span class='ocrx_word' id='word_1_48' title='bbox 890 1526 929 1582; x_wconf 83' lang='grc'><strong>79,</strong></span> <span class='ocrx_word' id='word_1_49' title='bbox 942 1524 961 1573; x_wconf 80' lang='lat' dir='ltr'><strong>f.</strong></span> <span class='ocrx_word' id='word_1_50' title='bbox 973 1524 1028 1584; x_wconf 80' lang='lat'><strong>289,</strong></span> <span class='ocrx_word' id='word_1_51' title='bbox 1040 1536 1066 1573; x_wconf 87' lang='lat' dir='ltr'><strong>n.</strong></span> <span class='ocrx_word' id='word_1_52' title='bbox 1081 1524 1154 1575; x_wconf 80' lang='lat'><strong>2059.</strong></span> 
     </span>
    </p>
   </div>
   <div class='ocr_carea' id='block_1_4' title="bbox 494 1685 1859 2408">
    <p class='ocr_par' dir='ltr' id='par_1_7' title="bbox 540 1685 1820 1782">
     <span class='ocr_line' id='line_1_9' title="bbox 540 1685 1820 1782; baseline 0 -17"><span class='ocrx_word' id='word_1_53' title='bbox 540 1685 682 1769; x_wconf 85' lang='grc'>1537.</span> <span class='ocrx_word' id='word_1_54' title='bbox 1133 1687 1136 1692; x_wconf 57' lang='grc'><strong>’</strong></span> <span class='ocrx_word' id='word_1_55' title='bbox 1583 1718 1721 1782; x_wconf 84' lang='grc'><em>1325,1</em></span> <span class='ocrx_word' id='word_1_56' title='bbox 1741 1702 1820 1766; x_wconf 86' lang='lat' dir='ltr'><strong>mai.</strong></span> 
     </span>
    </p>

    <p class='ocr_par' dir='ltr' id='par_1_8' title="bbox 495 1800 1857 1993">
     <span class='ocr_line' id='line_1_10' title="bbox 537 1800 1857 1884; baseline 0 -16"><span class='ocrx_word' id='word_1_57' title='bbox 537 1803 699 1884; x_wconf 90' lang='lat' dir='ltr'><strong>Waltero,</strong></span> <span class='ocrx_word' id='word_1_58' title='bbox 715 1811 796 1868; x_wconf 91' lang='lat' dir='ltr'><strong>nato</strong></span> <span class='ocrx_word' id='word_1_59' title='bbox 811 1802 831 1880; x_wconf 93' lang='lat' dir='ltr'>J</span> <span class='ocrx_word' id='word_1_60' title='bbox 834 1803 930 1869; x_wconf 89' lang='lat' dir='ltr'><strong>acobi</strong></span> <span class='ocrx_word' id='word_1_61' title='bbox 945 1802 988 1868; x_wconf 90' lang='lat' dir='ltr'><strong>de</strong></span> <span class='ocrx_word' id='word_1_62' title='bbox 1004 1800 1098 1883; x_wconf 89' lang='lat' dir='ltr'><strong>Taw,</strong></span> <span class='ocrx_word' id='word_1_63' title='bbox 1114 1801 1285 1867; x_wconf 86' lang='lat' dir='ltr'><strong>confertur</strong></span> <span class='ocrx_word' id='word_1_64' title='bbox 1300 1802 1518 1869; x_wconf 86' lang='lat' dir='ltr'><strong>canonicatus</strong></span> <span class='ocrx_word' id='word_1_65' title='bbox 1544 1803 1703 1869; x_wconf 89' lang='lat' dir='ltr'><strong>secularis</strong></span> <span class='ocrx_word' id='word_1_66' title='bbox 1720 1804 1857 1871; x_wconf 86' lang='lat' dir='ltr'><strong>ecclesie</strong></span> 
     </span>
     <span class='ocr_line' id='line_1_11' title="bbox 495 1904 1857 1993; baseline 0 -21"><span class='ocrx_word' id='word_1_67' title='bbox 495 1907 527 1975; x_wconf 93' lang='lat' dir='ltr'><strong>S.</strong></span> <span class='ocrx_word' id='word_1_68' title='bbox 543 1906 717 1972; x_wconf 89' lang='lat' dir='ltr'><strong>Gertrudis</strong></span> <span class='ocrx_word' id='word_1_69' title='bbox 733 1905 947 1987; x_wconf 85' lang='lat' dir='ltr'><strong>Nivellensis,</strong></span> <span class='ocrx_word' id='word_1_70' title='bbox 963 1904 1160 1972; x_wconf 89' lang='lat' dir='ltr'><strong>Leodiensis</strong></span> <span class='ocrx_word' id='word_1_71' title='bbox 1176 1905 1328 1986; x_wconf 91' lang='lat' dir='ltr'><strong>diocesis,</strong></span> <span class='ocrx_word' id='word_1_72' title='bbox 1345 1908 1405 1971; x_wconf 91' lang='lat' dir='ltr'><strong>sub</strong></span> <span class='ocrx_word' id='word_1_73' title='bbox 1422 1906 1661 1991; x_wconf 84' lang='lat' dir='ltr'><strong>expectatione</strong></span> <span class='ocrx_word' id='word_1_74' title='bbox 1677 1908 1857 1993; x_wconf 88' lang='lat' dir='ltr'><strong>prebende.</strong></span> 
     </span>
    </p>

    <p class='ocr_par' dir='ltr' id='par_1_9' title="bbox 538 2010 830 2077">
     <span class='ocr_line' id='line_1_12' title="bbox 538 2010 830 2077; baseline -0.007 -1"><span class='ocrx_word' id='word_1_75' title='bbox 538 2011 713 2077; x_wconf 86' lang='lat' dir='ltr'><strong>Attributa</strong></span> <span class='ocrx_word' id='word_1_76' title='bbox 728 2010 830 2075; x_wconf 90' lang='lat' dir='ltr'><strong>tibi...</strong></span> 
     </span>
    </p>

    <p class='ocr_par' dir='ltr' id='par_1_10' title="bbox 540 2112 1152 2196">
     <span class='ocr_line' id='line_1_13' title="bbox 540 2112 1152 2196; baseline 0.003 -18"><span class='ocrx_word' id='word_1_77' title='bbox 540 2114 618 2180; x_wconf 89' lang='lat' dir='ltr'><strong>Dat.</strong></span> <span class='ocrx_word' id='word_1_78' title='bbox 633 2114 734 2179; x_wconf 86' lang='lat' dir='ltr'><strong>Avin.</strong></span> <span class='ocrx_word' id='word_1_79' title='bbox 750 2112 904 2179; x_wconf 90' lang='lat' dir='ltr'><strong>kalendis</strong></span> <span class='ocrx_word' id='word_1_80' title='bbox 919 2113 997 2179; x_wconf 92' lang='lat' dir='ltr'><strong>maii</strong></span> <span class='ocrx_word' id='word_1_81' title='bbox 1014 2134 1105 2179; x_wconf 90' lang='lat' dir='ltr'><strong>anno</strong></span> <span class='ocrx_word' id='word_1_82' title='bbox 1122 2134 1152 2196; x_wconf 91' lang='lat'><strong>9.</strong></span> 
     </span>
    </p>

    <p class='ocr_par' dir='ltr' id='par_1_11' title="bbox 494 2215 1859 2408">
     <span class='ocr_line' id='line_1_14' title="bbox 540 2215 1859 2305; baseline 0.003 -22"><span class='ocrx_word' id='word_1_83' title='bbox 540 2217 580 2283; x_wconf 94' lang='lat' dir='ltr'><strong>ln</strong></span> <span class='ocrx_word' id='word_1_84' title='bbox 596 2240 625 2285; x_wconf 93' lang='lat' dir='ltr'><strong>e.</strong></span> <span class='ocrx_word' id='word_1_85' title='bbox 641 2239 685 2283; x_wconf 90' lang='lat' dir='ltr'><strong>m.</strong></span> <span class='ocrx_word' id='word_1_86' title='bbox 702 2217 731 2283; x_wconf 90' lang='lat' dir='ltr'><strong>S.</strong></span> <span class='ocrx_word' id='word_1_87' title='bbox 747 2216 767 2294; x_wconf 94' lang='lat' dir='ltr'>J</span> <span class='ocrx_word' id='word_1_88' title='bbox 770 2217 913 2283; x_wconf 91' lang='lat' dir='ltr'><strong>ohannis</strong></span> <span class='ocrx_word' id='word_1_89' title='bbox 928 2225 963 2283; x_wconf 94' lang='lat' dir='ltr'><strong>et</strong></span> <span class='ocrx_word' id='word_1_90' title='bbox 970 2217 1002 2284; x_wconf 90' lang='lat' dir='ltr'><strong>S.</strong></span> <span class='ocrx_word' id='word_1_91' title='bbox 1016 2215 1156 2284; x_wconf 91' lang='lat' dir='ltr'><strong>Martini</strong></span> <span class='ocrx_word' id='word_1_92' title='bbox 1166 2216 1403 2285; x_wconf 90' lang='lat' dir='ltr'><strong>Leodiensium</strong></span> <span class='ocrx_word' id='word_1_93' title='bbox 1413 2218 1591 2305; x_wconf 88' lang='lat' dir='ltr'><strong>prepositis</strong></span> <span class='ocrx_word' id='word_1_94' title='bbox 1600 2238 1640 2285; x_wconf 89' lang='lat' dir='ltr'><strong>ac</strong></span> <span class='ocrx_word' id='word_1_95' title='bbox 1654 2218 1859 2305; x_wconf 87' lang='lat' dir='ltr'><strong>Raymundo</strong></span> 
     </span>
     <span class='ocr_line' id='line_1_15' title="bbox 494 2320 1283 2408; baseline -0.003 -20"><span class='ocrx_word' id='word_1_96' title='bbox 494 2322 640 2408; x_wconf 86' lang='lat' dir='ltr'><strong>Augerii,</strong></span> <span class='ocrx_word' id='word_1_97' title='bbox 656 2321 823 2388; x_wconf 87' lang='lat' dir='ltr'><strong>canonico</strong></span> <span class='ocrx_word' id='word_1_98' title='bbox 838 2320 1041 2407; x_wconf 84' lang='lat' dir='ltr'><strong>Agathensis</strong></span> <span class='ocrx_word' id='word_1_99' title='bbox 1056 2321 1283 2388; x_wconf 89' lang='lat' dir='ltr'><strong>ecelesiarum.</strong></span> 
     </span>
    </p>
   </div>
   <div class='ocr_carea' id='block_1_5' title="bbox 487 2424 1173 2513">
    <p class='ocr_par' dir='ltr' id='par_1_12' title="bbox 487 2424 1173 2513">
     <span class='ocr_line' id='line_1_16' title="bbox 487 2424 1173 2513; baseline 0 -14"><span class='ocrx_word' id='word_1_100' title='bbox 487 2424 503 2495; x_wconf 69' lang='grc'><strong>’.</strong></span> <span class='ocrx_word' id='word_1_101' title='bbox 528 2452 589 2513; x_wconf 74' lang='lat' dir='ltr'><strong>neg.</strong></span> <span class='ocrx_word' id='word_1_102' title='bbox 602 2453 649 2500; x_wconf 77' lang='lat' dir='ltr'><strong>nv.</strong></span> <span class='ocrx_word' id='word_1_103' title='bbox 664 2449 947 2510; x_wconf 69' lang='lat' dir='ltr'><strong>23,f.416&#39;;Vat.79,</strong></span> <span class='ocrx_word' id='word_1_104' title='bbox 961 2450 1049 2510; x_wconf 72' lang='grc'><em>1119,</em></span> <span class='ocrx_word' id='word_1_105' title='bbox 1064 2465 1088 2499; x_wconf 83' lang='lat' dir='ltr'><strong>n.</strong></span> <span class='ocrx_word' id='word_1_106' title='bbox 1101 2451 1173 2499; x_wconf 75' lang='lat' dir='ltr'><strong>roso.</strong></span> 
     </span>
    </p>
   </div>
   <div class='ocr_carea' id='block_1_6' title="bbox 489 2611 1857 3537">
    <p class='ocr_par' dir='ltr' id='par_1_13' title="bbox 542 2611 1819 2711">
     <span class='ocr_line' id='line_1_17' title="bbox 542 2611 1819 2711; baseline 0.004 -19"><span class='ocrx_word' id='word_1_107' title='bbox 542 2611 685 2697; x_wconf 82' lang='grc'>1538-</span> <span class='ocrx_word' id='word_1_108' title='bbox 1587 2647 1684 2711; x_wconf 89' lang='grc'><em>1325,</em></span> <span class='ocrx_word' id='word_1_109' title='bbox 1701 2650 1720 2694; x_wconf 87' lang='grc'><em>1</em></span> <span class='ocrx_word' id='word_1_110' title='bbox 1740 2632 1819 2698; x_wconf 82' lang='lat' dir='ltr'><strong>mai.</strong></span> 
     </span>
    </p>

    <p class='ocr_par' dir='ltr' id='par_1_14' title="bbox 495 2728 1857 3335">
     <span class='ocr_line' id='line_1_18' title="bbox 540 2728 1856 2818; baseline 0.002 -23"><span class='ocrx_word' id='word_1_111' title='bbox 540 2730 572 2796; x_wconf 92' lang='lat' dir='ltr'><strong>S.</strong></span> <span class='ocrx_word' id='word_1_112' title='bbox 587 2728 607 2806; x_wconf 93' lang='lat' dir='ltr'>J</span> <span class='ocrx_word' id='word_1_113' title='bbox 611 2730 753 2797; x_wconf 90' lang='lat' dir='ltr'><strong>ohannis</strong></span> <span class='ocrx_word' id='word_1_114' title='bbox 768 2738 803 2797; x_wconf 92' lang='lat' dir='ltr'><strong>et</strong></span> <span class='ocrx_word' id='word_1_115' title='bbox 819 2730 850 2796; x_wconf 92' lang='lat' dir='ltr'><strong>S.</strong></span> <span class='ocrx_word' id='word_1_116' title='bbox 862 2728 1000 2796; x_wconf 88' lang='lat' dir='ltr'><strong>Martini</strong></span> <span class='ocrx_word' id='word_1_117' title='bbox 1012 2730 1249 2798; x_wconf 88' lang='lat' dir='ltr'><strong>Leodiensium</strong></span> <span class='ocrx_word' id='word_1_118' title='bbox 1259 2731 1437 2818; x_wconf 93' lang='lat' dir='ltr'><strong>prepositis</strong></span> <span class='ocrx_word' id='word_1_119' title='bbox 1446 2751 1486 2798; x_wconf 89' lang='lat' dir='ltr'><strong>ac</strong></span> <span class='ocrx_word' id='word_1_120' title='bbox 1497 2731 1704 2816; x_wconf 89' lang='lat' dir='ltr'><strong>Raymundo</strong></span> <span class='ocrx_word' id='word_1_121' title='bbox 1713 2734 1856 2818; x_wconf 88' lang='lat' dir='ltr'><strong>Augerii,</strong></span> 
     </span>
     <span class='ocr_line' id='line_1_19' title="bbox 496 2833 1857 2920; baseline 0.002 -21"><span class='ocrx_word' id='word_1_122' title='bbox 496 2833 661 2899; x_wconf 88' lang='lat' dir='ltr'><strong>canonico</strong></span> <span class='ocrx_word' id='word_1_123' title='bbox 675 2834 877 2918; x_wconf 88' lang='lat' dir='ltr'><strong>Agathensis</strong></span> <span class='ocrx_word' id='word_1_124' title='bbox 902 2834 1130 2916; x_wconf 91' lang='lat' dir='ltr'><strong>ecclesiarum,</strong></span> <span class='ocrx_word' id='word_1_125' title='bbox 1154 2834 1334 2901; x_wconf 90' lang='lat' dir='ltr'><strong>mandatur</strong></span> <span class='ocrx_word' id='word_1_126' title='bbox 1355 2842 1520 2920; x_wconf 88' lang='lat' dir='ltr'><strong>quatenus</strong></span> <span class='ocrx_word' id='word_1_127' title='bbox 1545 2834 1724 2901; x_wconf 82' lang='lat' dir='ltr'><strong>conferant</strong></span> <span class='ocrx_word' id='word_1_128' title='bbox 1750 2835 1857 2902; x_wconf 91' lang='lat' dir='ltr'><strong>Theo·</strong></span> 
     </span>
     <span class='ocr_line' id='line_1_20' title="bbox 495 2936 1857 3020; baseline 0.001 -18"><span class='ocrx_word' id='word_1_129' title='bbox 495 2936 618 3018; x_wconf 91' lang='lat' dir='ltr'><strong>derico,</strong></span> <span class='ocrx_word' id='word_1_130' title='bbox 634 2945 716 3002; x_wconf 94' lang='lat' dir='ltr'><strong>nato</strong></span> <span class='ocrx_word' id='word_1_131' title='bbox 730 2937 913 3004; x_wconf 84' lang='lat' dir='ltr'><strong>Alexandri</strong></span> <span class='ocrx_word' id='word_1_132' title='bbox 936 2938 979 3003; x_wconf 89' lang='lat' dir='ltr'><strong>de</strong></span> <span class='ocrx_word' id='word_1_133' title='bbox 1004 2937 1162 3020; x_wconf 91' lang='lat' dir='ltr'><strong>Hotines,</strong></span> <span class='ocrx_word' id='word_1_134' title='bbox 1178 2939 1300 3005; x_wconf 89' lang='lat' dir='ltr'><strong>clerico</strong></span> <span class='ocrx_word' id='word_1_135' title='bbox 1326 2937 1523 3004; x_wconf 92' lang='lat' dir='ltr'><strong>Leodiensis</strong></span> <span class='ocrx_word' id='word_1_136' title='bbox 1549 2938 1705 3020; x_wconf 91' lang='lat' dir='ltr'><strong>diocesis,</strong></span> <span class='ocrx_word' id='word_1_137' title='bbox 1723 2940 1857 3005; x_wconf 90' lang='lat' dir='ltr'><strong>canoni-</strong></span> 
     </span>
     <span class='ocr_line' id='line_1_21' title="bbox 496 3040 1857 3130; baseline 0.003 -24"><span class='ocrx_word' id='word_1_138' title='bbox 496 3047 609 3106; x_wconf 90' lang='lat' dir='ltr'><strong>catum</strong></span> <span class='ocrx_word' id='word_1_139' title='bbox 633 3041 775 3107; x_wconf 89' lang='lat' dir='ltr'><strong>ecclesie</strong></span> <span class='ocrx_word' id='word_1_140' title='bbox 792 3041 823 3108; x_wconf 89' lang='lat' dir='ltr'><strong>S.</strong></span> <span class='ocrx_word' id='word_1_141' title='bbox 840 3041 980 3107; x_wconf 85' lang='lat' dir='ltr'><strong>Servatii</strong></span> <span class='ocrx_word' id='word_1_142' title='bbox 996 3040 1231 3128; x_wconf 76' lang='lat' dir='ltr'><strong>TrajectensiS,</strong></span> <span class='ocrx_word' id='word_1_143' title='bbox 1248 3041 1445 3109; x_wconf 91' lang='lat' dir='ltr'><strong>Leodiensis</strong></span> <span class='ocrx_word' id='word_1_144' title='bbox 1460 3040 1612 3123; x_wconf 91' lang='lat' dir='ltr'><strong>diocesis,</strong></span> <span class='ocrx_word' id='word_1_145' title='bbox 1625 3044 1688 3107; x_wconf 92' lang='lat' dir='ltr'><strong>sub</strong></span> <span class='ocrx_word' id='word_1_146' title='bbox 1701 3053 1857 3130; x_wconf 86' lang='lat' dir='ltr'><strong>expecta·</strong></span> 
     </span>
     <span class='ocr_line' id='line_1_22' title="bbox 495 3144 1857 3231; baseline 0.003 -22"><span class='ocrx_word' id='word_1_147' title='bbox 495 3144 588 3210; x_wconf 91' lang='lat' dir='ltr'><strong>tione</strong></span> <span class='ocrx_word' id='word_1_148' title='bbox 614 3145 795 3230; x_wconf 90' lang='lat' dir='ltr'><strong>prebende,</strong></span> <span class='ocrx_word' id='word_1_149' title='bbox 819 3145 1004 3211; x_wconf 89' lang='lat' dir='ltr'><strong>dummodo</strong></span> <span class='ocrx_word' id='word_1_150' title='bbox 1031 3147 1065 3210; x_wconf 94' lang='lat' dir='ltr'><strong>in</strong></span> <span class='ocrx_word' id='word_1_151' title='bbox 1095 3146 1185 3212; x_wconf 90' lang='lat' dir='ltr'><strong>dicta</strong></span> <span class='ocrx_word' id='word_1_152' title='bbox 1220 3147 1361 3211; x_wconf 89' lang='lat' dir='ltr'><strong>ecclesia</strong></span> <span class='ocrx_word' id='word_1_153' title='bbox 1392 3144 1636 3231; x_wconf 86' lang='lat' dir='ltr'><strong>prebendarum</strong></span> <span class='ocrx_word' id='word_1_154' title='bbox 1653 3148 1798 3213; x_wconf 92' lang='lat' dir='ltr'><strong>collatio</strong></span> <span class='ocrx_word' id='word_1_155' title='bbox 1821 3146 1857 3213; x_wconf 89' lang='lat' dir='ltr'><strong>ad</strong></span> 
     </span>
     <span class='ocr_line' id='line_1_23' title="bbox 496 3247 1215 3335; baseline 0.004 -24"><span class='ocrx_word' id='word_1_156' title='bbox 496 3247 694 3333; x_wconf 90' lang='lat' dir='ltr'><strong>episcopum</strong></span> <span class='ocrx_word' id='word_1_157' title='bbox 710 3247 935 3314; x_wconf 88' lang='lat' dir='ltr'><strong>Leodiensem</strong></span> <span class='ocrx_word' id='word_1_158' title='bbox 951 3269 1020 3314; x_wconf 92' lang='lat' dir='ltr'><strong>non</strong></span> <span class='ocrx_word' id='word_1_159' title='bbox 1037 3250 1215 3335; x_wconf 89' lang='lat' dir='ltr'><strong>pertineat.</strong></span> 
     </span>
    </p>

    <p class='ocr_par' dir='ltr' id='par_1_15' title="bbox 489 3350 1152 3537">
     <span class='ocr_line' id='line_1_24' title="bbox 540 3350 905 3417; baseline 0.003 -2"><span class='ocrx_word' id='word_1_160' title='bbox 540 3350 722 3417; x_wconf 90' lang='lat' dir='ltr'><strong>Probitatis</strong></span> <span class='ocrx_word' id='word_1_161' title='bbox 737 3353 905 3417; x_wconf 90' lang='lat' dir='ltr'><strong>meritis...</strong></span> 
     </span>
     <span class='ocr_line' id='line_1_25' title="bbox 489 3453 1152 3537; baseline 0.005 -19"><span class='ocrx_word' id='word_1_162' title='bbox 489 3478 494 3487; x_wconf 84' lang='grc'>·</span> <span class='ocrx_word' id='word_1_163' title='bbox 540 3453 619 3519; x_wconf 93' lang='lat' dir='ltr'><strong>Dat.</strong></span> <span class='ocrx_word' id='word_1_164' title='bbox 634 3454 734 3520; x_wconf 86' lang='lat' dir='ltr'><strong>Avin.</strong></span> <span class='ocrx_word' id='word_1_165' title='bbox 751 3455 904 3521; x_wconf 82' lang='lat' dir='ltr'><strong>kalendis</strong></span> <span class='ocrx_word' id='word_1_166' title='bbox 920 3456 997 3521; x_wconf 91' lang='lat' dir='ltr'><strong>maii</strong></span> <span class='ocrx_word' id='word_1_167' title='bbox 1015 3476 1105 3521; x_wconf 92' lang='lat' dir='ltr'><strong>anno</strong></span> <span class='ocrx_word' id='word_1_168' title='bbox 1123 3477 1152 3537; x_wconf 90' lang='lat'><strong>9.</strong></span> 
     </span>
    </p>
   </div>
   <div class='ocr_carea' id='block_1_7' title="bbox 529 3592 1161 3654">
    <p class='ocr_par' dir='ltr' id='par_1_16' title="bbox 529 3592 1161 3654">
     <span class='ocr_line' id='line_1_26' title="bbox 529 3592 1161 3654; baseline 0.006 -15"><span class='ocrx_word' id='word_1_169' title='bbox 529 3592 589 3653; x_wconf 74' lang='lat' dir='ltr'><strong>neg.</strong></span> <span class='ocrx_word' id='word_1_170' title='bbox 604 3595 652 3641; x_wconf 75' lang='lat' dir='ltr'><strong>nv.</strong></span> <span class='ocrx_word' id='word_1_171' title='bbox 668 3595 707 3646; x_wconf 80' lang='lat'><strong>23.</strong></span> <span class='ocrx_word' id='word_1_172' title='bbox 720 3593 738 3641; x_wconf 82' lang='lat' dir='ltr'><strong>f.</strong></span> <span class='ocrx_word' id='word_1_173' title='bbox 751 3594 798 3640; x_wconf 76' lang='lat'><strong>422</strong></span> <span class='ocrx_word' id='word_1_174' title='bbox 810 3609 815 3649; x_wconf 89' lang='lat'>;</span> <span class='ocrx_word' id='word_1_175' title='bbox 828 3593 887 3643; x_wconf 64' lang='grc' dir='ltr'><strong>ναι.</strong></span> <span class='ocrx_word' id='word_1_176' title='bbox 900 3596 937 3653; x_wconf 76' lang='lat' dir='ltr'><strong>ru,</strong></span> <span class='ocrx_word' id='word_1_177' title='bbox 951 3593 969 3642; x_wconf 84' lang='grc'><strong>1.</strong></span> <span class='ocrx_word' id='word_1_178' title='bbox 982 3595 1037 3654; x_wconf 76' lang='lat' dir='ltr'><strong>aas,</strong></span> <span class='ocrx_word' id='word_1_179' title='bbox 1050 3608 1076 3643; x_wconf 84' lang='lat' dir='ltr'><strong>n.</strong></span> <span class='ocrx_word' id='word_1_180' title='bbox 1089 3595 1161 3643; x_wconf 72' lang='lat'><strong>2083.</strong></span> 
     </span>
    </p>
   </div>
   <div class='ocr_carea' id='block_1_8' title="bbox 543 3753 1816 3855">
    <p class='ocr_par' dir='ltr' id='par_1_17' title="bbox 543 3753 1816 3855">
     <span class='ocr_line' id='line_1_27' title="bbox 543 3753 1816 3855; baseline 0.004 -20"><span class='ocrx_word' id='word_1_181' title='bbox 543 3753 685 3837; x_wconf 85' lang='lat'><strong>1539.</strong></span> <span class='ocrx_word' id='word_1_182' title='bbox 1587 3790 1718 3855; x_wconf 66' lang='grc'><em>13251</em></span> <span class='ocrx_word' id='word_1_183' title='bbox 1737 3778 1816 3841; x_wconf 85' lang='lat' dir='ltr'><strong>mai.</strong></span> 
     </span>
    </p>
   </div>
   <div class='ocr_carea' id='block_1_9' title="bbox 494 3871 1857 4375">
    <p class='ocr_par' dir='ltr' id='par_1_18' title="bbox 494 3871 1857 4375">
     <span class='ocr_line' id='line_1_28' title="bbox 533 3871 1857 3962; baseline 0.007 -26"><span class='ocrx_word' id='word_1_184' title='bbox 533 3872 571 3936; x_wconf 92' lang='lat' dir='ltr'><strong>·S.</strong></span> <span class='ocrx_word' id='word_1_185' title='bbox 598 3871 764 3949; x_wconf 90' lang='lat' dir='ltr'><strong>Johannis</strong></span> <span class='ocrx_word' id='word_1_186' title='bbox 779 3881 812 3938; x_wconf 92' lang='lat' dir='ltr'><strong>et</strong></span> <span class='ocrx_word' id='word_1_187' title='bbox 847 3872 879 3938; x_wconf 88' lang='lat' dir='ltr'><strong>S.</strong></span> <span class='ocrx_word' id='word_1_188' title='bbox 916 3872 1055 3939; x_wconf 90' lang='lat' dir='ltr'><strong>Martini</strong></span> <span class='ocrx_word' id='word_1_189' title='bbox 1091 3872 1328 3941; x_wconf 90' lang='lat' dir='ltr'><strong>Leodiensium</strong></span> <span class='ocrx_word' id='word_1_190' title='bbox 1363 3875 1541 3962; x_wconf 92' lang='lat' dir='ltr'><strong>prepositis</strong></span> <span class='ocrx_word' id='word_1_191' title='bbox 1577 3895 1616 3941; x_wconf 94' lang='lat' dir='ltr'><strong>ac</strong></span> <span class='ocrx_word' id='word_1_192' title='bbox 1653 3875 1857 3961; x_wconf 89' lang='lat' dir='ltr'><strong>Raymundo</strong></span> 
     </span>
     <span class='ocr_line' id='line_1_29' title="bbox 494 3975 1855 4062; baseline 0.003 -21"><span class='ocrx_word' id='word_1_193' title='bbox 494 3975 640 4061; x_wconf 85' lang='lat' dir='ltr'><strong>Augerii,</strong></span> <span class='ocrx_word' id='word_1_194' title='bbox 656 3976 820 4042; x_wconf 90' lang='lat' dir='ltr'><strong>canonico</strong></span> <span class='ocrx_word' id='word_1_195' title='bbox 836 3977 1041 4062; x_wconf 86' lang='lat' dir='ltr'><strong>Agathensis</strong></span> <span class='ocrx_word' id='word_1_196' title='bbox 1056 3977 1287 4059; x_wconf 88' lang='lat' dir='ltr'><strong>ecclesiarum,</strong></span> <span class='ocrx_word' id='word_1_197' title='bbox 1304 3979 1484 4045; x_wconf 88' lang='lat' dir='ltr'><strong>mandatur</strong></span> <span class='ocrx_word' id='word_1_198' title='bbox 1499 3986 1664 4062; x_wconf 91' lang='lat' dir='ltr'><strong>quatenus</strong></span> <span class='ocrx_word' id='word_1_199' title='bbox 1681 3980 1855 4046; x_wconf 88' lang='lat' dir='ltr'><strong>conferant</strong></span> 
     </span>
     <span class='ocr_line' id='line_1_30' title="bbox 494 4078 1856 4168; baseline 0.004 -25"><span class='ocrx_word' id='word_1_200' title='bbox 494 4078 629 4168; x_wconf 89' lang='lat' dir='ltr'><strong>Andree</strong></span> <span class='ocrx_word' id='word_1_201' title='bbox 644 4078 687 4144; x_wconf 90' lang='lat' dir='ltr'><strong>de</strong></span> <span class='ocrx_word' id='word_1_202' title='bbox 702 4080 838 4162; x_wconf 83' lang='lat' dir='ltr'><strong>Awans,</strong></span> <span class='ocrx_word' id='word_1_203' title='bbox 853 4080 1039 4167; x_wconf 90' lang='lat' dir='ltr'><strong>presbitero</strong></span> <span class='ocrx_word' id='word_1_204' title='bbox 1055 4080 1244 4164; x_wconf 88' lang='lat' dir='ltr'><strong>Leodiensi,</strong></span> <span class='ocrx_word' id='word_1_205' title='bbox 1270 4083 1505 4148; x_wconf 87' lang='lat' dir='ltr'><strong>canonicatum</strong></span> <span class='ocrx_word' id='word_1_206' title='bbox 1529 4082 1669 4148; x_wconf 91' lang='lat' dir='ltr'><strong>ecclesie</strong></span> <span class='ocrx_word' id='word_1_207' title='bbox 1696 4082 1735 4148; x_wconf 92' lang='lat' dir='ltr'><strong>B.</strong></span> <span class='ocrx_word' id='word_1_208' title='bbox 1753 4081 1856 4149; x_wconf 91' lang='lat' dir='ltr'><strong>Marie</strong></span> 
     </span>
     <span class='ocr_line' id='line_1_31' title="bbox 494 4180 1856 4270; baseline 0.001 -23"><span class='ocrx_word' id='word_1_209' title='bbox 494 4183 671 4266; x_wconf 88' lang='lat' dir='ltr'><strong>Aquensis,</strong></span> <span class='ocrx_word' id='word_1_210' title='bbox 687 4180 884 4249; x_wconf 91' lang='lat' dir='ltr'><strong>Leodiensis</strong></span> <span class='ocrx_word' id='word_1_211' title='bbox 910 4183 1062 4265; x_wconf 90' lang='lat' dir='ltr'><strong>diocesis,</strong></span> <span class='ocrx_word' id='word_1_212' title='bbox 1079 4187 1140 4249; x_wconf 89' lang='lat' dir='ltr'><strong>sub</strong></span> <span class='ocrx_word' id='word_1_213' title='bbox 1157 4186 1393 4270; x_wconf 88' lang='lat' dir='ltr'><strong>expectatione</strong></span> <span class='ocrx_word' id='word_1_214' title='bbox 1408 4185 1590 4270; x_wconf 88' lang='lat' dir='ltr'><strong>prebende,</strong></span> <span class='ocrx_word' id='word_1_215' title='bbox 1616 4185 1806 4253; x_wconf 89' lang='lat' dir='ltr'><strong>dummodo</strong></span> <span class='ocrx_word' id='word_1_216' title='bbox 1827 4187 1856 4251; x_wconf 90' lang='lat' dir='ltr'><strong>in</strong></span> 
     </span>
     <span class='ocr_line' id='line_1_32' title="bbox 495 4285 1856 4375; baseline 0.002 -24"><span class='ocrx_word' id='word_1_217' title='bbox 495 4285 586 4351; x_wconf 91' lang='lat' dir='ltr'><strong>dicta</strong></span> <span class='ocrx_word' id='word_1_218' title='bbox 612 4286 753 4351; x_wconf 89' lang='lat' dir='ltr'><strong>ecclesia</strong></span> <span class='ocrx_word' id='word_1_219' title='bbox 778 4287 1022 4372; x_wconf 91' lang='lat' dir='ltr'><strong>prebendarum</strong></span> <span class='ocrx_word' id='word_1_220' title='bbox 1049 4287 1187 4353; x_wconf 91' lang='lat' dir='ltr'><strong>collatio</strong></span> <span class='ocrx_word' id='word_1_221' title='bbox 1214 4309 1282 4353; x_wconf 94' lang='lat' dir='ltr'><strong>non</strong></span> <span class='ocrx_word' id='word_1_222' title='bbox 1307 4289 1473 4375; x_wconf 89' lang='lat' dir='ltr'><strong>pertineat</strong></span> <span class='ocrx_word' id='word_1_223' title='bbox 1501 4288 1544 4354; x_wconf 94' lang='lat' dir='ltr'><strong>ad</strong></span> <span class='ocrx_word' id='word_1_224' title='bbox 1560 4287 1760 4374; x_wconf 89' lang='lat' dir='ltr'><strong>episcopum</strong></span> <span class='ocrx_word' id='word_1_225' title='bbox 1777 4289 1856 4355; x_wconf 92' lang='lat' dir='ltr'><strong>Leo·</strong></span> 
     </span>
    </p>
   </div>
   <div class='ocr_carea' id='block_1_10' title="bbox 495 4388 1858 4661">
    <p class='ocr_par' dir='ltr' id='par_1_19' title="bbox 495 4388 1858 4661">
     <span class='ocr_line' id='line_1_33' title="bbox 496 4388 1858 4480; baseline 0.003 -27"><span class='ocrx_word' id='word_1_226' title='bbox 496 4388 657 4470; x_wconf 89' lang='lat' dir='ltr'><strong>diensem,</strong></span> <span class='ocrx_word' id='word_1_227' title='bbox 672 4409 742 4453; x_wconf 92' lang='lat' dir='ltr'><strong>non</strong></span> <span class='ocrx_word' id='word_1_228' title='bbox 758 4391 914 4455; x_wconf 89' lang='lat' dir='ltr'><strong>obstante</strong></span> <span class='ocrx_word' id='word_1_229' title='bbox 930 4390 1020 4474; x_wconf 93' lang='lat' dir='ltr'><strong>quod</strong></span> <span class='ocrx_word' id='word_1_230' title='bbox 1036 4389 1145 4456; x_wconf 92' lang='lat' dir='ltr'><strong>dictus</strong></span> <span class='ocrx_word' id='word_1_231' title='bbox 1160 4391 1313 4457; x_wconf 84' lang='lat' dir='ltr'><strong>Andreas</strong></span> <span class='ocrx_word' id='word_1_232' title='bbox 1329 4391 1497 4477; x_wconf 90' lang='lat' dir='ltr'><strong>quandam</strong></span> <span class='ocrx_word' id='word_1_233' title='bbox 1525 4399 1728 4477; x_wconf 88' lang='lat' dir='ltr'><strong>perpetuam</strong></span> <span class='ocrx_word' id='word_1_234' title='bbox 1752 4395 1858 4480; x_wconf 87' lang='lat' dir='ltr'><strong>capel-</strong></span> 
     </span>
     <span class='ocr_line' id='line_1_34' title="bbox 495 4492 1412 4561; baseline 0.004 -5"><span class='ocrx_word' id='word_1_235' title='bbox 495 4492 621 4557; x_wconf 91' lang='lat' dir='ltr'><strong>laniam</strong></span> <span class='ocrx_word' id='word_1_236' title='bbox 637 4492 669 4557; x_wconf 91' lang='lat' dir='ltr'><strong>in</strong></span> <span class='ocrx_word' id='word_1_237' title='bbox 686 4492 828 4558; x_wconf 88' lang='lat' dir='ltr'><strong>ecclesia</strong></span> <span class='ocrx_word' id='word_1_238' title='bbox 844 4494 880 4559; x_wconf 88' lang='lat' dir='ltr'><strong>S.</strong></span> <span class='ocrx_word' id='word_1_239' title='bbox 897 4492 1043 4559; x_wconf 90' lang='lat' dir='ltr'><strong>Huberti</strong></span> <span class='ocrx_word' id='word_1_240' title='bbox 1060 4493 1255 4560; x_wconf 92' lang='lat' dir='ltr'><strong>Leodiensis</strong></span> <span class='ocrx_word' id='word_1_241' title='bbox 1271 4496 1412 4561; x_wconf 91' lang='lat' dir='ltr'><strong>obtinet.</strong></span> 
     </span>
     <span class='ocr_line' id='line_1_35' title="bbox 542 4594 896 4661; baseline 0.003 -1"><span class='ocrx_word' id='word_1_242' title='bbox 542 4594 721 4661; x_wconf 89' lang='lat' dir='ltr'><strong>Probitatis</strong></span> <span class='ocrx_word' id='word_1_243' title='bbox 736 4595 896 4661; x_wconf 90' lang='lat' dir='ltr'><strong>merita...</strong></span> 
     </span>
    </p>
   </div>
   <div class='ocr_carea' id='block_1_11' title="bbox 530 4698 1186 4892">
    <p class='ocr_par' dir='ltr' id='par_1_20' title="bbox 530 4698 1186 4892">
     <span class='ocr_line' id='line_1_36' title="bbox 540 4698 1150 4783; baseline 0.01 -21"><span class='ocrx_word' id='word_1_244' title='bbox 540 4698 618 4764; x_wconf 92' lang='lat' dir='ltr'><strong>Dat.</strong></span> <span class='ocrx_word' id='word_1_245' title='bbox 635 4699 734 4764; x_wconf 83' lang='lat' dir='ltr'><strong>Avin.</strong></span> <span class='ocrx_word' id='word_1_246' title='bbox 750 4698 903 4766; x_wconf 88' lang='lat' dir='ltr'><strong>kalendis</strong></span> <span class='ocrx_word' id='word_1_247' title='bbox 919 4701 996 4766; x_wconf 89' lang='lat' dir='ltr'><strong>maii</strong></span> <span class='ocrx_word' id='word_1_248' title='bbox 1013 4723 1103 4767; x_wconf 92' lang='lat' dir='ltr'><strong>anno</strong></span> <span class='ocrx_word' id='word_1_249' title='bbox 1121 4723 1150 4783; x_wconf 89' lang='lat'><strong>9.</strong></span> 
     </span>
     <span class='ocr_line' id='line_1_37' title="bbox 530 4829 1186 4892; baseline 0.008 -16"><span class='ocrx_word' id='word_1_250' title='bbox 530 4829 590 4890; x_wconf 84' lang='lat' dir='ltr'><strong>Reg.</strong></span> <span class='ocrx_word' id='word_1_251' title='bbox 602 4831 650 4876; x_wconf 83' lang='lat' dir='ltr'><strong>Av.</strong></span> <span class='ocrx_word' id='word_1_252' title='bbox 663 4831 701 4886; x_wconf 80' lang='lat'><strong>23,</strong></span> <span class='ocrx_word' id='word_1_253' title='bbox 715 4829 732 4876; x_wconf 81' lang='lat' dir='ltr'><strong>f.</strong></span> <span class='ocrx_word' id='word_1_254' title='bbox 746 4831 805 4876; x_wconf 57' lang='lat'><strong>422*</strong></span> <span class='ocrx_word' id='word_1_255' title='bbox 819 4846 824 4880; x_wconf 87' lang='grc'><strong>;</strong></span> <span class='ocrx_word' id='word_1_256' title='bbox 837 4829 897 4879; x_wconf 82' lang='lat' dir='ltr'><strong>Vat.</strong></span> <span class='ocrx_word' id='word_1_257' title='bbox 910 4832 948 4889; x_wconf 79' lang='lat'><strong>79,</strong></span> <span class='ocrx_word' id='word_1_258' title='bbox 961 4831 980 4880; x_wconf 82' lang='lat' dir='ltr'><strong>i.</strong></span> <span class='ocrx_word' id='word_1_259' title='bbox 993 4833 1062 4892; x_wconf 72' lang='lat'><strong>298&#39;,</strong></span> <span class='ocrx_word' id='word_1_260' title='bbox 1076 4847 1102 4882; x_wconf 92' lang='lat' dir='ltr'><strong>n.</strong></span> <span class='ocrx_word' id='word_1_261' title='bbox 1115 4834 1186 4881; x_wconf 76' lang='lat'><strong>208⁴.</strong></span> 
     </span>
    </p>
   </div>
   <div class='ocr_carea' id='block_1_12' title="bbox 485 4992 1858 5214">
    <p class='ocr_par' dir='ltr' id='par_1_21' title="bbox 485 4992 1858 5214">
     <span class='ocr_line' id='line_1_38' title="bbox 537 4992 1818 5094; baseline 0.007 -24"><span class='ocrx_word' id='word_1_262' title='bbox 537 4992 688 5076; x_wconf 76' lang='lat'><strong>1540.</strong></span> <span class='ocrx_word' id='word_1_263' title='bbox 1586 5031 1718 5094; x_wconf 87' lang='grc'><em>1325,1</em></span> <span class='ocrx_word' id='word_1_264' title='bbox 1741 5017 1818 5080; x_wconf 81' lang='lat' dir='ltr'><strong>mai.</strong></span> 
     </span>
     <span class='ocr_line' id='line_1_39' title="bbox 485 5110 1858 5214; baseline 0.007 -41"><span class='ocrx_word' id='word_1_265' title='bbox 485 5182 487 5186; x_wconf 45' lang='lat'><strong>.</strong></span> <span class='ocrx_word' id='word_1_266' title='bbox 541 5110 573 5175; x_wconf 90' lang='lat' dir='ltr'><strong>S.</strong></span> <span class='ocrx_word' id='word_1_267' title='bbox 602 5110 768 5188; x_wconf 91' lang='lat' dir='ltr'><strong>Johannis</strong></span> <span class='ocrx_word' id='word_1_268' title='bbox 797 5122 833 5178; x_wconf 91' lang='lat' dir='ltr'><strong>et</strong></span> <span class='ocrx_word' id='word_1_269' title='bbox 863 5112 894 5178; x_wconf 88' lang='lat' dir='ltr'><strong>S.</strong></span> <span class='ocrx_word' id='word_1_270' title='bbox 930 5111 1082 5180; x_wconf 79' lang='lat' dir='ltr'><strong>Martini</strong></span> <span class='ocrx_word' id='word_1_271' title='bbox 1098 5112 1335 5214; x_wconf 90' lang='lat' dir='ltr'><strong>Leodiensium</strong></span> <span class='ocrx_word' id='word_1_272' title='bbox 1371 5114 1550 5208; x_wconf 85' lang='lat' dir='ltr'><strong>prepositis</strong></span> <span class='ocrx_word' id='word_1_273' title='bbox 1580 5136 1619 5182; x_wconf 92' lang='lat' dir='ltr'><strong>ac</strong></span> <span class='ocrx_word' id='word_1_274' title='bbox 1656 5115 1858 5204; x_wconf 89' lang='lat' dir='ltr'><strong>Raymundo</strong></span> 
     </span>
    </p>
   </div>
   <div class='ocr_carea' id='block_1_13' title="bbox 0 0 2210 6017">
    <p class='ocr_par' dir='ltr' id='par_1_22' title="bbox 0 0 2210 6017">
     <span class='ocr_line' id='line_1_40' title="bbox 0 0 2210 6017; baseline 0 0"><span class='ocrx_word' id='word_1_275' title='bbox 0 0 2210 6017; x_wconf 95' lang='lat' dir='ltr'><strong> </strong></span> 
     </span>
    </p>
   </div>
  </div>
 </body>
</html>
