4409 6017
421 702 439 764 8
612 689 614 696 '
965 700 1112 768 Premiere
1133 701 1236 767 anne'e.

462 848 542 932 26.
1400 862 1493 945 1316,
1512 879 1531 945 7
1546 861 1736 948 septembre.

463 965 647 1032 Bertrando
662 966 704 1031 de
720 965 875 1049 Galardo,
891 968 1065 1052 capellano
1087 975 1122 1032 et
1145 966 1293 1031 familiari
1310 965 1512 1051 Raymundi,
1529 965 1562 1031 S.
1579 963 1755 1031 Potentian

419 1071 589 1157 presbiteri
623 1070 805 1150 cardinalis,
842 1071 1009 1136 confertur
1044 1071 1260 1136 canonicatus
1296 1070 1435 1136 ecclesie
1471 1069 1693 1154 Agennensis,
1721 1070 1759 1131 sul

419 1174 653 1260 expectatione
686 1175 855 1258 prebende
885 1196 924 1240 ac
953 1182 1149 1261 personatus
1179 1175 1233 1238 rel
1264 1172 1374 1253 officii,
1406 1194 1473 1238 non
1505 1175 1664 1237 obstante
1693 1191 1759 1255 quor

419 1278 723 1344 archidiaconatum
737 1270 954 1343 (laudensem
970 1279 1002 1342 in
1020 1278 1234 1359 fornacensi,
1250 1277 1431 1343 sacristiam
1447 1278 1480 1341 in
1497 1276 1636 1342 seculari
1648 1275 1680 1340 S.
1691 1273 1756 1340 Paul

421 1381 649 1448 Narbonensis
664 1403 702 1447 ac
720 1382 751 1445 in
768 1381 892 1446 eisdem
909 1381 1111 1447 Tornacensi
1136 1390 1170 1446 et
1187 1382 1217 1446 S.
1235 1379 1326 1445 Pauli
1351 1381 1497 1446 ecclesiis
1511 1379 1722 1445 canonicatus
1739 1389 1759 1442 et

420 1485 606 1572 prebendas
629 1486 769 1564 obtinet,
785 1506 917 1550 necnon
942 1486 975 1549 in
998 1486 1193 1572 parrochiali
1217 1486 1356 1551 ecclesia
1378 1485 1421 1549 de
1438 1482 1649 1549 Monteirato
1664 1492 1686 1564 ⁶,
1701 1480 1759 1547 Car·

422 1589 628 1657 cassonensis
644 1588 793 1670 diocesis,
807 1590 859 1674 jus
875 1590 990 1655 asserit
1006 1590 1140 1656 habere.

464 1692 604 1758 Generis
619 1714 701 1758 ac...

465 1797 543 1863 Dat.
560 1795 713 1880 Lugduni
731 1814 748 1879 7
766 1796 808 1861 id.
825 1797 1021 1882 septembris
1037 1817 1127 1861 amno
1148 1818 1173 1862 1.

466 1900 505 1965 In
521 1922 550 1965 e.
566 1921 610 1965 nr.
627 1900 738 1966 abbati
754 1900 944 1966 monasterii
962 1902 1003 1966 de
1020 1902 1050 1967 S.
1068 1899 1235 1981 Maurin0,
1251 1900 1462 1984 Agennensis
1481 1898 1634 1978 diocesis,
1650 1918 1687 1964 ac
1705 1916 1759 1983 pre·

420 2003 531 2089 posito
546 2003 712 2068 Albiensis
735 2012 769 2068 et
785 2002 804 2081 J
808 2003 930 2069 ohanni
947 2004 990 2069 de
1006 2005 1112 2086 Colle,
1128 2004 1291 2069 canonico
1307 2003 1543 2069 Panomritane
1559 2002 1757 2068 ecclesiarum

454 2147 515 2210 rung.
531 2149 580 2196 nv.
592 2150 615 2198 a.
625 2150 643 2197 r.
658 2152 720 2208 ram
735 2150 793 2202 vn.
808 2152 846 2208 oa,
855 2151 872 2197 r.
887 2152 939 2209 raa,
952 2165 978 2198 n.
991 2152 1046 2200 roa.

466 2339 541 2420 27.
1336 2428 1340 2434 .
1404 2353 1498 2437 1516,
1516 2371 1535 2436 7
1550 2354 1731 2440 septerrrbre.

467 2457 629 2540 Magistro
644 2456 773 2535 Jacobo
796 2458 838 2522 de
861 2458 954 2524 Actis
977 2458 1019 2522 de
1037 2456 1179 2540 Mutina,
1195 2459 1370 2543 capellano
1392 2476 1479 2542 pape
1502 2464 1537 2522 et
1557 2452 1759 2537 Francisci,S

424 2560 531 2627 Marie
541 2563 574 2626 in
583 2561 762 2627 Cosmedin
775 2561 905 2627 diaconi
918 2561 1101 2644 cardinalis,
1110 2562 1277 2627 confertur
1286 2561 1502 2627 canonicatus
1512 2561 1652 2626 ecclesie
1665 2559 1759 2626 Came

424 2665 578 2744 racensis,
594 2667 653 2731 sub
670 2667 904 2750 expectatione
926 2665 1105 2751 prebende,
1128 2685 1198 2729 uon
1222 2667 1378 2730 obstante
1401 2664 1491 2749 quod
1514 2664 1548 2728 in
1572 2664 1716 2730 ecclesiis
1734 2661 1757 2727 d

427 2767 614 2834 Caveteto⁶
629 2777 663 2833 et
679 2769 721 2834 de
738 2768 882 2852 Nivella,
899 2768 1099 2834 Mutinensis
1116 2777 1149 2835 et
1166 2768 1360 2834 Leodiensis
1376 2768 1557 2849 diocesunr,
1567 2769 1759 2834 canonicatu

426 2881 460 2936 et
475 2872 661 2956 prebendas
676 2875 817 2938 obtinet.

468 2976 585 3063 Nuper
600 2978 858 3045 attendentes...

468 3080 547 3148 Dat.
565 3080 717 3167 Lugduni
735 3103 753 3166 7
770 3083 813 3148 id.
830 3082 1027 3167 septembris
1042 3102 1133 3146 anno
1153 3100 1178 3146 1.
1624 3162 1627 3167 .

469 3184 508 3249 In
525 3206 553 3252 e.
570 3207 614 3251 m.
631 3186 771 3251 Alfonso
787 3186 829 3252 de
846 3186 1001 3266 Castella,
1018 3186 1147 3251 decano
1165 3184 1367 3266 Islerdensis,
1381 3194 1415 3250 et
1427 3187 1585 3271 magistro
1599 3181 1759 3251 Buxolod

426 3288 554 3369 Parma,
570 3288 796 3370 Tornasensis,
813 3291 992 3375 capellanis
1007 3311 1103 3375 pape,
1127 3310 1166 3356 ac
1190 3288 1331 3355 Matheo
1354 3290 1397 3354 de
1422 3289 1538 3371 Reate,
1555 3289 1757 3355 Laudunens

426 3394 593 3458 canonicis
609 3395 832 3462 ecclesiarum.

460 3540 519 3600 ling.
532 3541 579 3587 xlv.
592 3542 614 3599 3,
628 3541 645 3588 f.
658 3542 705 3588 :iro
717 3556 722 3589 z
736 3540 794 3588 l'at.
807 3543 844 3596 63,
857 3541 875 3589 f.
890 3542 953 3594 luat
967 3555 992 3589 u.
1005 3542 1062 3588 504.

469 3729 549 3810 28.
1405 3745 1499 3826 1316,
1517 3761 1536 3827 7
1551 3744 1738 3830 septembre.

471 3845 597 3912 Buzolo
613 3847 655 3911 de
672 3846 803 3910 Buzolis
819 3846 861 3910 de
878 3846 1005 3926 Parma,
1022 3848 1196 3932 capellano
1212 3867 1308 3932 pape,
1330 3856 1364 3911 et
1380 3848 1554 3932 capellano
1571 3846 1759 3931 familiariqr

428 3949 603 4032 Francisci,
620 3951 651 4016 S.
669 3948 776 4015 Marie
792 3950 825 4014 in
842 3949 1021 4014 Cosmedin
1038 3950 1168 4015 diaconi
1186 3949 1369 4030 cardinalis,
1386 3950 1555 4015 confertur
1570 3951 1759 4016 canonicatr

427 4055 565 4119 ecclesie
576 4053 858 4135 Beli-'acensissub
869 4054 1103 4138 expectatione
1115 4052 1284 4137 prebende
1296 4052 1433 4138 integre,
1447 4074 1515 4119 non
1528 4055 1686 4120 obstante
1697 4070 1759 4139 quo

427 4158 667 4244 preposituram
692 4158 724 4221 in
743 4156 938 4238 Mantuana,
955 4165 989 4221 et
1013 4157 1045 4219 in
1062 4177 1101 4221 ea
1117 4177 1156 4221 ac
1171 4154 1384 4237 Tomacensi,
1406 4156 1586 4238 Parmensi,
1604 4156 1759 4223 Veronen

429 4270 464 4326 et
476 4261 507 4327 S.
517 4260 622 4327 Marie
634 4261 771 4347 Maioris
784 4260 1003 4326 Bononiensis
1015 4260 1161 4326 ecclesiis
1173 4261 1388 4327 canonicatus
1400 4269 1434 4327 et
1446 4261 1633 4346 prebendas
1645 4261 1759 4328 obtinet

476 4365 563 4428 Dum
580 4365 837 4431 conditiones...

476 4468 553 4533 Dat.
570 4467 722 4552 Lugduni
741 4486 758 4552 7
776 4469 818 4534 id.
834 4469 1030 4554 septembris
1046 4489 1135 4534 anno
1157 4488 1182 4535 1.

477 4570 515 4635 ln
533 4593 561 4637 e.
573 4592 617 4636 m.
630 4573 740 4636 abbati
751 4573 941 4637 monasterii
953 4573 983 4638 S.
997 4571 1148 4655 Quintini
1161 4572 1371 4639 Belvacensis
1383 4581 1417 4639 et
1427 4574 1569 4639 Alfonso
1579 4574 1622 4640 de
1635 4571 1759 4660 Yspania

432 4675 560 4740 decano
585 4674 769 4757 ilardensis,
793 4697 831 4741 ac
855 4675 1031 4742 Frederico
1054 4677 1097 4741 de
1120 4675 1279 4760 Juraldis,
1303 4678 1466 4743 canonico
1490 4677 1667 4745 Remensis
1687 4677 1759 4743 eccle

432 4797 562 4844 siarum.

468 4923 529 4985 aeg.
542 4926 588 4973 xv.
601 4929 623 4985 a,
636 4929 654 4976 r.
666 4929 724 4976 aaa
736 4945 742 4986 ;
756 4928 813 4977 vat.
826 4930 864 4989 ns,
876 4928 894 4976 r.
909 4930 974 4986 nav,
988 4944 1011 4976 n.
1025 4930 1079 4976 aon.

470 5155 496 5191 α.
509 5139 667 5189 Moutcimco
679 5155 729 5201 rep.
743 5139 790 5187 .li·.
801 5143 824 5187 rr
843 5138 900 5187 l'at.
909 5165 931 5174 -
953 5138 974 5188 b.
987 5139 1113 5188 (involuto
1124 5155 1174 5201 rep.
1186 5139 1234 5189 alr.
1245 5144 1268 5187 ef
1286 5140 1341 5189 l'ut.
