4409 6017
939 692 1094 768 Neuvibme
1115 689 1217 777 annia.
1698 691 1759 770 5111

446 850 585 933 1419.
1432 874 1526 939 1324,
1543 876 1561 919 1
1578 855 1714 919 octobre.

442 968 608 1054 Magistro
638 969 807 1036 Richardo
838 968 886 1035 Le
920 967 1150 1035 Cordoennier
1176 966 1346 1033 confertur
1368 963 1587 1033 canonicatus
1619 957 1760 1025 ecclesie

403 1072 645 1140 iuessionensis
670 1076 731 1139 sub
761 1072 998 1160 expectatione
1027 1071 1210 1159 prebende,
1234 1070 1500 1138 consideratione
1526 1064 1649 1146 Caroli,
1673 1062 1759 1149 regis

403 1178 554 1260 irancie,
584 1199 654 1245 non
684 1181 840 1244 obstante
870 1177 961 1263 quod
991 1176 1226 1243 canonicatum
1257 1184 1292 1241 et
1321 1173 1527 1262 prebendam
1553 1171 1587 1236 in
1618 1167 1760 1235 ecclesia

403 1284 425 1350 3.
447 1282 597 1348 Vulfrani
608 1282 650 1349 de
660 1281 891 1364 Abbatisvilla,
903 1281 1140 1347 Ambianensis
1154 1280 1350 1362 diocesis,et
1359 1277 1527 1365 quandam
1539 1272 1760 1362 capellaniam

403 1410 429 1455 n
449 1396 561 1455 castro
581 1388 662 1453 ville
681 1388 723 1454 de
743 1386 886 1469 Calesio,
905 1385 1109 1452 Morinensis
1128 1385 1279 1467 diocesis,
1296 1384 1436 1451 obtinet.

441 1492 647 1560 Litterarum
664 1492 846 1559 seientia...

443 1598 525 1663 Dat.
541 1598 640 1662 Avin.
656 1595 809 1663 kalendis
824 1598 972 1665 octobris
988 1618 1079 1664 anno
1096 1618 1125 1679 9.

447 1710 488 1776 In
504 1731 533 1776 e.
549 1731 594 1775 m.
618 1709 649 1775 S.
666 1708 838 1776 Genovese
854 1718 888 1777 et
912 1711 944 1777 S.
961 1710 1121 1777 Germani
1137 1708 1417 1775 monasteriorum
1437 1704 1613 1772 abbatibus
1627 1723 1667 1770 ae
1683 1722 1760 1769 can·

403 1823 469 1891 :ori
487 1822 627 1890 ecclesie
644 1821 848 1888 Parisiensis.

433 1966 498 2027 Reg.
515 1969 561 2015 Ar.
576 1969 614 2024 22,
627 1966 646 2015 f.
661 1968 705 2013 117ν
717 1981 723 2023 ;
736 1964 796 2015 Vat.
812 1965 851 2024 78,
866 1964 884 2014 f.
895 1966 934 2023 23,
949 1978 975 2014 n.
989 1965 1029 2012 56.

449 2120 594 2204 1420.
1437 2158 1531 2223 1324,
1546 2157 1568 2220 4
1583 2138 1719 2202 octobre.

446 2241 625 2328 Preposito
641 2241 672 2307 S.
690 2240 783 2308 Pauli
799 2249 834 2308 et
850 2243 979 2309 cantori
995 2242 1026 2309 S.
1043 2240 1187 2308 Dionisii
1203 2240 1441 2307 Leodiensium
1463 2261 1504 2306 ae
1526 2240 1704 2306 scolastico
1725 2239 1763 2305 B.

403 2345 514 2413 Marie
536 2346 770 2431 Trajeetensis,
786 2345 983 2413 Leodiensis
1001 2345 1154 2427 diocesis,
1170 2346 1385 2412 ecclesiarum
1401 2343 1579 2411 mandatur
1601 2353 1765 2431 quatenus

403 2450 579 2532 Alardum,
604 2459 722 2516 natum
746 2450 916 2535 quondam
944 2449 1077 2517 Nicolai
1105 2450 1186 2516 dicti
1203 2450 1358 2517 maiestre
1382 2450 1480 2515 Alart
1497 2449 1540 2515 de
1568 2450 1764 2533 Gemblan,

403 2556 564 2621 clericum
586 2553 783 2621 Leodiensis
798 2554 951 2637 diocesis,
974 2556 1077 2642 recipi
1099 2555 1226 2639 faciant
1242 2555 1275 2619 in
1294 2554 1499 2620 monachum
1515 2554 1708 2620 monasterii
1734 2554 1765 2621 S.

403 2661 497 2726 Petri
516 2660 779 2742 Gemblacensis,
795 2660 837 2726 O.
854 2660 885 2725 S.
903 2659 951 2742 B,
968 2659 1057 2727 dicte
1072 2660 1226 2728 diocesis.

450 2765 538 2830 Cum
554 2765 738 2831 dilectus...

449 2865 530 2936 Dat.
545 2869 644 2936 Avin.
661 2891 681 2954 4
698 2889 777 2935 non.
794 2868 942 2935 octobris
957 2889 1047 2935 anno
1069 2890 1098 2952 9.

438 3012 501 3072 Bag.
513 3012 560 3060 Au.
575 3013 614 3069 22,
626 3012 644 3058 f.
658 3012 703 3066 763
716 3008 775 3058 Vat.
788 3011 827 3070 78,
837 3010 856 3059 f.
869 3012 921 3070 39',
933 3025 957 3058 n.
972 3012 1026 3060 lll.

452 3189 589 3271 1421.
1438 3223 1533 3289 1324,
1549 3224 1570 3288 4
1587 3204 1724 3270 octobre.

447 3308 608 3390 Johanni,
632 3316 715 3373 nato
742 3306 912 3392 quondam
933 3307 1048 3373 Alardi
1064 3306 1107 3373 de
1138 3309 1333 3389 Gemblaco,
1360 3307 1531 3374 confertur
1554 3307 1769 3374 canonicatus

403 3412 546 3481 ecclesie
577 3412 608 3478 S.
636 3411 812 3497 Gaugeriei
841 3409 1093 3477 Cameracensis
1124 3414 1184 3478 sub
1215 3410 1451 3498 expectatione
1488 3410 1669 3499 prebende,
1699 3431 1768 3476 non

403 3521 564 3585 obstante
576 3514 666 3601 quod
681 3516 926 3602 parrochialem
936 3515 1114 3581 ecclesiam
1129 3514 1171 3581 de
1183 3515 1280 3581 Sarto
1287 3516 1383 3601 juxta
1394 3514 1562 3601 Walhing,
1573 3514 1770 3581 Leodiensis

403 3621 560 3702 diocesia,
573 3620 706 3686 obtinet
721 3619 879 3705 quodque
895 3618 1096 3685 beneficium
1109 3619 1374 3686 ecclesiasticum
1391 3620 1463 3685 sine
1474 3639 1552 3685 cura
1563 3618 1607 3685 ad
1617 3619 1770 3685 collatio·

403 3748 488 3792 nem
504 3724 651 3811 episcopi
664 3723 864 3790 Leodiensis
881 3725 939 3808 (80
959 3724 1015 3789 lib.
1031 3734 1095 3791 tur.
1113 3728 1221 3811 parv.)
1239 3731 1407 3810 expectat.

452 3829 636 3896 Laudabile
658 3828 932 3894 testimonium...

454 3935 534 4000 Dat.
550 3933 651 3998 Avin.
669 3956 688 4018 4
705 3953 785 3999 non.
802 3932 951 3998 octobris
966 3953 1056 3997 anno
1073 3953 1102 4013 9.

455 4039 496 4104 In
522 4060 551 4104 e.
575 4059 620 4102 m.
652 4038 683 4102 S.
707 4037 847 4102 Auberti
875 4045 910 4101 et
935 4037 966 4101 S.
995 4036 1144 4123 Sepulcri
1176 4034 1469 4103 Cameracensium
1495 4037 1772 4103 monasteriorum

409 4142 589 4210 abbatibus
604 4161 643 4207 ac
659 4141 819 4225 magistro
835 4140 855 4218 J
859 4140 983 4205 ohanni
1000 4141 1042 4206 de
1054 4141 1177 4222 Rocea,
1198 4141 1361 4208 canonico
1374 4140 1616 4228 Neapolitan0,
1631 4142 1774 4229 capella·

409 4269 457 4313 no
473 4267 571 4333 pape.

444 4392 507 4449 ileu.
522 4396 569 4441 rlx.
584 4395 624 4447 22,
639 4395 657 4440 t'.
675 4392 718 4438 llll
732 4406 737 4439 :
751 4390 812 4441 Vnt.
824 4392 861 4448 78,
875 4391 893 4439 1.
909 4392 946 4448 11,
960 4406 984 4438 n.
1003 4392 1056 4440 118.

459 4572 761 4657 1422-1423.
1451 4587 1733 4670 1121101111.

458 4692 641 4757 Guillelmo
663 4692 705 4757 de
729 4693 887 4757 Stochem
905 4691 1072 4757 confertur
1095 4690 1314 4757 canonicatus
1336 4690 1477 4756 ecclesie
1495 4689 1690 4755 Leodiensis
1716 4692 1776 4754 sub

410 4796 653 4883 expectatione
666 4795 846 4882 prebende,
858 4815 927 4859 non
940 4798 1099 4861 obstante
1115 4795 1204 4879 quod
1221 4793 1254 4858 in
1270 4794 1312 4859 de
1328 4794 1526 4880 Aquisgrani
1543 4793 1728 4859 cantoriam
1738 4812 1777 4858 ac

410 4905 446 4969 in
475 4900 595 4967 eadem
612 4908 647 4965 et
674 4899 712 4965 B.
730 4899 838 4965 Marie
866 4899 1090 4984 Traiectensis
1117 4907 1152 4964 et
1179 4899 1210 4964 S.
1235 4898 1388 4981 Quintini
1414 4898 1667 4980 Malbodiensis,
1692 4897 1778 4961 Leo-

408 5006 539 5074 diensis
565 5012 600 5068 et
624 5001 874 5069 Cameracensis
901 5004 1083 5085 diocesum,
1111 5003 1260 5070 ecclesiis
1290 5004 1507 5069 canonicatus
1531 5011 1565 5068 et
1592 5001 1778 5088 prebendas

408 5111 559 5179 obtinet.

461 5247 568 5289 Analecta
577 5245 772 5296 vaticano-belgica.
785 5248 805 5286 ll
1703 5261 1725 5294 3⁴
