4409 6017
516 659 578 725 474
1061 656 1208 722 lluitibme
1229 656 1332 721 annea.

566 791 704 873 1280.
1525 824 1636 887 1324,
1657 822 1703 887 19
1713 799 1835 884 yonam.

561 908 644 995 Regi
671 909 810 976 Francie
833 908 1011 974 mandatur
1035 907 1125 992 quod
1150 927 1237 993 papa
1263 906 1346 971 nihil
1371 906 1553 973 immutare
1582 905 1745 973 intendit
1768 904 1799 970 in
1815 921 1857 990 pb

516 1032 612 1078 cessu
627 1034 686 1099 per
708 1011 929 1092 Ludovicum,
945 1013 1066 1078 ducem
1082 1010 1229 1091 Bavarie,
1243 1018 1360 1075 contra
1375 1011 1497 1077 ducem
1510 1008 1784 1077 Brabantiead‘

517 1116 599 1181 tiam
615 1118 700 1201 regis
716 1115 855 1181 Boemie
878 1115 1004 1182 habito

563 1327 580 1366 u
594 1304 716 1389 Regi..
735 1302 884 1371 Francie.
909 1303 963 1369 Ad
978 1305 1097 1388 regalis
1113 1303 1320 1369 celsitudinis
1336 1303 1497 1369 noticiam
1514 1303 1736 1370 deducimus
1750 1322 1804 1390 per
1818 1319 1862 1388 pc

517 1415 630 1472 sentes
646 1408 735 1493 quod
750 1429 849 1494 super
864 1430 1020 1495 processu
1036 1408 1154 1472 habito
1170 1416 1287 1473 contra
1302 1408 1463 1473 dilectum
1480 1407 1590 1472 filium
1615 1409 1778 1475 nobilem
1793 1407 1864 1470 rim

517 1509 638 1576 ducem
654 1511 834 1578 Brabantie
850 1513 893 1578 ad
908 1513 1101 1579 instantiam
1119 1512 1277 1578 carissimi
1295 1512 1327 1575 in
1345 1510 1479 1577 Christo
1495 1510 1553 1576 filii
1582 1513 1703 1578 nostri
1728 1509 1866 1591 Johanni,

516 1614 602 1699 regis
619 1613 758 1681 Boemie
774 1616 919 1696 illustris,
936 1616 1225 1703 permagnificum
1241 1615 1349 1681 virum
1366 1613 1592 1696 Ludovicum,
1604 1615 1744 1683 ducem
1754 1614 1869 1692 Balari,

517 1718 551 1785 in
571 1719 784 1787 discordiam
806 1742 919 1805 regem
937 1721 1166 1786 Romanorum
1183 1721 1340 1798 electum,
1365 1721 1430 1785 lroc
1445 1719 1536 1803 quod
1560 1740 1584 1783 a
1605 1721 1717 1787 nobis
1733 1726 1869 1808 proprus

517 1821 596 1906 dicti
612 1824 698 1909 regis
710 1825 933 1910 supplicatum
946 1826 1104 1905 extiterit,
1118 1823 1276 1889 videlicet
1287 1823 1377 1908 quod
1389 1824 1475 1889 circa
1486 1843 1699 1909 processum
1714 1824 1871 1913 predicti!

517 1928 777 1994 contradictum
792 1929 913 1995 ducem
930 1928 1110 1994 Brabantie
1134 1937 1169 1994 et
1194 1948 1255 2014 pro
1281 1948 1359 2012 rege
1383 1928 1536 2013 predicto
1552 1948 1681 1994 coram
1699 1929 1798 1998 dicto
1815 1928 1871 1996 dux

519 2028 658 2096 Bavarie
674 2032 826 2098 habitum
842 2033 944 2100 nichil
960 2034 1133 2113 vellemus,
1150 2032 1176 2098 si
1200 2052 1262 2118 pro
1276 2042 1372 2117 parte
1396 2031 1476 2097 dicti
1502 2031 1602 2098 ducis
1628 2033 1821 2101 Brabantie
1834 2049 1873 2098 nu

518 2135 638 2219 requiri
655 2137 874 2221 contingeret,
891 2138 1081 2224 specialiter
1101 2138 1289 2215 immutare,
1305 2145 1461 2221 prompte
1476 2135 1642 2203 duximus
1667 2138 1873 2206 annuendum

520 2237 698 2306 Processus
712 2250 826 2306 autem
842 2242 1103 2307 contradictum
1118 2240 1239 2306 ducem
1255 2240 1388 2305 habitos
1404 2239 1558 2325 excipere
1575 2260 1598 2305 a
1617 2244 1758 2310 nostris
1772 2261 1874 2331 proces

520 2342 610 2408 sibus
624 2344 696 2409 sine
711 2345 859 2410 evidenti
872 2366 1087 2431 processuum
1097 2344 1279 2410 eorundem
1292 2343 1474 2429 prejudicio
1486 2353 1679 2432 nostraque
1693 2345 1875 2422 indecenti,

519 2446 604 2512 sicut
620 2455 655 2512 et
667 2448 923 2535 circumspectio
939 2456 1051 2536 potest
1066 2450 1239 2535 percipere
1254 2448 1356 2533 regia,
1373 2448 1597 2532 nequiremus,
1618 2453 1809 2536 presertim
1822 2467 1875 2517 cun

519 2557 590 2615 tam
611 2551 644 2615 in
666 2552 755 2617 curia
771 2574 871 2637 quam
886 2555 919 2618 in
942 2553 1080 2620 diversis
1103 2552 1217 2618 mundi
1242 2552 1390 2638 partibus
1414 2572 1590 2638 processus
1613 2557 1733 2622 nostri
1760 2554 1876 2644 predicti

520 2657 645 2739 absque
661 2657 860 2741 exceptione
876 2678 1050 2744 processus
1074 2658 1214 2742 alicujus
1231 2655 1352 2722 fuerint
1376 2656 1548 2741 publicati.
1567 2657 1708 2725 Datum
1739 2670 1780 2728 ut
1803 2679 1878 2747 supn

524 2757 641 2846 [Avin.
663 2780 699 2844 14
715 2758 780 2826 kal.
798 2760 948 2827 februarii
965 2783 1055 2827 anno
1068 2762 1117 2849 8].
1136 2785 1152 2824 n

554 2908 615 2971 Reg.
631 2909 690 2957 l'at.
705 2911 757 2967 112,
771 2923 829 2973 pars
843 2910 878 2970 ll,
891 2910 909 2958 f.
925 2913 1066 2962 1111519.

566 3115 702 3197 1281.
1527 3145 1624 3209 1321,
1644 3148 1690 3191 21
1702 3128 1851 3209 y'arrar'er.

563 3232 709 3311 Johanni
735 3234 872 3300 Goberti
895 3235 937 3300 de
963 3233 1047 3299 Olris
1064 3233 1232 3299 confertur
1258 3231 1478 3299 canonicatus
1500 3229 1645 3295 ecclesie
1674 3232 1707 3297 S.
1726 3231 1879 3310 Johannis

520 3337 715 3405 Leodiensis
730 3341 790 3404 sub
807 3339 1042 3424 expectatione
1057 3338 1238 3423 prebende.

564 3441 747 3510 Laudabile
765 3444 1036 3509 testimonium...

564 3547 643 3613 Dat.
660 3548 758 3612 Avin.
780 3568 816 3611 12
833 3546 899 3612 kal.
918 3547 1069 3612 februarii
1087 3568 1177 3611 anno
1195 3548 1224 3612 8.

564 3651 604 3717 In
628 3673 717 3717 em.
735 3652 766 3718 S.
784 3652 875 3717 Pauli
902 3651 1096 3717 Leodiensis
1119 3660 1154 3716 et
1177 3651 1205 3715 S.
1232 3648 1399 3727 Johannis
1425 3645 1659 3713 Laudunensis
1685 3648 1831 3717 decanis
1849 3667 1879 3714 ac

521 3756 757 3822 archidiacono
774 3755 939 3821 Metensis
955 3756 1179 3821 ecclesiarum.

555 3896 616 3954 lieu.
632 3900 679 3944 Av.
692 3899 731 3955 20,
742 3896 760 3943 f.
774 3898 834 3951 279,
849 3895 907 3945 Vat.
923 3898 960 3944 iti.
975 3895 992 3942 f.
1010 3897 1073 3952 lam,
1088 3909 1112 3942 n.
1126 3896 1181 3941 llil.

568 4095 706 4178 1282.
878 4149 881 4156 ·
1529 4127 1624 4189 1321,
1641 4128 1685 4171 21
1697 4108 1844 4190 jcznvier.

565 4213 584 4292 J
588 4215 713 4280 ohanni
728 4215 770 4280 de
784 4214 961 4281 Fecerollis
977 4215 1146 4281 confertur
1169 4214 1385 4280 canonicatus
1401 4212 1540 4279 ecclesie
1556 4212 1587 4276 S.
1603 4212 1722 4277 Amati
1735 4213 1881 4279 Duacen-

523 4319 576 4399 sis,
592 4321 823 4385 Atrebatensis
838 4321 991 4399 diocesis,
1008 4322 1067 4385 sub
1084 4319 1322 4405 expectatione
1338 4315 1517 4403 prebende,
1534 4336 1603 4381 non
1620 4318 1783 4382 obstante
1800 4314 1880 4403 quod

522 4423 759 4489 canonicatum
771 4433 806 4488 et
816 4423 1020 4510 prebendam
1031 4424 1171 4489 ecclesie
1184 4422 1388 4487 Florinensis
1398 4442 1437 4486 ac
1453 4420 1699 4506 parrochialem
1710 4422 1879 4487 ecclesiam

523 4528 565 4593 de
582 4527 711 4607 Sulmis,
729 4527 924 4594 Leodiensis
940 4528 1091 4609 diocesis,
1110 4528 1253 4592 obtinet.

569 4630 742 4696 Honestas
759 4653 930 4697 morum...

570 4734 646 4800 Dat.
663 4736 761 4800 Avin.
783 4757 817 4800 12
836 4736 900 4802 kal.
918 4737 1069 4802 februarii
1087 4757 1176 4801 anno
1194 4738 1223 4800 8.

568 4838 607 4903 In
625 4861 653 4903 e.
671 4861 714 4903 m.
731 4841 902 4926 preposito
918 4841 949 4905 S.
967 4840 1106 4906 Martini
1125 4839 1320 4905 Leodiensis
1336 4848 1370 4904 et
1386 4839 1516 4904 decano
1529 4837 1560 4902 S.
1579 4836 1669 4901 Petri
1688 4836 1881 4914 Duacensis,

523 4944 755 5008 Atrebatensis
771 4944 921 5025 diocesis,
935 4966 974 5010 ac
990 4944 1226 5010 archidiacono
1244 4942 1409 5008 Metensis
1425 4941 1652 5007 ecclesiarum.

561 5092 621 5153 lieu.
633 5094 680 5139 Ax.
696 5095 736 5153 20,
747 5093 765 5139 i.
775 5093 838 5150 280;
852 5092 909 5139 l'at.
924 5093 960 5150 76,
975 5092 993 5141 f.
1010 5094 1065 5151 157,
1080 5107 1107 5143 n.
1122 5094 1177 5141 ⁴62.
