4409 6017
892 710 1060 790 Quatrieme
1082 711 1184 777 annea.
1670 712 1721 777 311

355 880 432 926 esse
441 862 529 926 bene
539 881 637 946 agere
647 861 814 942 inchoare,
826 862 889 928 nisi
900 863 933 927 in
946 861 1053 948 ceptis
1062 861 1188 927 faciens
1197 867 1397 947 perseveret,
1409 879 1486 925 cum
1496 879 1564 924 non
1577 859 1723 941 facienti,

356 963 419 1029 sed
434 967 663 1051 perseveranti
679 967 722 1032 sit
739 987 863 1033 corona
878 966 982 1051 glorie
998 966 1206 1051 repromissa,
1223 964 1459 1031 excellentiam
1474 962 1597 1047 regiam
1615 972 1724 1048 pater·

356 1088 404 1134 no
415 1090 571 1154 rogamus
581 1079 616 1136 et
627 1071 799 1137 hortamur
809 1071 933 1137 affectu
948 1070 1114 1156 quatinus,
1130 1077 1167 1135 ut
1183 1090 1247 1156 pax
1260 1069 1331 1154 ipsa
1347 1067 1506 1133 inviolata
1517 1075 1722 1151 pemraneat,

358 1183 473 1256 partes
487 1182 622 1240 tuorum
637 1174 777 1256 consilii,
799 1174 920 1240 favoris
942 1182 977 1239 et
999 1172 1111 1239 auxilii
1135 1172 1315 1239 efficaciter
1337 1170 1541 1257 interponas,
1557 1180 1723 1256 oportune

359 1276 553 1364 importune
577 1279 666 1364 apud
681 1278 927 1366 providentiam
952 1278 1075 1363 regiam
1092 1276 1276 1342 insistendo
1292 1285 1328 1342 ut
1354 1297 1484 1361 queque
1508 1275 1661 1341 obfutura
1677 1276 1722 1339 illi

359 1390 558 1449 constanter
573 1390 708 1470 respuat
733 1390 768 1448 et
794 1383 966 1468 profutura
982 1384 1167 1447 clementer
1182 1380 1340 1448 admittat
1356 1380 1512 1464 quodque
1538 1380 1580 1444 de
1604 1380 1724 1444 talibus

359 1484 439 1570 ipsis
456 1485 716 1552 Flandrensibus
742 1487 875 1553 studeat
891 1486 1112 1552 officialibus‘*
1128 1483 1302 1571 providere
1327 1484 1392 1568 qui,
1417 1483 1529 1549 Deum
1554 1483 1723 1562 timentes,

359 1589 526 1656 honorem
541 1591 668 1676 regium
684 1598 718 1656 et
734 1590 942 1657 subditorum
957 1610 1077 1676 pacem
1092 1589 1233 1674 diligant
1248 1608 1373 1672 suaque
1385 1589 1476 1654 lucra
1486 1588 1520 1652 in
1531 1587 1647 1653 alienis
1657 1587 1723 1651 dis·

359 1694 492 1781 pendiis
507 1715 576 1761 non
598 1695 801 1781 perquirant,
825 1717 879 1777 ne,
904 1695 930 1761 si
955 1694 1065 1761 forsan
1092 1694 1148 1759 alii
1175 1693 1392 1780 preferantur,
1418 1699 1608 1776 sequantur,
1634 1691 1723 1774 quod

359 1798 458 1881 absit,
487 1797 762 1887 inconvenientia
791 1819 857 1884 que
886 1819 946 1885 per
973 1797 1094 1864 similia
1125 1796 1305 1863 creduntur
1328 1795 1410 1861 alias
1433 1798 1619 1861 subsecuta.
1646 1794 1724 1859 Dat.

359 1903 463 1969 Avin.
481 1925 498 1989 3
516 1904 560 1972 id.
576 1904 773 1992 septembris
788 1925 879 1970 anno
894 1926 954 1989 4.»

392 2040 456 2100 Reg.
467 2040 529 2092 Vat.
545 2042 599 2098 110,
613 2055 672 2104 pars
683 2041 704 2101 1,
716 2042 734 2090 f.
749 2042 787 2099 64,
800 2056 826 2090 n.
838 2043 893 2090 20⁸.
905 2067 938 2075 -—
950 2040 1056 2099 Gauron,
1068 2054 1094 2089 n.
1109 2040 1155 2089 931
1169 2039 1274 2102 (texte).

403 2232 517 2318 758.
1314 2267 1410 2333 1319,
1428 2268 1469 2312 rr
1490 2249 1678 2334 septembre.

402 2350 536 2433 Gamla,
557 2352 672 2418 comiti
689 2351 822 2437 Valesii,
838 2354 991 2421 scribitur
1015 2362 1053 2420 ut
1077 2354 1121 2419 ad
1142 2373 1260 2441 pacem
1284 2352 1518 2419 stabiliendam
1534 2360 1569 2418 et
1584 2351 1721 2417 fulcien-

354 2456 448 2537 dam,
464 2455 592 2522 consilii
609 2465 644 2522 et
659 2457 771 2522 auxilii
788 2459 836 2524 sui
853 2467 965 2546 partes
980 2458 1148 2527 adhibeat.

404 2636 569 2705 (Dilecto
585 2638 653 2706 filio
669 2637 800 2720 Carolo,
816 2641 903 2707 clare
919 2640 1080 2707 memorie
1096 2641 1181 2726 regis
1198 2640 1338 2709 Francie
1354 2641 1434 2722 filio,
1455 2641 1570 2708 comiti
1586 2640 1719 2707 Valesii.

355 2736 483 2822 Nosce,
499 2741 555 2825 fili,
571 2743 729 2829 magistra
751 2764 860 2810 rerum
876 2744 1081 2831 experientia
1095 2753 1131 2812 te
1146 2744 1300 2828 docente,
1317 2744 1461 2813 comoda
1482 2767 1547 2831 que
1562 2754 1719 2812 secuntur

354 2865 399 2910 ex
415 2866 498 2932 pace
513 2854 615 2932 atque
630 2847 803 2934 dispendia
819 2868 883 2934 que
899 2849 1172 2915 concomitautur
1186 2870 1376 2936 guerrarum
1391 2849 1527 2918 dissidia
1541 2870 1609 2915 non
1626 2850 1718 2934 igno·

353 2969 409 3019 ras
422 2974 431 3032 ;
443 2959 581 3038 propter
596 2950 686 3037 quod
702 2952 759 3019 illa
774 2953 867 3019 velut
882 2953 1077 3040 appetibilia
1092 2962 1127 3019 et
1142 2953 1354 3022 delectabilia
1370 2963 1404 3020 te
1424 2952 1581 3041 amplecti
1598 2973 1719 3039 suppo-

353 3056 477 3137 nimus,
504 3055 560 3123 illa
583 3076 664 3123 vero
688 3057 782 3124 velut
807 3056 922 3143 gravia
948 3067 983 3124 et
1010 3058 1234 3144 importabilia
1257 3058 1427 3127 detestari.
1459 3055 1558 3125 Nosti
1586 3076 1719 3143 quoquc

354 3169 485 3246 quanto
511 3167 664 3248 tempore
688 3160 745 3227 illa
770 3160 944 3247 dispendia
968 3162 1122 3230 inclitum
1145 3183 1284 3249 regnum
1306 3161 1446 3231 Francie
1461 3160 1686 3250 opprimentia
1698 3158 1717 3241 ὁ,

353 3265 465 3351 ipsum
481 3264 638 3332 membris
654 3266 829 3347 nobilibus
837 3266 979 3333 strenuis
994 3274 1029 3333 et
1044 3267 1241 3354 potentibus
1256 3287 1295 3334 ac
1311 3266 1523 3335 facultatibus
1539 3265 1719 3332 innumeris

353 3369 549 3455 spoliarunt,
565 3390 630 3466 nec
646 3370 776 3455 ignoras
791 3370 976 3452 advenisse,
992 3371 1136 3439 faciente
1151 3372 1243 3458 pacis
1266 3380 1390 3453 actore,
1400 3381 1534 3459 tempus
1546 3372 1718 3457 ydoneum

354 3493 424 3559 quo
439 3474 531 3559 pacis
554 3473 675 3540 lenitas
698 3475 799 3539 lenire
826 3475 949 3559 poterit
974 3475 1064 3559 quod
1079 3475 1157 3541 belli
1181 3476 1354 3542 calamitas
1377 3474 1571 3542 introduxit.
1594 3474 1717 3539 Verum

354 3578 434 3663 quia
449 3578 555 3643 hostis
570 3578 660 3663 pacis
676 3586 710 3643 et
727 3578 771 3642 hii
788 3578 843 3663 qui
860 3599 901 3642 ex
917 3586 1012 3665 parte
1032 3580 1102 3664 ejus
1125 3586 1213 3661 sunt,
1237 3588 1372 3665 tempus
1394 3580 1583 3664 hujusmodi
1608 3580 1718 3644 detes-

354 3691 480 3762 tantur,
506 3682 552 3746 illi
580 3682 724 3748 insidiari
740 3704 808 3748 non
834 3685 999 3764 desinent,
1015 3684 1086 3749 vias
1113 3693 1291 3768 querentes
1316 3693 1350 3750 et
1377 3685 1497 3751 modos
1521 3684 1640 3764 varios,
1659 3704 1719 3769 per

354 3807 439 3871 quos
449 3806 567 3870 pacem
579 3785 724 3851 ‘dudum
735 3786 820 3852 inter
830 3787 1036 3853 carissimum
1046 3787 1079 3851 in
1090 3786 1226 3853 Christo
1235 3787 1341 3852 filium
1351 3796 1503 3854 nostrum
1513 3788 1716 3874 Philippum,

354 3910 469 3974 regem
487 3888 625 3955 Francie
641 3898 676 3955 et
693 3888 853 3973 Navarre,
868 3899 951 3956 tunc
965 3911 1067 3975 regna
1081 3899 1265 3975 regentem,
1281 3900 1316 3957 et
1332 3891 1490 3956 comitem
1509 3890 1664 3956 Flandrie
1680 3912 1718 3956 ac

355 3995 426 4078 ejus
442 3992 592 4057 subditos
608 3992 725 4057 initam
741 4004 775 4058 et
792 3995 932 4075 noviter,
949 3994 1035 4059 datis
1051 4002 1086 4059 et
1101 3995 1247 4080 receptis
1262 3995 1340 4060 hinc
1356 3995 1433 4061 iude
1449 3995 1547 4061 certis
1562 3995 1718 4060 securita-

353 4099 454 4177 tibus,
470 4099 661 4162 roboratam
677 4098 788 4163 valeat
804 4098 965 4164 inclinari.
983 4097 1274 4182 Magnificentiam
1296 4098 1408 4184 itaque
1431 4108 1523 4164 tuam
1546 4099 1718 4163 hortamur

354 4202 390 4265 in
408 4200 558 4266 Domino
573 4208 608 4264 et
623 4208 764 4284 paterno
790 4222 945 4286 rogamus
969 4201 1091 4267 affectu
1117 4211 1281 4287 quatenus
1308 4202 1394 4267 circa
1422 4200 1657 4267 stabiliendam
1683 4209 1717 4264 et

355 4304 558 4371 fulciendam
571 4324 690 4390 pacem
700 4304 889 4388 hujusmodi
903 4304 1076 4390 impendas
1086 4304 1224 4386 consilii,
1238 4305 1359 4371 favoris
1369 4315 1403 4370 et
1415 4304 1526 4369 auxilii
1539 4303 1719 4369 efficaciter

354 4410 404 4476 tui
421 4418 544 4495 partes,
560 4408 606 4474 sic
622 4407 723 4492 quod,
739 4408 845 4474 hostis
862 4408 962 4494 ipsius
978 4408 1110 4474 malicia
1125 4418 1160 4473 et
1170 4409 1240 4492 ejus
1252 4409 1455 4494 complicum
1465 4409 1579 4474 delusa
1589 4409 1718 4493 sapien-

354 4515 413 4594 tia,
428 4532 569 4597 regnum
585 4511 693 4596 ipsum
717 4512 808 4597 pacis
825 4512 951 4597 optatis
974 4503 1127 4577 comodis
1142 4511 1338 4597 perfruatur.
1355 4512 1409 4578 Ad
1425 4513 1487 4578 hec
1502 4519 1616 4578 autem
1633 4512 1720 4576 inter

354 4627 469 4684 cetera
485 4635 588 4679 unum
602 4615 827 4680 necessarium
844 4615 1054 4695 arbitramur,
1071 4615 1228 4681 videlicet
1244 4615 1333 4699 quod
1357 4616 1435 4702 ipsis
1460 4615 1720 4683 Flandrensibus

355 4723 399 4787 de
414 4719 537 4785 talibus
552 4717 750 4783 officialibus
765 4718 938 4805 provideat
954 4719 1044 4803 regia
1060 4717 1235 4809 celsitudO,
1252 4719 1307 4802 qui
1324 4719 1433 4783 Deum
1450 4721 1603 4801 timeant,
1613 4721 1720 4786 hono·

355 4848 428 4892 rem
444 4825 571 4910 regium
594 4832 629 4889 et
645 4822 849 4888 subditorem
865 4822 1048 4888 comodum
1069 4822 1210 4906 diligant
1226 4831 1260 4886 et
1287 4843 1346 4888 sua
1361 4823 1452 4889 lucra
1474 4824 1507 4888 in
1524 4825 1640 4890 alienis
1656 4825 1720 4889 dis-

355 4929 489 5017 pendiis
503 4949 572 4993 non
587 4926 791 5013 perquirant,
808 4926 956 5010 alioquin
967 4935 1055 4992 esset
1065 4925 1282 5013 probabiliter
1293 4925 1539 4991 formidandum
1549 4925 1640 5010 quod
1656 4947 1720 5010 que

392 5169 417 5204 u.
429 5151 577 5201 efficacibus
590 5166 639 5212 rep.
651 5177 683 5184 -
695 5149 716 5197 b.
726 5151 901 5212 opprimentes·
913 5163 962 5213 rap,
975 5175 1007 5186 -.
1019 5166 1040 5201 r.
1055 5163 1106 5212 pax
1118 5165 1170 5210 rep.
