4409 6017
423 677 484 741 540
958 681 1114 747 Neuvieme
1135 680 1237 746 anne'e.

460 821 557 894 'Dum
573 828 817 898 conditiones...

467 932 546 1000 Dat.
563 934 661 999 Avin.
682 954 719 1019 14
735 933 802 1001 kal.
818 934 1005 1003 decembris
1020 955 1113 1002 anno
1130 954 1160 1016 9.

469 1035 509 1101 ln
533 1057 562 1101 e.
587 1057 631 1103 m.
653 1037 783 1104 decano
804 1038 836 1105 S.
860 1038 1035 1127 Gangetici
1060 1037 1312 1105 Cameracensis
1327 1045 1363 1104 et
1377 1036 1628 1104 archidiacono
1654 1036 1779 1102 Atreba-

421 1140 527 1206 tensis
541 1161 582 1206 ac
597 1140 744 1209 Nicolao
755 1142 798 1209 de
814 1142 981 1226 Ceccan0,
998 1143 1164 1211 canonico
1179 1140 1395 1209 Belvacensis
1409 1140 1652 1208 ecclesiarum.

453 1280 514 1343 neg.
526 1282 574 1330 Av.
587 1284 625 1340 22,
638 1282 657 1332 r.
668 1283 727 1332 arsv
743 1283 821 1341 wat.
836 1284 876 1344 rs,
886 1284 904 1334 r.
921 1285 986 1343 nn,
998 1297 1024 1332 n.
1037 1284 1093 1331 na.

467 1444 608 1528 1452.
1378 1482 1475 1547 1324,
1494 1482 1539 1526 21
1558 1462 1749 1527 novembre.

466 1562 690 1651 Neapoleoni,
701 1567 736 1633 S.
746 1566 885 1633 Adriani
901 1566 1045 1634 diacono
1060 1568 1230 1651 cardinali,
1241 1566 1437 1635 conceditur
1446 1565 1595 1633 facultas
1610 1564 1783 1654 recipiendi

421 1668 682 1753 resignationem
698 1672 916 1738 canonicatus
932 1680 967 1738 et
982 1672 1154 1759 prebende
1166 1672 1307 1740 ecclesie
1323 1671 1355 1738 S.
1371 1669 1549 1756 Gangerici
1566 1669 1783 1738 Cameracen-

422 1772 466 1838 sis
490 1794 549 1859 per
573 1773 721 1856 Petrum,
749 1775 854 1842 filium
881 1776 1052 1861 quondam
1079 1777 1224 1843 Romani
1251 1775 1490 1842 Bonaventure
1516 1774 1561 1841 de
1589 1773 1701 1858 Urbe,
1723 1775 1783 1861 ejus

421 1886 593 1963 nepotem,
610 1878 807 1960 faciendam,
823 1879 1028 1966 eosdemque
1045 1881 1284 1948 canonicatum
1308 1888 1343 1946 et
1367 1878 1576 1966 prebendam
1594 1878 1782 1946 conferendi

421 1979 553 2047 Thome
569 1980 756 2049 Bartholini
772 1983 815 2050 de
831 1983 894 2050 Ilia
905 1984 948 2051 de
958 1984 1078 2067 Casali,
1088 1985 1239 2072 ejusdem
1249 1983 1425 2052 cardinalis
1436 1983 1561 2050 clerico
1572 1990 1613 2050 et
1628 1982 1783 2064 familiari,

422 2103 489 2148 non
506 2086 663 2151 obstante
679 2086 769 2170 quod
785 2087 875 2153 idem
890 2086 1040 2155 Thomas
1056 2089 1090 2155 in
1108 2088 1137 2155 S.
1158 2087 1297 2155 Martini
1314 2087 1357 2154 de
1372 2086 1475 2169 Luca,
1491 2085 1524 2153 S.
1541 2085 1639 2153 Petri
1654 2087 1699 2154 de
1714 2085 1783 2153 Gla·

421 2186 500 2253 rolis
514 2195 549 2253 et
565 2188 619 2254 85.
633 2187 782 2255 Gervasii
798 2198 834 2257 et
850 2190 1017 2258 Prothasii
1034 2192 1077 2259 de
1091 2191 1327 2273 Montiscellis,
1339 2190 1579 2272 Terdonensis,
1597 2189 1783 2258 Vercellen·

420 2291 464 2357 sis
480 2300 514 2358 et
531 2290 749 2361 Novariensis
771 2294 953 2377 diocesum,
975 2297 1126 2365 ecclesiis
1142 2296 1363 2372 canonicatus
1378 2303 1413 2361 et
1428 2294 1623 2382 prebendas
1641 2298 1700 2379 (2ο
1720 2296 1781 2362 flor.

420 2396 507 2481 auri)
524 2397 666 2464 obtinet.

465 2498 552 2566 Cum
568 2501 687 2568 sicut...

465 2602 544 2669 Dat.
567 2605 667 2671 Avin.
688 2627 722 2671 11
741 2606 807 2674 kal.
831 2607 1019 2675 decembris
1038 2629 1130 2675 anno
1152 2629 1181 2691 9.

455 2742 516 2804 neg.
529 2745 576 2791 nv.
588 2747 627 2804 22,
639 2744 658 2793 r.
670 2747 718 2793 aas
730 2761 735 2803 ;
747 2745 807 2795 Vas.
819 2748 858 2805 rs,
872 2747 889 2795 r.
903 2748 958 2805 107,
970 2762 996 2796 n.
1006 2750 1061 2796 aar.

465 2916 609 3002 1453.
1384 2958 1478 3023 1324,
1495 2958 1539 3022 24
1555 2942 1746 3005 novembre.

463 3033 634 3104 Bemardo
650 3036 763 3121 Bruni,
786 3041 897 3126 legum
916 3040 1058 3123 doctori,
1080 3042 1297 3109 conferuntur
1318 3042 1538 3109 canonicatus
1558 3050 1595 3109 et
1615 3042 1783 3129 prebenda

420 3159 460 3206 ac
475 3140 659 3208 decanatus
674 3144 817 3210 ecclesie
833 3144 1033 3228 Aniciensis,
1050 3166 1110 3232 per
1133 3146 1423 3213 consecrationem
1447 3145 1560 3228 Helie,
1582 3147 1688 3214 electi
1708 3146 1783 3212 Tor·

419 3245 584 3327 nacensis,
601 3246 634 3311 in
646 3247 739 3313 brevi
756 3249 916 3330 vacaturi,
932 3271 1001 3315 non
1018 3253 1176 3316 obstante
1192 3251 1282 3336 quod
1294 3251 1495 3318 decanatum
1508 3251 1656 3317 ecclesie
1668 3250 1783 3317 Lemo

421 3348 563 3416 vicensis
586 3350 728 3434 obtinet,
750 3373 851 3437 quem
870 3353 1040 3421 dimittere
1058 3356 1238 3422 tenebitur.

466 3454 556 3521 Dum
573 3455 817 3523 conditiones..

465 3558 546 3625 Dat.
565 3559 664 3624 Avin.
688 3562 706 3624 8
722 3559 789 3626 kal.
805 3559 993 3626 decembris
1008 3581 1099 3626 anno
1116 3581 1145 3641 9.

465 3662 505 3728 In
522 3684 550 3730 e.
567 3684 611 3728 m.
629 3663 739 3745 Petr0,
763 3664 924 3750 episcopo
940 3664 1136 3746 Vivariensi,
1159 3673 1193 3730 et
1216 3664 1328 3730 abbati
1352 3661 1546 3731 monasterii
1569 3662 1601 3728 S.
1619 3660 1781 3730 Martialis

421 3767 671 3834 Lemovicensis
696 3789 735 3834 ac
757 3768 887 3834 decano
903 3770 1060 3836 secularis
1076 3770 1217 3836 ecclesie
1234 3769 1272 3834 B.
1290 3767 1398 3835 Marie
1410 3768 1452 3835 de
1465 3766 1605 3854 Capella
1617 3766 1780 3842 Talhaser,

421 3869 673 3937 Lemovicensis
688 3872 840 3938 diocesis.

453 4010 514 4071 Reg.
527 4012 575 4058 ΑΥ.
587 4012 625 4068 22,
638 4010 657 4058 i.
670 4011 717 4058 242
728 4026 734 4066 ;
747 4010 806 4059 vat.
820 4012 857 4069 78,
871 4011 888 4060 f.
902 4013 1001 4070 lbi'‚n.
1010 4012 1065 4059 482.

466 4161 776 4245 1454-1455.
1379 4198 1474 4262 1524,
1493 4197 1536 4261 24
1554 4177 1740 4242 novembro.

465 4277 484 4356 J
488 4269 611 4344 ohanni
637 4277 795 4345 Bertaudi
819 4279 1035 4346 conseruntur
1061 4281 1279 4347 canonicatus
1299 4289 1334 4347 et
1359 4281 1529 4367 prebenda
1549 4281 1695 4347 ecclesie
1717 4279 1779 4344 Vir·

422 4383 579 4448 dunensis
594 4391 755 4449 vacantes
771 4405 829 4469 per
844 4385 1094 4470 promotionem
1107 4383 1281 4451 Bertlroldi
1298 4385 1340 4451 ad
1356 4385 1687 4471 archiepiscopatum
1699 4383 1781 4451 Nea·

421 4488 608 4573 politanum
624 4488 682 4572 (1),
699 4488 967 4554 consideratione
983 4487 1002 4566 J
1005 4489 1158 4570 ohannis,
1174 4491 1259 4575 regis
1275 4489 1424 4570 Boemie,
1438 4510 1505 4554 non
1521 4491 1684 4555 obstante
1699 4486 1781 4575 quod

423 4591 456 4656 in
484 4590 682 4658 Treverensi
704 4592 942 4658 canonicatum
966 4600 1001 4657 et
1017 4592 1228 4679 ,prebendam
1250 4603 1285 4658 et
1308 4593 1342 4658 in
1366 4592 1510 4679 Spirensi
1526 4613 1567 4659 ac
1587 4591 1620 4658 S.
1647 4590 1781 4659 Martini

423 4693 620 4762 Leodiensis
643 4697 793 4763 ecclesiis
814 4696 1031 4762 canonicatus
1048 4700 1108 4763 sub
1126 4697 1365 4784 expectatione
1381 4696 1628 4783 prebendarum
1645 4696 1781 4763 obtinet

467 4797 670 4866 Litterarum
687 4800 865 4866 scientia...

469 4903 547 4969 Dat.
565 4903 664 4970 Avin.
683 4906 700 4969 8
717 4904 783 4969 kal.
799 4902 987 4969 decembris
1002 4923 1093 4969 auno
1110 4924 1139 4985 9.

461 5118 482 5165 l.
498 5115 620 5164 llertlrolrl
633 5116 727 5176 Orsini,
738 5115 840 5164 nomme
849 5116 872 5165 lc
884 5120 898 5163 b
910 5117 968 5178 juin
981 5120 1052 5168 1323.
