4409 6017
493 680 554 744 548
1025 675 1182 744 Neuvibne
1203 681 1306 743 annae.

538 829 682 913 1483.
1501 860 1601 926 1325,
1622 862 1672 927 29
1683 840 1827 925 janvier.

539 946 718 1031 Radulpho
734 946 776 1012 de
792 943 981 1026 Colonster,
1006 945 1062 1029 qui
1088 965 1165 1011 curn
1186 944 1378 1010 hominibus
1400 946 1539 1012 armatis
1563 944 1608 1011 ad
1636 955 1762 1032 partes
1777 945 1857 1012 Lon

493 1046 607 1111 bardie
623 1056 741 1112 contra
756 1045 896 1111 rebelles
921 1045 1063 1111 ecclesie
1087 1044 1231 1110 militare
1256 1046 1412 1127 intendit,
1433 1044 1632 1111 rescribitur
1660 1045 1761 1130 quod
1786 1045 1857 1112 uro

493 1149 641 1216 rabiliter
655 1148 843 1236 recipietur.

539 1320 702 1385 «Dilecto
718 1318 787 1383 filio
802 1317 907 1382 nobili
924 1318 997 1382 viro
1014 1315 1196 1402 Radulpho
1211 1316 1254 1382 de
1270 1315 1460 1382 Colunster.
1476 1315 1576 1399 Cum,
1594 1317 1694 1385 sicut
1711 1318 1747 1384 in
1760 1329 1859 1385 nostra

494 1423 694 1509 proposuisti
711 1422 880 1508 presentia
895 1420 1107 1499 constitutus
1125 1420 1168 1484 ad
1191 1420 1445 1503 obsequendum
1460 1420 1558 1486 nobis
1573 1430 1611 1487 et
1629 1423 1787 1489 ecclesie
1809 1422 1862 1489 Ro

493 1547 593 1591 mane
614 1546 691 1591 cum
716 1533 807 1591 certa
830 1523 990 1589 comitiva
1013 1522 1188 1587 hominum
1212 1532 1415 1588 annatorum
1442 1533 1499 1588 tue
1525 1524 1743 1591 intentionis
1765 1525 1862 1592 studia

494 1629 675 1714 dirigantur
690 1637 725 1693 et
748 1627 790 1693 ad
816 1628 883 1692 hoc
907 1647 967 1712 per
990 1645 1053 1691 nos
1076 1626 1212 1711 petieris
1237 1626 1408 1691 humiliter
1424 1635 1458 1691 te
1480 1626 1628 1708 admitti,
1659 1648 1742 1711 nos,
1763 1629 1862 1715 hujus

494 1733 587 1799 modi
610 1741 707 1799 tuum
733 1731 944 1817 propositum
971 1728 1202 1815 multipliciter
1229 1729 1261 1793 in
1298 1729 1446 1795 Domino
1478 1731 1789 1815 commendantes,
1810 1733 1864 1799 tuis

495 1835 794 1922 supplicationibus
811 1834 973 1915 inclinati,
989 1834 1051 1898 tibi
1068 1842 1185 1898 tenore
1201 1833 1409 1918 presentium
1426 1832 1663 1917 concedimus,
1690 1836 1798 1921 quod,
1819 1837 1863 1902 si‘
1898 1905 1900 1930 Ι

494 1941 575 2007 hinc
591 1940 634 2006 ad
649 1939 853 2023 quindenam
869 1937 1026 2003 instantis
1042 1937 1116 2002 festi
1136 1936 1401 2002 Resurrectionis
1418 1937 1598 2003 Dominice
1622 1958 1711 2004 cum
1737 1950 1864 2007 centum
1898 1939 1900 1982 ¹

494 2044 687 2110 hominibus
702 2042 855 2128 ydoneis,
873 2042 905 2105 in
922 2040 1017 2124 equis
1032 2050 1067 2106 et
1083 2041 1183 2105 armis
1200 2040 1405 2106 sufficienter
1419 2040 1554 2127 paratis,
1571 2040 1616 2107 ad
1630 2041 1766 2109 Sedern
1778 2064 1864 2131 apos

495 2149 634 2214 tolicam
660 2147 791 2212 veneris
818 2155 937 2212 contra
961 2146 1102 2210 rebelles
1123 2152 1158 2209 et
1179 2144 1295 2210 hostes
1320 2146 1461 2211 ecclesie
1484 2145 1633 2231 partium
1663 2146 1864 2215 Lombardie

496 2261 641 2339 paratus,
658 2253 700 2317 ab
716 2249 727 2285 ⁶
742 2250 799 2315 illa
813 2248 985 2336 recipiaris
1001 2247 1229 2314 favorabiliter
1250 2258 1285 2313 et
1307 2249 1451 2333 benigne
1468 2248 1598 2332 tibique
1614 2248 1792 2318 faciemus
1813 2272 1865 2340 pro

496 2367 532 2422 te
548 2377 589 2421 ac
604 2355 731 2420 eisdem
747 2354 915 2438 equitibus
938 2373 999 2439 pro
1023 2352 1153 2418 duobus
1177 2352 1347 2418 mensibus
1370 2352 1411 2418 de
1431 2352 1609 2438 stipendiis
1630 2355 1750 2422 solitis
1765 2357 1867 2443 prori-

497 2459 567 2525 deri
603 2466 637 2522 et
662 2466 844 2542 antequam
870 2456 1007 2522 recedas
1033 2455 1076 2521 de
1104 2455 1195 2520 curia
1228 2454 1378 2521 debitam
1412 2454 1684 2521 satisfactionem
1711 2459 1866 2546 impendi,

498 2572 633 2648 recepta
649 2569 764 2625 tamen
781 2581 800 2624 a
816 2569 849 2625 te
866 2560 1020 2646 primitus
1029 2558 1071 2624 de
1082 2559 1259 2624 serviendo
1268 2559 1366 2624 nobis
1382 2567 1417 2623 et
1432 2557 1542 2623 eidem
1558 2560 1713 2626 ecclesie
1731 2562 1867 2629 fideliter

499 2686 558 2752 per
573 2664 702 2730 dictum
719 2672 854 2749 tempus
870 2671 904 2727 et
920 2663 1141 2749 impostenrm
1165 2662 1208 2727 ad
1231 2662 1323 2727 dicta
1346 2661 1514 2747 stipendia
1529 2682 1637 2746 usque
1653 2664 1702 2729 ad
1719 2677 1867 2731 nostrum

500 2769 750 2855 beneplacitum
766 2768 903 2854 ydonea
919 2768 1085 2834 cautione.
1104 2766 1183 2832 Dat.
1198 2767 1300 2834 Avin.
1316 2790 1336 2851 4
1353 2766 1420 2831 kal.
1437 2766 1592 2832 februarii
1609 2788 1709 2835 anno
1724 2792 1756 2852 9.
1769 2794 1785 2830 a

534 2909 594 2968 ch.
611 2907 669 2956 Vnt.
687 2908 738 2965 113,
752 2908 770 2956 f.
785 2908 837 2965 sav,
853 2922 877 2955 n.
891 2908 946 2955 663.

550 3083 697 3164 1484.
1530 3105 1626 3171 1325,
1646 3093 1828 3179 jsavrr'er.

544 3199 674 3277 Jacobo
700 3200 742 3265 de
769 3197 904 3263 Nineve
931 3196 1101 3261 confertur
1128 3193 1347 3260 canonicatus
1380 3193 1521 3258 ecclesie
1549 3192 1787 3278 Trajectensis
1813 3200 1865 3263 sub

502 3304 738 3389 expectatione
763 3301 942 3387 prebende,
967 3321 1035 3364 non
1065 3302 1222 3364 obstante
1243 3296 1333 3382 quod
1358 3296 1601 3382 parrochialem
1625 3300 1811 3367 ecclesiam
1829 3302 1864 3367 de

502 3406 700 3486 Galmardis,
718 3405 969 3471 Cameracensis
985 3403 1140 3483 diocesis,
1157 3401 1287 3467 obtinet
1313 3409 1347 3465 et
1369 3401 1431 3485 ipsi
1456 3400 1498 3465 de
1522 3402 1732 3468 canonicatu
1748 3414 1783 3470 et
1799 3427 1864 3490 pre-

501 3512 612 3577 benda
628 3511 769 3578 ecclesie
781 3511 812 3574 S.
826 3508 969 3572 Dionisii
984 3504 1360 3590 Leodiensisprovisum
1378 3504 1501 3585 fuit,de
1514 3504 1634 3589 quibus
1644 3508 1739 3591 apud
1751 3509 1861 3574 Sedem
1902 3571 1904 3578 .

502 3616 726 3702 apostolicam
743 3615 861 3698 litigat.

546 3718 768 3803 Suffragantia
783 3718 879 3782 tibi...

547 3824 627 3888 Dat.
644 3822 743 3885 rivin.
761 3822 859 3886 nonis
876 3818 1027 3884 februarii
1045 3839 1135 3883 anno
1153 3839 1181 3898 9.

549 3926 586 3990 ln
605 3947 633 3989 e.
650 3947 694 3990 m.
711 3926 742 3988 S.
765 3924 880 3989 Crucis
904 3933 939 3988 et
965 3923 995 3986 S.
1017 3921 1183 3999 Johannis
1206 3919 1442 3985 Leodiensiurn
1467 3920 1603 3984 decanis
1619 3940 1659 3985 ac
1677 3919 1806 3988 Busolo
1826 3921 1858 3985 de

505 4032 634 4109 Parma,
650 4030 827 4114 capellano
843 4049 939 4113 pape,
956 4026 1120 4092 canonico
1136 4024 1361 4089 'l'ornacensis
1376 4024 1604 4089 ecclesiarum.

537 4164 598 4223 aaa.
615 4167 660 4212 nv.
676 4166 714 4221 22,
728 4164 745 4211 f.
761 4165 819 4209 raa
832 4179 837 4213 2
851 4163 910 4212 Vat.
927 4163 967 4220 ra,
981 4162 1000 4211 r.
1016 4162 1082 4219 aaa,
1093 4176 1119 4210 n.
1135 4164 1189 4210 arr.
1903 4143 1906 4210 l

550 4333 693 4417 1485.
1522 4366 1621 4428 1325,
1644 4348 1666 4411 6
1681 4349 1823 4436 farrier.

550 4452 720 4517 Bernardo
735 4452 874 4517 Arnoldi
892 4452 934 4518 de
952 4451 1113 4517 Hnloven
1135 4451 1304 4517 confertur
1316 4450 1533 4516 canonicatus
1545 4450 1689 4517 ecclesie
1703 4453 1857 4520 Leodien-

505 4557 549 4621 sis
565 4560 625 4621 sub
641 4557 877 4642 expectatione
904 4555 1083 4642 prebende,
1099 4576 1167 4620 non
1184 4559 1339 4621 obstante
1357 4554 1446 4638 quod
1462 4555 1495 4619 in
1512 4556 1661 4639 Aquensi
1680 4565 1716 4623 et
1733 4558 1859 4645 Heyns·

505 4661 657 4745 bergensi
673 4660 822 4726 ecclesiis
837 4660 1055 4725 canonicatus
1070 4669 1105 4724 et
1118 4660 1314 4745 prebendas,
1331 4680 1369 4723 ac
1386 4659 1628 4744 parrochialem
1641 4663 1820 4728 ecclesiam
1834 4663 1859 4726 in

507 4765 666 4845 Dremen,
684 4764 877 4830 Leodiensis
892 4763 1044 4843 diocesis,
1062 4763 1204 4828 obtinet.

550 4868 734 4933 Laudabile
750 4867 992 4933 testimonium.
1002 4918 1022 4929 ..

540 5101 564 5134 η,
576 5088 612 5134 sic
625 5101 674 5148 req,
692 5114 723 5120 -
741 5085 761 5133 h.
774 5086 805 5132 ad
821 5102 869 5148 rr'y.
