4409 6017
508 706 569 771 326
1053 704 1222 781 Quatrieme
1243 707 1344 771 anne'e.

554 857 593 923 In
610 880 639 924 e.
656 879 700 923 rn.
717 855 929 943 Neapoleoni
945 857 987 922 de
1004 855 1180 936 Romania,
1196 856 1434 924 archidiacono
1448 858 1635 938 RemensiS,
1646 866 1682 923 et
1694 856 1851 924 Bosolode
1886 846 1901 927 ii

510 962 629 1027 Parma
644 982 684 1027 ac
710 960 889 1027 Francisco
904 959 947 1026 de
963 959 1188 1026 Scanabechis
1211 960 1254 1026 de
1277 959 1442 1043 Bononia,
1461 963 1631 1030 canonicis
1652 962 1851 1030 Tomacensis

509 1066 735 1133 ecclesiarum.

541 1213 603 1275 Regi
615 1216 663 1262 Ar.
677 1216 713 1271 13.
726 1215 744 1264 f.
760 1216 807 1263 372
815 1214 859 1276 (en
869 1214 954 1277 partie
964 1212 1080 1275 illisible)
1093 1227 1099 1266 ;
1112 1211 1170 1261 Vas.
1180 1214 1220 1272 70,
1234 1212 1252 1262 i.
1265 1215 1320 1273 350,
1332 1227 1358 1263 n.
1368 1215 1424 1263 781.

554 1409 669 1491 802.
1571 1444 1668 1508 1320,
1691 1442 1818 1510 7mars.
1880 1404 1890 1442 ³

553 1531 676 1596 Abbati
694 1541 728 1597 et
744 1530 924 1597 conventui
942 1532 1135 1596 monasterii
1154 1528 1471 1615 Haffligemmensis,
1488 1528 1530 1596 Ο.
1543 1530 1574 1595 S.
1592 1527 1642 1610 B„
1654 1529 1849 1597 Cameracen-
1887 1501 1901 1602 ’ζ

511 1635 554 1703 sis
569 1635 722 1717 diocesia,
744 1636 984 1708 confirmantur
999 1657 1119 1702 omnes
1143 1636 1315 1702 libertates
1334 1643 1370 1701 et
1394 1635 1626 1701 immunitates
1649 1655 1689 1701 ac
1704 1635 1849 1723 privilegia
1891 1644 1901 1652 ‘

510 1738 590 1807 dieti
607 1740 811 1806 monasterii.

555 1844 647 1910 Solet
663 1866 842 1911 annuere...

554 1948 633 2014 Dat.
651 1950 749 2016 Avin.
765 1970 844 2015 non.
861 1950 969 2015 martii
986 1969 1076 2015 anno
1092 1971 1123 2034 4.

544 2096 622 2158 stopie
634 2111 685 2144 aux
698 2097 821 2146 Archiven
832 2097 963 2158 generales
974 2098 1009 2146 du
1023 2098 1162 2160 lloynume,
1176 2097 1319 2146 Coriolano
1330 2096 1492 2158 ‹l'rttlliphem
1506 2097 1647 2158 (Archiree
1662 2095 1851 2161 ecclesiamque,
1898 2158 1901 2163 ¹

511 2193 536 2227 n.
551 2180 644 2241 ldils),
659 2180 676 2228 i.
691 2182 732 2228 lll
749 2183 881 2230 :mention
892 2182 962 2242 ibid,
979 2181 1046 2229 <lans
1058 2181 1081 2229 lc
1093 2180 1237 2230 cartulaire
1251 2181 1282 2228 dc
1297 2179 1476 2229 ianoe-wara
1495 2179 1614 2240 (Archiv.
1634 2178 1736 2237 eccles„
1752 2194 1775 2228 n.
1790 2179 1853 2237 llas).
1889 2227 1901 2244 a

512 2262 639 2323 pagella.
1894 2263 1897 2268 '

555 2456 672 2542 803.
1563 2494 1656 2555 1320.
1671 2494 1713 2537 12
1729 2494 1824 2538 murs.
1894 2467 1898 2472 ’

556 2576 680 2660 Ogerio
709 2577 751 2643 de
778 2576 960 2644 Monesilio
985 2579 1155 2646 confertur
1176 2580 1393 2646 canonicatus
1420 2579 1559 2645 ecclesie
1595 2576 1790 2644 Leodiensis
1810 2576 1855 2641 sub

512 2681 751 2765 expectatione
767 2684 946 2768 prebende,
963 2703 1030 2749 non
1048 2686 1204 2750 obstante
1220 2684 1310 2768 quod
1325 2684 1570 2771 preposituram
1585 2682 1728 2748 ecclesie
1743 2682 1774 2748 S.
1789 2680 1857 2747 Lun-

511 2784 608 2850 rentii
625 2784 667 2850 de
683 2784 821 2851 Varioto
836 2794 872 2851 et
888 2786 921 2850 in
937 2787 1076 2853 ecclesia
1092 2787 1123 2852 S.
1140 2786 1159 2864 J
1163 2787 1356 2853 ohannisde
1369 2786 1507 2867 Bozili0,
1518 2786 1697 2880 Saonensis
1706 2796 1741 2853 et
1752 2788 1858 2852 Alben·

512 2886 557 2953 sis
583 2888 765 2971 diocesnm,
791 2889 961 2976 quoddam
982 2890 1195 2971 beneficium,
1222 2892 1415 2957 clericatum
1442 2890 1622 2977 vulgariter
1644 2899 1859 2978 nuncupatum

514 2994 572 3077 (30
589 2993 660 3061 flor.
676 2995 774 3080 auri),
790 3004 825 3060 et
841 2996 1076 3062 canonicatum
1101 2994 1243 3062 ecclesie
1270 2995 1290 3074 J
1293 2995 1447 3062 anuensis
1462 2997 1523 3061 sub
1543 2996 1780 3083 expectatione
1800 3013 1859 3083 pre·

511 3098 622 3164 bende
637 3119 676 3165 ac
687 3099 858 3184 dignitatis
873 3120 931 3165 seu
947 3108 1145 3186 personatus
1160 3101 1214 3166 vel
1230 3098 1329 3167 officii
1347 3101 1487 3167 obtinet.

557 3202 736 3269 Probitatis
748 3214 838 3270 tue...

558 3308 635 3373 Dat.
647 3309 746 3375 Avin.
762 3333 781 3393 4
798 3309 841 3375 id.
859 3310 968 3375 martii
985 3330 1075 3375 anno
1091 3331 1122 3393 4.

558 3409 596 3475 In
613 3434 642 3477 e.
658 3434 703 3478 nr.
719 3413 831 3477 abbati
848 3414 1039 3479 monasterii
1057 3414 1088 3478 S.
1099 3412 1218 3491 Jacobi
1231 3423 1266 3480 et
1278 3414 1407 3479 decano
1418 3413 1449 3480 S.
1459 3413 1624 3492 Johannis
1640 3412 1860 3480 Leodiensiun

512 3536 551 3581 ac
566 3517 726 3599 magistro
743 3515 874 3581 Buxolo
890 3517 932 3582 de
950 3517 1081 3596 Panna,
1094 3518 1257 3583 canonico
1273 3518 1494 3583 Tornacensis
1517 3520 1745 3600 ecclesiarum,
1768 3517 1860 3603 capel-

512 3621 590 3684 lano
607 3641 703 3706 pape.

547 3766 606 3825 neg.
622 3767 678 3814 rat.
693 3770 729 3824 ro,
743 3767 761 3814 r.
777 3769 841 3814 aua.
857 3781 881 3814 n.
894 3768 948 3815 aaa.

558 3955 677 4036 804.
1554 3987 1650 4050 1320,
1667 3967 1711 4033 16
1727 3988 1827 4033 mors.

559 4073 678 4140 Miloni
702 4073 885 4139 Hostelarii
901 4074 944 4140 de
962 4072 1095 4156 Meldis,
1112 4074 1235 4140 clerico
1252 4082 1286 4138 et
1308 4072 1458 4138 familiari
1477 4071 1627 4153 Roberti,
1644 4072 1731 4158 regis
1755 4070 1863 4151 Sicilie,

514 4179 683 4244 confertur
704 4178 921 4244 canonicatus
945 4178 1086 4244 ecclesie
1103 4177 1342 4263 Hugardensis,
1359 4176 1553 4242 Leodiensis
1576 4176 1730 4258 diocesis,
1746 4179 1806 4242 sub
1819 4195 1865 4240 ex·

514 4284 706 4369 pectatione
722 4284 901 4368 prebende,
920 4304 989 4349 non
1006 4286 1163 4349 obstante
1179 4280 1269 4367 quod
1285 4281 1318 4345 in
1340 4279 1476 4347 Barensi
1500 4280 1738 4347 canonicatum
1755 4290 1791 4347 et
1803 4299 1865 4368 pre·

513 4388 668 4469 bendam,
686 4395 721 4452 et
736 4388 769 4451 in
786 4388 817 4453 S.
835 4387 928 4453 Pauli
945 4386 1140 4453 Leodiensis
1156 4385 1304 4452 ecclesiis
1320 4385 1555 4451 canonicatum
1567 4386 1628 4450 sub
1640 4386 1865 4470 expectatione

514 4493 682 4579 prebende
699 4492 841 4558 obtinet.

557 4597 725 4662 Virtutum
746 4598 887 4663 studia...

558 4702 636 4766 Dat.
652 4702 751 4766 Avin.
774 4722 809 4786 17
826 4701 891 4765 kal.
908 4701 1021 4786 aprilis
1037 4723 1127 4766 anno
1144 4725 1173 4785 4.

558 4804 596 4868 ln
625 4827 653 4869 e.
682 4827 725 4869 nr.
751 4806 911 4890 episeopo
936 4804 1095 4870 Brixiensi
1122 4816 1157 4870 et
1181 4805 1352 4891 preposito
1377 4803 1408 4868 S.
1441 4800 1533 4867 Pauli
1565 4807 1600 4864 et
1628 4800 1805 4866 Anthonio
1831 4797 1866 4862 dc

515 4907 650 4991 Bugella
660 4919 682 4989 ³,
699 4910 860 4974 canonico
877 4907 1071 4974 Leodiensis
1087 4910 1315 4975 ecclesiarum.

547 5048 605 5106 Rae.
620 5051 665 5095 riv.
681 5052 717 5104 lit,
734 5050 750 5095 l.
763 5051 839 5102 :llam
859 5049 915 5096 l'at.
933 5052 970 5100 lu.
984 5050 1000 5097 l.
1014 5052 1081 5110 univ,
1095 5066 1119 5098 n.
1133 5052 1188 5099 603.

544 5212 568 5244 a.
592 5197 709 5257 Brugclla
723 5213 772 5260 rep.
