4409 6017
899 468 1068 547 Quatritmo
1090 468 1193 534 eunte.
1620 456 1622 461 ’
1665 471 1727 535 339

357 637 556 701 regnorum,
571 618 749 685 solicitudo
764 628 879 686 nostra
894 640 962 686 non
979 619 1095 701 deerit,
1112 618 1172 686 sed
1194 618 1310 699 aderit,
1334 618 1484 684 Domino
1507 620 1727 701 concedente,

359 729 531 806 quantum
546 722 693 809 patietur
707 731 814 789 status
830 725 933 790 nostri
944 724 1100 799 decentia
1111 731 1147 788 et
1155 723 1326 790 honestas.
1337 723 1417 789 Dat.
1427 730 1465 788 ut
1474 724 1626 810 proxime
1637 726 1651 808 (
1656 724 1695 808 ¹).
1709 745 1726 786 l)

395 878 460 937 aeg.
473 877 532 926 Vat.
546 880 601 938 110,
613 893 672 941 pars
684 878 705 937 1,
717 880 735 928 r.
748 881 796 937 osv,
809 894 835 928 n.
848 881 903 927 ars.
915 907 947 914 -
960 880 1067 939 conon,
1080 893 1105 928 n.
1120 881 1182 927 ross
1194 878 1302 942 (texte).

409 1039 527 1123 833.
1417 1073 1436 1116 1
1460 1072 1503 1116 20
1530 1050 1573 1116 26
1583 1054 1654 1117 mai
1676 1102 1683 1117 .

408 1157 598 1224 Gaucelmo
612 1158 770 1225 cardinali
786 1158 963 1224 mandatur
978 1164 1143 1243 quatenus
1158 1157 1248 1243 apud
1262 1177 1376 1243 regem
1396 1052 1534 1221 iirdncie
1556 1051 1669 1240 usque]
1687 1155 1729 1220 ad

361 1263 609 1348 perfectionem
623 1264 717 1349 pacis
731 1264 819 1327 inter
833 1263 962 1329 dictum
976 1282 1090 1347 regem
1106 1270 1141 1327 et
1158 1260 1381 1327 Flandrenses
1397 1269 1544 1326 maneat.

409 1469 427 1509 a
439 1446 575 1512 Dilecto
591 1446 661 1511 filio
676 1445 911 1533 G[aucelmo],
922 1447 1010 1512 tituli
1027 1447 1224 1513 Sanctorum
1242 1445 1430 1511 Marcellini
1447 1454 1482 1510 et
1498 1445 1587 1511 Petri
1605 1445 1728 1530 presbi-

361 1560 439 1615 tero
463 1550 634 1632 cardinali,
659 1550 752 1617 Sedis
778 1551 962 1637 apostolice
997 1551 1126 1616 nuntio.
1152 1550 1262 1634 Quam
1287 1550 1331 1615 sit
1366 1570 1469 1615 exosa
1507 1550 1596 1615 hosti
1636 1552 1728 1635 pacis

361 1674 533 1739 quamque
550 1663 647 1739 grata
671 1654 763 1742 pacis
787 1655 892 1721 actori
914 1655 1005 1740 pacis
1030 1655 1241 1721 confirmatio
1268 1654 1374 1720 solida
1404 1654 1492 1719 inter
1522 1654 1727 1720 carissimum

363 1758 473 1823 filium
487 1766 640 1824 nostrum
655 1758 859 1846 Philippum,
875 1779 989 1842 regem
1007 1758 1145 1825 Francie
1162 1767 1197 1824 et
1212 1757 1363 1824 Navarre
1379 1758 1552 1838 illustrem,
1569 1767 1603 1823 et
1628 1757 1728 1823 Flan-

361 1862 504 1927 drenses
519 1861 627 1943 fuerit,
643 1870 678 1927 et
703 1863 816 1929 obices
842 1882 926 1947 quos
942 1862 987 1927 illi
1012 1863 1120 1928 hostis
1146 1863 1216 1948 ipse
1242 1862 1400 1948 opposuit
1427 1883 1466 1928 ae
1492 1862 1640 1928 remedia
1664 1884 1728 1947 que

362 1976 487 2033 contra
502 1967 576 2033 illos
601 1975 696 2033 actor
711 1966 780 2053 ipse
804 1966 896 2052 pacis
911 1966 1169 2033 misericorditer
1193 1965 1376 2051 inspiravit,
1401 1966 1548 2052 apertius
1572 1966 1727 2032 manifes-

362 2079 441 2137 tant
456 2093 465 2151 ;
490 2071 570 2136 hinc
584 2071 631 2136 illi
648 2090 758 2136 meror
772 2078 808 2136 et
822 2070 967 2151 tristitia,
983 2071 1062 2136 hinc
1086 2070 1140 2135 isti
1164 2070 1236 2135 laus
1251 2077 1286 2134 et
1301 2069 1405 2155 gloria
1421 2070 1455 2134 in
1471 2072 1584 2136 secula
1599 2071 1728 2136 seculo-

362 2197 453 2242 rum.
476 2176 573 2257 Sane,
600 2176 677 2261 quia
703 2176 870 2260 usquead
894 2176 1219 2242 consummationem
1245 2196 1362 2240 eorum
1389 2195 1453 2259 que
1480 2174 1522 2240 ad
1543 2175 1730 2239 uberiorem

363 2279 672 2347 consolidationem
695 2281 787 2366 pacis
812 2280 962 2366 predicte
979 2280 1156 2371 pertinent
1178 2288 1273 2345 tuam
1296 2278 1500 2366 presentiam
1529 2278 1728 2343 excellentie

361 2384 459 2469 regie
473 2384 629 2450 novimus
643 2405 716 2451 esse
731 2394 870 2470 gratam,
885 2384 1039 2451 volumus
1055 2393 1090 2449 et
1105 2383 1303 2450 mandamus
1318 2392 1355 2449 ut
1370 2384 1413 2450 ad
1428 2384 1492 2449 hec
1507 2385 1600 2448 velut
1610 2402 1731 2468 coope-

363 2495 465 2555 rator
479 2496 632 2555 strenuus
647 2496 740 2554 tuam
756 2510 852 2555 cures
873 2488 1078 2575 presentiam
1093 2489 1262 2569 adhibere,
1285 2507 1461 2574 operosam
1485 2485 1731 2552 solicitudinem

366 2592 583 2677 impensurus
597 2599 635 2658 ut
651 2592 758 2658 hostis
773 2592 900 2659 malitia
915 2593 1003 2659 circa
1017 2592 1177 2678 premissa
1191 2591 1342 2677 vigilanti
1365 2589 1576 2677 providentia
1591 2589 1727 2656 deluda-

365 2703 426 2760 tur
443 2694 533 2780 (²).u

401 2828 467 2889 Reg.
478 2826 538 2876 Vat.
553 2828 607 2888 110,
620 2842 679 2891 pars
690 2828 711 2889 1,
723 2829 742 2878 i.
754 2831 804 2888 65',
818 2842 843 2877 n.
855 2831 911 2877 215.
923 2856 955 2864 -
964 2828 1182 2890 Coulon,n.1056
1194 2828 1300 2891 (texte).

412 2994 531 3080 834-
1443 3036 1536 3098 1320,
1552 3033 1595 3099 27
1611 3018 1688 3081 mai.

412 3114 584 3200 Episcopo
600 3112 786 3180 Morinensi
801 3116 997 3183 conceditur
1012 3116 1152 3184 facultas
1167 3118 1349 3204 recipiendi
1366 3119 1607 3204 resignationes
1632 3119 1729 3185 deca-

362 3228 467 3284 natus
478 3216 617 3285 ecclesie
627 3218 669 3283 de
679 3219 710 3283 S.
720 3218 926 3300 Audomam,
938 3219 1140 3287 Morinensis
1152 3221 1303 3303 diocesis,
1315 3243 1335 3287 a
1348 3221 1367 3300 J
1370 3223 1505 3288 ohanne
1515 3222 1557 3288 de
1570 3221 1731 3304 Goilleus,

362 3331 401 3387 et
417 3321 568 3388 cantorie
584 3321 733 3407 ejusdem
748 3323 889 3389 ecclesie
904 3345 944 3390 ac
959 3325 1178 3390 canonicatus
1194 3333 1229 3390 et
1244 3325 1416 3411 prebende
1432 3325 1573 3392 ecclesie
1590 3326 1621 3391 S.
1640 3325 1730 3390 Petri

363 3424 526 3505 Ariensis,
541 3424 631 3490 dicte
647 3425 797 3508 diocesis,
813 3448 833 3491 a
849 3425 1027 3493 Ghilberto
1037 3427 1080 3494 de
1095 3428 1128 3494 S.
1140 3428 1351 3513 Aldegunda,
1363 3449 1463 3495 causa
1473 3429 1731 3514 permutationis

363 3528 547 3611 faciendas,
563 3537 599 3594 et
614 3528 704 3595 dicta
719 3531 881 3597 beneficia
897 3531 1082 3598 secundum
1105 3533 1193 3598 hanc
1215 3532 1501 3618 permutationem
1526 3530 1731 3598 conferendi.

412 3631 501 3697 Cum
511 3631 637 3698 sicut...

411 3737 494 3803 Dat.
508 3736 608 3804 Avin.
627 3740 644 3801 6
660 3736 726 3803 kal.
739 3736 822 3821 junii
837 3757 927 3802 anno
942 3759 973 3821 4.

402 3872 466 3934 neg.
478 3871 537 3921 Vas.
550 3874 588 3933 ro,
601 3872 620 3921 r.
633 3873 700 3931 aur,
713 3886 738 3920 n.
751 3873 806 3920 sir.

413 4035 532 4120 835.
1439 4071 1533 4133 1320,
1546 4072 1593 4133 30
1609 4074 1686 4117 maz.

412 4154 559 4221 Nicolao
574 4153 616 4219 de
632 4153 774 4220 Paciaco
790 4154 959 4218 confertur
981 4155 1179 4220 cancellaria
1202 4155 1343 4220 ecclesie
1370 4155 1592 4221 Tornacensis
1609 4177 1732 4221 vacans

368 4280 429 4348 per
455 4257 716 4343 resignationem
731 4278 750 4322 a
766 4255 785 4333 J
789 4258 922 4322 ohanne
938 4256 980 4322 de
997 4256 1101 4323 Blesis
1117 4258 1151 4320 in
1171 4259 1325 4324 manibus
1340 4260 1491 4340 Arnaldi,
1509 4260 1540 4325 S.
1559 4258 1731 4325 Eustachii

370 4362 504 4430 diaconi
528 4361 713 4441 cardinalis,
730 4382 790 4446 per
815 4360 834 4439 J
838 4362 1009 4427 ohannem
1029 4362 1071 4426 de
1098 4360 1283 4442 Mendone,
1299 4371 1552 4449 procuratorem
1576 4363 1656 4429 dicti
1673 4362 1732 4441 Jo-

370 4467 491 4534 hannis
506 4466 641 4546 factam,
657 4484 725 4529 non
742 4467 899 4530 obstante
915 4464 1006 4550 quod
1018 4464 1127 4531 dictus
1143 4464 1306 4531 Nicolaus
1328 4466 1565 4533 canonicatum
1582 4468 1734 4552 ejusdem

371 4570 595 4636 Tornacensis
610 4569 750 4634 ecclesie
766 4571 826 4633 sub
843 4569 1077 4654 expectatione
1092 4570 1263 4655 prebende
1279 4571 1422 4636 obtinet.

409 4818 432 4864 1.
448 4816 486 4863 La
496 4814 558 4862 date
569 4815 616 4874 qui
627 4812 734 4876 precede
745 4820 783 4860 est
795 4812 858 4860 collo
869 4811 905 4858 du
917 4826 943 4860 n,
958 4813 1012 4859 830.
1022 4840 1052 4845 —
1061 4814 1083 4859 2.
1097 4811 1172 4860 Oettc
1182 4812 1259 4860 lettre
1270 4810 1366 4859 semble
1377 4809 1449 4858 avoir
1460 4808 1571 4855 certains
1582 4808 1658 4855 traits
1670 4821 1736 4854 com-

377 4910 454 4944 muns
464 4910 529 4944 aveo
540 4894 605 4943 celle
615 4892 731 4943 adressee
742 4909 775 4941 au
788 4895 825 4940 roi
837 4893 869 4940 ‹le
883 4892 981 4940 Franco
993 4893 1031 4953 (n.
1043 4894 1104 4955 830)
1116 4898 1143 4941 et
1155 4897 1193 4941 ost
1204 4892 1332 4955 peut-etro
1344 4890 1377 4939 de
1388 4890 1414 4938 la
1426 4890 1508 4937 meme
1516 4888 1585 4937 date.
