4409 6017
891 729 1059 806 Quatriene
1079 728 1181 794 annde.
1656 729 1717 792 335

348 900 427 945 rum
443 879 592 966 pretium
608 879 834 946 intelleximus
849 878 1035 963 diligenter,
1051 899 1135 963 quas
1151 881 1244 944 velut
1260 879 1336 943 Deo
1362 885 1482 963 gratas
1499 876 1717 964 expedientes

350 983 581 1049 incolumitati
608 1004 785 1069 corporum
810 991 845 1048 et
871 983 969 1047 saluti
997 981 1184 1047 necessaria
1210 982 1404 1058 animamm,
1429 982 1659 1069 multipliciter
1684 981 1716 1045 in

351 1088 508 1153 Domino
523 1090 774 1153 comendamus.
791 1088 887 1166 Sane,
904 1085 949 1150 fili
966 1086 1145 1167 carissime,
1162 1086 1236 1165 hec,
1257 1093 1295 1149 ut
1310 1094 1493 1167 serventur,
1510 1086 1667 1173 precipue
1684 1085 1717 1150 in

350 1193 403 1257 sui
420 1191 588 1277 principio
603 1191 812 1277 diligentiam
828 1190 966 1275 exigunt
986 1189 1171 1256 studiosam
1188 1209 1288 1274 quarn
1304 1190 1330 1255 si
1346 1210 1485 1271 cessare,
1507 1190 1598 1276 quod
1620 1189 1717 1268 absit,

351 1296 579 1379 contingeret,
596 1315 664 1360 non
679 1294 849 1379 legislator
861 1293 1071 1378 judicaberis,
1088 1293 1147 1359 sed
1163 1292 1273 1358 irrisor
1287 1316 1296 1372 ;
1313 1293 1469 1378 quocirca
1484 1294 1582 1359 decet
1609 1292 1718 1379 provi-

351 1399 508 1465 dentiam
523 1400 649 1484 regiam
665 1399 753 1464 circa
769 1398 1018 1463 observantiam
1033 1397 1269 1483 premissorum
1286 1398 1334 1463 sic
1349 1397 1527 1482 vigilanter
1543 1397 1716 1462 intendere

352 1503 448 1589 quod
475 1512 545 1568 tam
569 1502 709 1569 salubris
733 1501 909 1582 ordinatio,
936 1500 1078 1568 exclusis
1102 1500 1280 1582 fraudibus,
1308 1498 1341 1566 in
1372 1523 1433 1568 suo
1462 1504 1582 1568 robore
1607 1521 1717 1586 perse-

351 1618 450 1673 veret
467 1608 525 1691 (¹).
543 1628 561 1669 r>

386 1754 451 1814 Reg.
464 1752 522 1801 Vat.
536 1754 589 1813 llll,
603 1766 662 1816 pars
673 1752 709 1813 11,
720 1752 740 1802 f.
754 1754 786 1811 l',
800 1767 825 1801 u.
838 1755 860 1801 ll.
873 1779 904 1787 -
917 1751 1023 1812 Conlon,
1035 1766 1061 1799 n.
1076 1753 1135 1799 1051
1150 1751 1256 1814 (texte).

399 1961 516 2045 828.
1425 1994 1443 2035 1
1467 1992 1510 2036 20
1536 1992 1557 2034 2
1596 1971 1673 2034 trrar'.

399 2079 588 2147 Gaucelmo
613 2079 770 2146 cardinali
797 2076 993 2144 conceditur
1017 2076 1158 2142 facultas
1190 2075 1402 2162 dispensandi
1430 1992 1528 2160 sdpei
1552 1992 1719 2139 rionnullis

355 2183 619 2272 impedimentis
635 2183 678 2249 de
694 2182 813 2269 quibus
828 2181 957 2247 mentio
967 2200 1037 2246 non
1050 2180 1098 2261 lit,
1111 2181 1145 2245 in
1159 2180 1374 2245 matrimonio
1386 2178 1619 2245 contrahendo
1631 2178 1719 2241 inter

356 2288 587 2375 Margaritam,
604 2287 706 2353 liliam
733 2285 818 2372 regis
843 2284 997 2366 Francie,
1013 2292 1048 2350 et
1074 2282 1293 2366 Ludovicum‚
1318 2283 1423 2349 filium
1448 2282 1581 2348 comitis
1597 2280 1719 2346 Nives-

354 2395 480 2461 nensis.

401 2603 418 2642 (ι
439 2578 574 2642 Dilecto
590 2575 659 2639 filio
676 2575 870 2656 Gaucelmo,
887 2576 975 2641 tituli
993 2576 1190 2643 Sanctorum
1208 2574 1395 2642 Marcellini
1412 2584 1447 2640 et
1475 2576 1563 2641 Petri
1592 2578 1718 2663 presbi-

356 2691 431 2748 tero
447 2680 617 2758 cardinali,
634 2678 727 2745 Sedis
741 2680 927 2765 apostolice
953 2680 1082 2745 nuntio.
1101 2679 1240 2744 Pietatis
1264 2680 1378 2745 divine
1403 2701 1532 2745 summa
1557 2681 1717 2764 dignatio,

356 2785 451 2870 cujus
466 2791 518 2849 est
534 2782 703 2869 proprium
720 2783 846 2849 nutrire
862 2783 1053 2864 concordia,
1070 2804 1200 2848 servare
1231 2783 1428 2868 composita,
1444 2783 1622 2849 dissociata
1639 2806 1717 2850 con-

352 2887 504 2973 jungere,
520 2907 624 2973 prava
639 2886 778 2970 dirigere
795 2895 829 2951 et
844 2888 985 2951 virtutes
1002 2895 1130 2952 ceteras
1145 2883 1359 2972 perfectionis
1375 2907 1433 2951 sue
1448 2887 1632 2952 munimine
1644 2889 1719 2953 soli·

356 2989 447 3069 dare,
460 2989 541 3055 dum
557 2990 603 3054 nil
619 2999 815 3055 extraneum
831 2990 939 3075 sapiat
955 2990 1008 3054 vel
1026 2990 1212 3070 confusum,
1228 3010 1345 3075 aspera
1360 2990 1527 3055 convertit
1551 2990 1583 3053 in
1609 2994 1719 3077 plana,

357 3101 393 3158 et
408 3094 443 3157 in
459 3115 563 3159 manu
579 3114 697 3178 gerens
709 3092 810 3158 corda
820 3114 934 3177 regum
946 3101 980 3157 et
990 3093 1188 3178 principum,
1201 3094 1370 3179 sejunctos
1384 3093 1526 3159 affectus
1537 3095 1720 3160 concordes

357 3195 463 3261 eflicit
488 3196 583 3261 unito
607 3196 780 3283 proposito
805 3199 1032 3275 voluntatum
1057 3196 1198 3283 proinde
1224 3195 1391 3261 interdum
1415 3197 1512 3281 rigori
1540 3198 1621 3282 juris
1651 3220 1719 3265 non

357 3300 494 3384 indigne
518 3299 705 3365 detrahitur
729 3308 766 3365 ut
780 3311 793 3333 ²
808 3303 935 3365 bonum
960 3299 1139 3366 concordie
1161 3300 1251 3384 quod
1277 3300 1391 3364 divina
1406 3300 1540 3385 largitas
1555 3311 1720 3388 preparat,

357 3404 450 3468 nulla
465 3405 645 3470 severitate
661 3404 799 3470 canonis
814 3403 1010 3482 obsistente,
1026 3404 1211 3489 apostolice
1233 3403 1326 3468 Sedis
1348 3403 1488 3489 provida
1513 3404 1719 3491 indulgentia
1742 3453 1745 3459 ·

356 3506 531 3571 solidetur.
558 3507 622 3574 Pro
646 3517 740 3594 parte
756 3507 918 3592 siquidem
947 3507 1106 3572 carissimi
1130 3507 1163 3571 in
1189 3506 1325 3573 Christo
1352 3507 1408 3570 lilii
1433 3508 1537 3572 nostri
1563 3507 1720 3596 Philippi,

357 3609 445 3693 regis
459 3608 600 3678 Francie
616 3622 651 3677 et
667 3611 820 3677 Navarre
835 3611 980 3688 illustris,
1006 3610 1102 3675 nobis
1129 3613 1242 3677 oblata
1267 3609 1386 3696 petitio
1408 3611 1603 3677 continebat
1620 3614 1720 3698 quod,

357 3712 438 3778 licet
449 3713 535 3778 inter
546 3734 659 3799 regem
673 3715 779 3800 ipsum
793 3722 827 3778 et
838 3714 925 3778 clare
942 3713 1102 3777 memorie
1119 3714 1347 3799 progenitores
1359 3712 1370 3746 ⁶
1380 3735 1467 3795 suos,
1483 3736 1524 3780 ex
1537 3724 1632 3801 parte
1642 3736 1720 3797 una,

357 3827 391 3881 et
419 3817 582 3882 dilectum
609 3818 712 3881 filium
730 3818 877 3881 nobilem
894 3816 1039 3882 virum..
1057 3817 1218 3881 comitem
1236 3816 1401 3898 Flandrie,
1424 3840 1464 3882 ex
1493 3820 1607 3898 altera,
1624 3819 1721 3883 hoste

356 3919 495 3984 humani
512 3922 642 4004 generis
652 3929 862 4007 procurante,
875 3940 991 4005 graves
1001 3919 1126 3985 dudum
1137 3921 1303 3986 discordie
1318 3921 1461 4005 viguisse
1477 3932 1667 4004 noscantur,
1679 3944 1720 3987 ex

356 4024 478 4108 quibus
491 4045 611 4110 magne
625 4025 870 4091 commotiones
885 4044 1086 4110 guerrarum,
1098 4036 1224 4109 strages
1240 4026 1425 4106 hominum,
1441 4026 1721 4112 depopulationes

356 4128 509 4193 villarum
542 4128 720 4213 insignium
751 4137 785 4193 et
815 4128 955 4193 aliorum
980 4129 1131 4193 locorum
1155 4129 1286 4213 aliaque
1311 4130 1399 4194 mala
1426 4131 1623 4216 multiplicia
1653 4150 1721 4195 non

358 4230 499 4297 l'aciliter
514 4233 721 4297 numeranda
737 4232 878 4311 suerunt,
898 4232 983 4298 sicut
997 4241 1047 4296 est
1064 4232 1191 4297 mundo
1207 4233 1386 4314 notorium,
1397 4237 1583 4315 subsecuta,
1596 4243 1721 4315 tamen,

357 4335 504 4400 faciente
520 4357 661 4423 supeme
676 4337 780 4420 gratie
793 4337 960 4421 largitore,
977 4337 1193 4419 interregem
1209 4346 1244 4402 et
1260 4337 1419 4403 comitem
1436 4346 1640 4404 memoratos
1656 4360 1720 4424 pax

356 4439 533 4505 laudabilis
545 4448 579 4504 et
595 4440 710 4505 votiva
726 4441 906 4505 concordia
923 4449 999 4506 sunt
1014 4441 1142 4504 firmate
1159 4449 1193 4505 et
1211 4441 1252 4507 ad
1266 4463 1322 4506 eas
1343 4454 1509 4527 perpetuo
1531 4443 1721 4508 solidandas

357 4553 494 4610 mutuus
510 4544 598 4608 inter
611 4544 700 4629 ipsos
717 4544 849 4609 habitus
862 4552 913 4609 est
923 4552 1084 4610 tractatus
1096 4545 1186 4629 quod
1198 4545 1321 4611 dilecta
1332 4546 1365 4610 in
1379 4544 1512 4611 Christo
1524 4546 1590 4612 filia
1601 4547 1722 4613 nobilis

358 4648 479 4713 mulier
486 4646 688 4732 lllargareta,
700 4656 780 4713 nata
789 4649 874 4733 regis
885 4648 1045 4733 ejusdem,
1053 4648 1179 4714 dilecto
1190 4649 1259 4715 filio
1270 4650 1372 4714 nobili
1384 4650 1456 4716 viro
1466 4650 1721 4738 Ludovicopri-

389 4869 414 4901 u.
426 4859 453 4900 et
467 4868 518 4913 req.
533 4854 585 4899 110,
624 4852 663 4898 l.
677 4853 889 4913 primogenitores
903 4867 951 4913 rep.
967 4854 1004 4899 71).

395 5158 413 5202 l.
423 5156 490 5201 l‘onr
504 5154 528 5200 la
539 5154 608 5211 «late,
620 5168 674 5213 roy.
689 5154 712 5200 la
726 5153 800 5199 lettn·
813 5152 977 5214 precedente.
988 5163 1055 5202 uoto.
