4409 6017
429 660 515 726 XLVI
1006 660 1187 729 Fornulaire

429 817 604 879 conjunctim
621 816 666 869 vel
686 817 838 882 separatim
855 816 1048 881 spectantibus
1065 815 1139 870 nulli
1153 818 1247 872 valeat
1265 819 1405 884 provideri
1421 836 1472 884 per
1489 819 1598 873 litteras
1616 815 1773 883 apostolicas

430 914 487 951 non
505 897 642 951 facientes
660 897 776 962 plenam
793 908 820 950 et
837 915 1001 961 expressam
1019 915 1053 950 ac
1068 898 1105 951 de
1127 899 1214 952 verbo
1236 899 1273 952 ad
1294 900 1414 952 verbum
1434 902 1470 953 de
1492 900 1604 954 indulto
1627 901 1772 964 hujusmod'

431 977 612 1040 mentionem,
628 989 655 1031 et
670 977 796 1042 qualibet
810 978 866 1032 alia
880 980 990 1044 pretate
1005 978 1087 1033 Sedis
1109 979 1286 1043 indulgentia
1314 981 1441 1043 generali
1470 981 1516 1034 vel
1544 981 1670 1047 speciali,
1698 982 1770 1044 cujus

430 1075 551 1123 cumque
571 1057 676 1112 tenoris
698 1058 805 1123 existat,
826 1075 877 1124 per
896 1076 983 1123 quam
1002 1061 1180 1125 presentibus
1204 1077 1261 1113 non
1283 1078 1445 1125 expressam
1463 1061 1508 1114 vel
1529 1062 1656 1116 totaliter
1675 1080 1728 1117 nou
1741 1064 1769 1117 in

431 1151 536 1193 sertam
555 1139 675 1193 eftectus
694 1139 856 1203 hujusmodi
873 1151 969 1194 nostre
987 1141 1078 1204 gratie
1097 1141 1228 1205 impediri
1250 1142 1343 1195 valeat
1366 1143 1581 1205 quomodolibet
1602 1143 1649 1196 vel
1670 1142 1767 1205 differri

431 1232 458 1273 et
476 1221 513 1275 de
531 1237 588 1285 qua
605 1221 743 1284 cuiusque
761 1231 820 1274 toto
839 1232 937 1275 tenore
953 1221 1059 1276 debeat
1076 1222 1107 1276 in
1127 1221 1229 1276 nostris
1249 1222 1346 1276 litteris
1365 1222 1428 1276 fieri
1445 1223 1553 1275 mentio
1571 1224 1707 1288 specialis,
1723 1226 1767 1279 sire

429 1302 452 1353 si
469 1318 585 1366 presens
602 1318 661 1355 non
675 1301 763 1355 fueris
779 1301 818 1354 ad
833 1303 1020 1365 prestandum
1033 1303 1070 1356 de
1086 1303 1272 1356 observandis
1288 1304 1400 1356 statutis
1418 1312 1445 1355 et
1461 1304 1712 1358 consuetudinibus
1724 1304 1765 1358 die

428 1393 457 1435 te
482 1381 600 1437 ecclesie
626 1382 740 1435 solitum
762 1382 961 1446 juramentum,
990 1385 1146 1439 dummodo
1163 1383 1192 1437 in
1209 1383 1340 1438 absentia
1355 1394 1404 1437 tua
1422 1401 1473 1448 per
1490 1394 1703 1447 procuratorem
1715 1386 1764 1449 ydo

421 1479 515 1526 neum,
534 1475 645 1518 etcum
676 1463 714 1516 ad
736 1463 886 1517 ecclesiam
907 1465 1000 1529 ipsam
1022 1468 1175 1522 accesseris
1198 1468 1382 1533 corporaliter
1401 1468 1472 1522 illud
1488 1478 1606 1532 prestes.

462 1545 541 1598 Nulli
562 1562 630 1609 ergo
650 1556 702 1600 etc.
724 1557 820 1599 nostre
839 1547 1005 1613 collationis,
1028 1548 1203 1615 provisionis,
1223 1549 1430 1615 reservationis,
1451 1549 1625 1605 inhibitionis
1644 1559 1671 1603 et
1688 1548 1766 1603 consti-

427 1630 542 1684 tutionis
561 1631 715 1695 iniringere
735 1642 787 1685 etc.
1142 1670 1145 1687 .

463 1712 571 1767 Datum
600 1713 740 1766 Avinione
771 1715 798 1767 ll
829 1730 896 1768 non.
925 1712 1085 1766 decembris
1106 1728 1182 1765 anno
1197 1710 1298 1776 primo.

462 1869 496 1921 ln
513 1867 636 1921 eundem
652 1868 771 1921 modum
787 1866 943 1921 venerabili
961 1867 1041 1921 iratri
1060 1910 1084 1924 .,
1106 1866 1240 1931 episcopo
1257 1864 1441 1918 Corbaviensi
1461 1875 1487 1917 et
1506 1865 1617 1921 dilectis
1635 1865 1730 1921 titiis..
1744 1862 1763 1916 S.

427 1948 556 2012 Dyonisii
577 1960 605 2002 et
625 1948 653 2003 S.
675 1948 790 2002 Martini
811 1947 1012 2001 Leodiensium
1032 1946 1149 2001 decanis
1170 1946 1353 1999 ecclesiarum
1380 1944 1501 1997 salutem
1520 1954 1574 1998 etc.
1594 1961 1684 2009 usque
1701 1948 1766 2009 [pres

425 2034 494 2096 tare]
521 2042 642 2087 curaret.

465 2111 605 2175 Quocirca
627 2112 790 2165 discretioni
814 2121 908 2164 vestre
931 2126 982 2173 per
1006 2106 1162 2173 apostolica
1184 2108 1289 2171 scripta
1312 2106 1482 2159 mandamus
1504 2116 1645 2169 quatenus
1668 2121 1715 2159 vos
1734 2102 1766 2157 vel

424 2203 482 2256 duo
503 2212 552 2256 aut
572 2217 644 2255 unus
665 2210 796 2263 vestmm,
818 2217 870 2266 per
891 2204 948 2264 [vos
970 2198 1023 2262 vel]
1044 2196 1134 2251 alium
1158 2213 1209 2250 seu
1233 2195 1311 2258 alios,
1338 2195 1504 2248 auctoritate
1530 2206 1628 2247 nostra
1662 2193 1765 2247 eunden

426 2282 643 2344 Theodericum,
658 2282 703 2335 vel
719 2292 932 2345 procuratorem
945 2296 1027 2331 suum
1040 2278 1102 2340 ejus
1125 2277 1247 2341 nomine,
1267 2292 1379 2330 exnunc
1398 2275 1485 2340 recipi
1504 2274 1643 2329 iacientes
1662 2275 1690 2327 in
1707 2274 1765 2327 dicta

426 2364 545 2418 ecclesia
567 2364 594 2416 in
616 2362 785 2417 canonicum
804 2373 833 2416 et
853 2362 883 2415 in
903 2360 1027 2421 tratrem,
1048 2358 1132 2410 stallo
1152 2358 1206 2410 sibi
1227 2358 1256 2411 in
1276 2358 1363 2411 choro
1384 2367 1412 2410 et
1434 2356 1497 2409 loco
1517 2357 1545 2409 in
1566 2355 1690 2419 capitulo
1709 2354 1764 2415 ejus

425 2446 491 2498 dem
511 2444 630 2498 ecclesie
650 2444 810 2506 assignatis,
831 2443 923 2506 ipsum
942 2439 1152 2493 Theodericum
1175 2440 1220 2491 vel
1244 2438 1351 2492 dictum
1375 2447 1588 2502 procuratorem
1609 2454 1663 2499 pro
1686 2434 1765 2500 eo,iu

422 2525 599 2591 corporalem
626 2525 836 2590 possessionem
861 2522 1024 2586 hujusmodi
1047 2521 1194 2585 prebende
1215 2538 1267 2584 per
1284 2535 1335 2571 nos
1351 2515 1403 2570 sibi
1419 2516 1530 2579 collate,
1547 2517 1571 2569 si
1585 2533 1643 2581 qua
1657 2525 1766 2579 tempore

423 2610 581 2665 collationis
603 2628 655 2675 per
673 2627 726 2663 nos
748 2609 773 2663 ei
794 2608 870 2662 lacte
891 2608 928 2660 de
948 2606 1010 2670 ipsa
1029 2607 1150 2661 vacabat
1170 2606 1198 2659 in
1228 2599 1347 2653 ecclesia
1367 2596 1538 2662 supradicta,
1560 2600 1612 2662 [ac]
1633 2597 1766 2660 juriumet

421 2689 656 2755 pertinentiarum
681 2690 768 2754 ipsius
795 2689 933 2743 inducatis
961 2698 988 2740 et
1014 2683 1176 2740 defendatis
1201 2684 1361 2743 inductum,
1384 2679 1509 2743 alioquin
1533 2678 1708 2743 prebendam
1727 2689 1765 2740 per

424 2788 476 2824 nos
496 2770 526 2825 in
544 2772 620 2825 dicta
641 2771 768 2831 ecclesia,
790 2781 820 2824 ut
840 2768 1017 2835 premittitur,
1037 2774 1218 2823 reservatam,
1239 2758 1262 2811 si
1279 2761 1316 2814 ab
1331 2760 1494 2823 hujusmodi
1508 2759 1706 2812 reservationis
1719 2768 1766 2810 nos

424 2864 466 2905 tre
481 2864 610 2917 tempore
626 2852 767 2905 vacaverit
783 2852 896 2915 ibidem,
920 2851 964 2903 vel
983 2865 1049 2902 cum
1064 2847 1144 2901 illam
1159 2859 1261 2897 vacare
1288 2840 1446 2905 eontigerit,
1475 2841 1568 2892 eidem
1594 2837 1764 2898 Theoderico,

424 2944 487 2998 post
510 2934 736 2997 acceptationem
759 2931 929 2996 hujusmodi,
953 2929 1083 2983 conterre
1106 2937 1133 2979 et
1159 2923 1306 2987 assignare
1333 2922 1444 2984 curetis,
1472 2920 1609 2974 iacientes
1637 2936 1708 2985 eum,
1731 2913 1765 3007 vel

422 3014 530 3071 dictum
549 3026 762 3079 procuratorem
783 3031 834 3078 pro
855 3032 896 3076 e0,
914 3011 1035 3077 pacifica
1059 3008 1135 3061 illius
1159 3002 1338 3069 possessione
1359 3002 1493 3065 gaudere,
1513 3001 1624 3064 sibique
1642 3002 1679 3054 de
1696 3000 1768 3087 i¹³⁵im

424 3095 568 3160 prebende
591 3094 739 3157 fructibus,
764 3095 927 3159 redditibus,
952 3091 1144 3157 proventibus,
1166 3085 1274 3149 iuribus
1297 3095 1325 3137 et
1344 3081 1564 3137 obventionibus
1585 3079 1720 3135 universis
1737 3091 1765 3131 tu·

423 3187 503 3240 tegre
529 3175 702 3240 responderi,
729 3192 787 3229 non
810 3175 988 3228 obstantibus
1022 3169 1155 3227 omnibus
1191 3166 1367 3231 supradictis,
1394 3181 1445 3217 seu
1470 3164 1493 3216 si
1520 3162 1602 3215 dictis
1629 3161 1723 3215 abbati
1743 3166 1764 3209 et

423 3256 547 3321 capitulo
570 3256 698 3319 ejusdem
723 3255 842 3309 ecclesie
865 3255 909 3310 vel
932 3255 1159 3318 quibuscumque
1173 3247 1235 3302 aliis
1250 3264 1268 3300 a
1286 3246 1398 3311 prefata
1411 3246 1446 3298 sit
1459 3243 1536 3297 Sede
1551 3243 1691 3297 indultum
1702 3236 1766 3307 quod

425 3337 563 3401 interdici,
583 3337 718 3402 suspendi
740 3336 784 3389 vel
806 3335 1043 3389 exeommunicati
1063 3351 1124 3388 non
1146 3334 1253 3399 possint
1276 3349 1326 3395 per
1347 3331 1454 3384 litteras
1475 3328 1647 3391 apostolicas
1668 3343 1723 3380 non
1738 3322 1768 3376 la-

424 3418 532 3472 cientes
550 3417 665 3483 plenam
684 3428 711 3470 et
728 3434 893 3481 expressam
909 3433 944 3469 ac
961 3416 998 3469 de
1015 3416 1102 3470 verbo
1123 3416 1162 3469 ad
1184 3414 1303 3467 verbum
1327 3413 1363 3465 de
1388 3410 1496 3463 indulto
1520 3408 1684 3471 hujusmodi
1706 3419 1769 3460 men

425 3498 540 3552 tionem
1262 3496 1267 3505 '

457 3579 687 3634 Contradictores
718 3596 769 3643 per
800 3595 950 3632 censuram
982 3588 1034 3631 etc.

459 3660 568 3715 Datum
584 3672 615 3714 ut
635 3676 729 3725 supra.

1074 3861 1120 3942 2.

460 4115 687 4167 comanos
713 4097 807 4165 n’uu
832 4115 1060 4166 canonicas
1086 4114 1135 4165 ar
1161 4096 1279 4164 n'unu
1304 4104 1515 4166 Pnaasnne
1540 4117 1737 4169 vacarias

1022 4236 1061 4296 (n.
1082 4236 1156 4300 4³0).

456 4409 568 4463 Dilecto
591 4409 651 4462 filio
675 4410 800 4476 Hugom',
824 4421 891 4463 nato
913 4410 1007 4465 dilecti
1029 4410 1081 4465 filii
1101 4411 1205 4465 nobilis
1229 4411 1279 4465 vin'
1310 4412 1459 4467 Bertrandi
1480 4414 1597 4476 Jordani
1618 4417 1655 4469 de
1678 4419 1777 4483 Insula,

419 4490 557 4544 canonico
584 4500 611 4543 et
638 4491 745 4544 cantori
771 4492 890 4543 ecclesie
919 4491 1098 4546 Morinensis.

456 4571 533 4623 Dum
558 4571 735 4625 conditiones
763 4584 790 4625 et
815 4575 916 4627 merita
942 4590 1132 4638 personarum
1145 4573 1242 4628 debita
1259 4574 1443 4628 meditatione
1458 4578 1687 4643 pensamus,illis
1700 4599 1775 4646 apos·

418 4652 503 4705 tolice
534 4655 701 4717 provisionis
733 4656 880 4708 dexteram
911 4656 1032 4710 libenter
1057 4656 1238 4710 extendimus
1265 4656 1367 4719 quibus
1390 4657 1520 4711 nobilitas
1542 4658 1655 4721 generis
1678 4671 1705 4712 et
1727 4658 1778 4712 alia

419 4733 553 4787 virtutum
577 4737 652 4789 dona
677 4737 869 4802 multipliciter
893 4738 1097 4801 stdiragantur.

455 4815 529 4868 Cum
547 4815 643 4881 itaque
664 4818 846 4872 canonicatus
867 4832 893 4873 et
914 4820 1060 4883 prebenda
1081 4837 1115 4873 ac
1134 4818 1262 4873 cantoria
1280 4819 1399 4872 ecclesie
1419 4820 1590 4873 Morinensis
1606 4837 1678 4885 quos
1696 4836 1778 4885 quon·

417 4897 485 4950 dam
506 4898 642 4961 magister
664 4899 763 4952 Petrus
786 4900 822 4952 de
844 4900 985 4962 Eugubio,
1007 4900 1130 4954 Camere
1148 4911 1244 4953 nostre
1262 4900 1389 4962 clericus,
1407 4901 1436 4953 in
1455 4902 1556 4954 eadem
1576 4903 1696 4955 ecclesia
1712 4904 1777 4956 dum

419 4978 525 5031 viveret
547 4979 702 5043 obtinebat,
727 4997 779 5045 per
801 4981 888 5043 ipsius
911 4981 1021 5034 obitum
1046 4999 1148 5035 vacare
1174 4993 1328 5035 noscantur
1353 4982 1390 5035 ad
1415 4999 1532 5047 presens
1566 4983 1719 5047 nullusque
1744 4984 1777 5036 de

418 5059 459 5112 eis
476 5069 572 5124 preter
588 5077 640 5114 nos
656 5061 807 5125 disponere
825 5064 919 5124 possit,
939 5080 990 5125 pro
1006 5081 1041 5117 eo
1058 5064 1137 5126 quod
1152 5081 1203 5116 nos
1220 5064 1328 5117 dudum
1342 5075 1409 5118 ante
1424 5065 1601 5117 vacationem
1617 5064 1775 5127 hujusmodi

418 5156 518 5195 omnes
540 5141 723 5197 canonicatus
745 5155 773 5198 et
788 5144 950 5208 prebendas
971 5161 1007 5197 ac
1027 5145 1176 5208 cantorias,
1204 5146 1358 5209 dignitates
1380 5156 1407 5200 et
1429 5155 1597 5209 personatus
1629 5157 1784 5211 ceteraque
