4409 6017
488 708 551 775 lae
1029 713 1178 779 linitilms
1197 715 1301 780 ann&

537 869 616 935 Dat.
631 872 732 936 Avin.
752 892 785 935 11
804 871 959 938 kal.maii
975 893 1066 939 anno
1081 876 1113 940 8.

539 971 580 1037 In
595 995 625 1038 e.
641 996 686 1041 m.
710 975 742 1041 S.
758 976 919 1062 Stephani
943 975 1123 1055 Januensis
1145 986 1181 1043 et
1206 978 1250 1044 de
1273 977 1449 1059 Columba,
1475 975 1677 1043 Plaoentine
1701 971 1839 1052 diocesis

493 1079 774 1246 tlponasteriorum
789 1081 968 1147 abbatibus
992 1101 1033 1147 ac
1058 1082 1232 1169 preposito
1257 1083 1399 1149 ecclesie
1423 1082 1455 1148 S.
1469 1079 1637 1160 Johannis
1660 1079 1707 1146 de
1742 1077 1840 1144 Domo
1891 1120 1899 1161 :

521 1182 691 1249 lacentini.

530 1321 592 1382 Beg.
605 1325 652 1370 Ar.
667 1326 706 1373 20.
718 1323 737 1371 t.
749 1326 808 1371 541*
821 1341 828 1373 :
840 1323 899 1372 Yet.
912 1326 949 1377 tt.
962 1325 982 1372 i.
993 1327 1045 1383 ὅθ’,
1058 1339 1085 1373 n.
1097 1326 1169 1372 1262.

538 1519 672 1604 1321.
1543 1554 1638 1617 1324,
1653 1533 1701 1598 26
1716 1532 1812 1599 avrti.

538 1639 703 1721 Amaldo,
719 1639 752 1705 S.
768 1639 940 1706 Eustachii
955 1637 1099 1704 diacono
1114 1636 1285 1718 cardinali,
1300 1635 1498 1703 conceditur
1510 1636 1653 1704 facultas
1672 1634 1846 1724 recipiendi

493 1741 756 1826 resignationem
785 1744 1004 1810 canonicatus
1033 1749 1068 1806 et
1102 1740 1275 1827 prebende
1310 1740 1453 1807 ecclesie
1485 1739 1773 1808 cathalaunensis
1800 1761 1848 1828 per

495 1844 689 1931 Philippum
703 1846 747 1912 de
763 1845 949 1913 hleleduno
964 1845 1152 1912 faciendam
1166 1865 1292 1932 eosque
1306 1843 1501 1911 conterendi
1522 1845 1688 1930 magistro
1708 1843 1732 1924 J
1733 1844 1848 1912 ohanni

496 1947 539 2013 de
555 1947 754 2023 Cathalano‚
770 1972 839 2017 non
854 1955 1011 2017 obstante
1037 1949 1129 2033 quod
1150 1948 1261 2016 dictus
1274 1947 1452 2027 Johannes
1474 1949 1509 2014 in
1534 1947 1749 2015 Tomaoensi
1769 1949 1850 2016 etde

496 2050 679 2138 Campellis
693 2054 728 2118 in
745 2053 832 2129 Bria,
849 2054 1043 2121 Parisiensis
1056 2053 1210 2134 diocesis,
1224 2052 1443 2119 canonieams
1456 2051 1590 2118 obtinet
1604 2061 1643 2118 et
1657 2053 1850 2140 prebendas

494 2157 580 2221 etin
595 2157 687 2222 dicta
705 2157 966 2224 Cathalaunensi
981 2159 1042 2223 sub
1065 2157 1304 2243 expectatione
1328 2156 1499 2243 prebende
1521 2157 1556 2221 in
1579 2157 1790 2223 eanonicmn
1809 2168 1851 2223 eet

495 2271 660 2346 receptus,
675 2283 809 2328 necnon
824 2272 859 2327 et
875 2263 909 2327 in
925 2261 1044 2327 eadem
1060 2259 1322 2327 cathalaunensi
1336 2260 1538 2347 dignitatem
1560 2261 1617 2326 rel
1638 2272 1852 2348 personatum

496 2385 555 2430 seu
570 2363 718 2431 officium
733 2376 894 2453 expectat
907 2385 948 2430 ac
962 2365 997 2430 in
1012 2364 1199 2430 Senonensi
1213 2365 1365 2432 ecclesiis
1375 2364 1615 2431 canonicatum
1625 2368 1691 2430 sub
1701 2375 1854 2454 expecta·

494 2468 589 2533 tione
614 2470 784 2555 prebende
813 2470 968 2548 obtinet;
993 2479 1143 2535 tumtur
1165 2469 1275 2555 gratia
1303 2469 1481 2556 expectiva
1505 2469 1682 2554 prehende
1708 2470 1746 2536 in
1772 2471 1855 2538 dicta

498 2570 761 2640 Cathalatmensi
776 2574 929 2640 ecclesa

541 2675 628 2740 Cum
643 2677 770 2743 sicut...

543 2780 622 2845 Dat.
635 2781 735 2846 Asin.
753 2787 771 2846 6
787 2781 854 2847 kal.
870 2783 949 2849 maii
964 2804 1057 2849 anno
1072 2785 1104 2848 8.

534 2917 593 2978 nm.
606 2920 653 2965 ar.
665 2920 706 2977 eu,
719 2919 738 2967 t
752 2921 799 2967 ses
810 2936 817 2967 :
829 2920 889 2969 xa
904 2922 944 2979 rr,
957 2922 977 2970 t.
991 2923 1043 2971 ιον.
1054 2935 1080 2969 n.
1093 2922 1167 2969 112⁴.

547 3088 682 3172 1322.
1545 3129 1643 3192 1324,
1659 3107 1822 3174 zoam't

546 3207 703 3294 Philippo
721 3208 765 3274 de
791 3209 897 3293 ¹lgnis
923 3209 1094 3275 confertur
1130 3211 1351 3276 canonicatus
1382 3212 1525 3277 ecclesie
1564 3211 1778 3279 Mutinensis
1805 3214 1860 3279 sub

501 3314 736 3401 expectatione
752 3312 933 3400 prebende.

545 3417 728 3485 Laudabile
742 3418 1014 3485 testimonium...

547 3523 626 3588 Dat.
638 3524 738 3588 Asin.
756 3522 853 3587 okal.
870 3522 948 3587 maii
967 3543 1059 3588 anno
1073 3526 1105 3588 8.

546 3626 585 3691 ln
601 3649 631 3692 e.
647 3649 693 3692 m.
708 3628 839 3693 decano
854 3625 1122 3692 Cenomanensis
1136 3648 1178 3694 ac
1190 3628 1320 3693 cantori
1336 3628 1613 3694 Constanciensis
1627 3650 1669 3696 ac
1678 3629 1860 3697 thllelmo

504 3730 691 3797 Bertmndi.
706 3731 872 3797 canonico
888 3730 1082 3796 Patisiensis
1095 3731 1323 3797 ecclesianun.

537 3877 595 3927 aaz
609 3882 655 3924 xv.
670 3880 708 3924 st
721 3878 738 3924 :·.
755 3879 800 3925 tsi
813 3892 821 3931 ;
832 3877 892 3924 m
905 3879 944 3929 π,
957 3877 976 3924 t.
991 3879 1065 3929 tta
1082 3879 1154 3924 tter.

550 4055 688 4140 1323.
1550 4095 1649 4157 1524.
1664 4097 1710 4157 27
1724 4078 1826 4141 avril.

550 4176 731 4240 Laurentio
742 4175 834 4241 dicto
845 4175 896 4241 Lo
907 4175 1005 4241 Cletc
1017 4176 1186 4241 confertur
1200 4178 1417 4242 canonicatus
1431 4179 1573 4243 ecclesie
1584 4177 1796 4246 hlotinemis
1809 4183 1864 4245 sub

504 4282 741 4366 expectatione
757 4281 938 4367 prebende,
953 4301 1022 4346 non
1038 4284 1196 4347 obstante
1221 4281 1311 4365 quod
1325 4281 1525 4347 beneficium
1540 4283 1813 4350 ecdesiasticum
1826 4283 1865 4350 ad

504 4386 720 4449 collationem
736 4385 853 4470 prioris
877 4398 911 4448 et
931 4400 1119 4451 contentts
1141 4385 1306 4472 prioratus
1329 4386 1361 4449 S.
1378 4385 1463 4472 Lupi
1487 4386 1531 4449 de
1553 4385 1719 4463 cheteus,
1734 4389 1865 4454 Cltmia·

504 4489 613 4554 tensis
628 4489 762 4557 ordinis.
778 4487 991 4554 Beltaoeusis
1005 4489 1158 4566 diooesis,
1172 4498 1342 4575 expectat.

551 4592 600 4656 Ex
617 4610 672 4658 tue
688 4593 918 4658 devotionis...

552 4696 628 4759 Dat.
644 4698 743 4760 ,tr-in.
761 4718 777 4780 3
795 4696 862 4761 kal.
877 4698 956 4761 maii
972 4717 1063 4762 anno
1079 4699 1110 4760 S.

550 4810 589 4863 ln
605 4821 635 4863 e.
648 4822 692 4863 m.
709 4802 821 4866 abbati
835 4801 1029 4866 monasterii
1045 4800 1078 4864 S.
1095 4798 1272 4866 Michaelis
1297 4802 1341 4866 de
1365 4800 1525 4867 [lteriori
1548 4801 1664 4875 Portu.
1682 4804 1870 4875 Rothm-

505 4905 615 4987 gensis
640 4904 791 4971 ditmesis.
819 4918 852 4969 et
878 4904 1043 4988 magistris
1070 4903 1220 4980 Johanni
1255 4905 1298 4969 de
1326 4904 1530 4972 Blanchiaco
1568 4926 1610 4971 ac
1635 4906 1809 4978 Gaufrido
1831 4912 1872 4978 de

507 5007 704 5073 Bnenchon.
721 5010 891 5074 canonicis
909 5007 1190 5093 Rothomngens'ts
1204 5009 1356 5074 ecclesie.

541 5145 597 5205 llcg.
613 5150 648 5192 λ’·
674 5148 712 5193 '3¹¹2
729 5148 737 5193 τ’
763 5147 818 5193 lixi*
834 5163 839 5193 :
853 5146 914 5192 Vr..
928 5147 966 5193 ῗιῖ,
980 5145 999 5191 l.
1014 5145 1078 5191 illl.
1094 5159 1117 5190 x.
1131 5148 1188 5197 :⁸311
