4409 6017
906 705 1052 791 Septimo
1072 707 1176 778 anuto.

404 848 586 919 Probitatis
597 862 695 921 tue...

399 956 480 1023 Dat.
495 958 595 1025 Avin.
613 981 630 1025 2
647 980 728 1027 non.
743 960 931 1027 decembris
945 981 1037 1028 anno
1054 980 1083 1047 7·.

401 1060 443 1126 ln
473 1084 502 1127 e.
529 1085 574 1129 m.
602 1064 703 1131 Petro
727 1065 770 1132 de
794 1064 1014 1149 Collemedio,
1039 1066 1218 1136 scolastico
1245 1064 1504 1150 Cameracensis,
1530 1077 1565 1135 et
1587 1054 1720 1137 Thome

352 1163 456 1248 Galli,
480 1166 754 1253 Cenomanensis,
771 1190 811 1237 ac
826 1169 975 1248 Johanni
1002 1169 1137 1255 Huche,
1160 1172 1392 1240 Atrebatensis
1415 1172 1586 1240 canonicis
1613 1176 1720 1241 eccle·

354 1289 493 1335 siarum.

377 1394 451 1474 neg.
464 1415 511 1462 lv.
528 1414 567 1472 rs,
583 1414 600 1462 r.
618 1415 662 1461 159
675 1428 681 1470 ;
695 1412 757 1463 Vae.
769 1415 808 1473 rr,
823 1414 841 1463 r.
858 1415 911 1474 105,
924 1428 950 1463 n.
962 1415 1019 1468 214.

405 1589 534 1671 1112.
1347 1629 1443 1693 1322,
1456 1630 1480 1695 5
1495 1612 1672 1681 decembre.

398 1706 420 1785 J
423 1709 548 1775 ohanni
566 1709 608 1775 de
624 1709 762 1795 Beyries
777 1711 967 1797 indulgetur
982 1720 1019 1778 ut
1035 1712 1161 1778 fructus
1186 1712 1334 1779 sacristie
1361 1715 1502 1782 ecclesie
1520 1715 1717 1803 Bajonensis

354 1820 390 1879 et
408 1813 652 1899 prebendarum
668 1836 750 1900 quas
766 1815 800 1881 in
817 1814 996 1901 Bajonensi
1013 1824 1048 1883 et
1064 1815 1261 1883 Belvacensi
1277 1837 1317 1883 ac
1344 1817 1518 1903 Fumensi,
1547 1819 1721 1888 Morinen-

354 1917 401 1984 sis
424 1916 578 2001 diocesis,
594 1919 743 1987 ecclesiis
765 1920 907 2003 obtinet,
933 1923 1059 2008 absque
1078 1920 1261 1988 residentia
1286 1921 1329 1987 ad
1352 1923 1532 1990 triennium
1548 1925 1721 2012 percipere

356 2021 484 2089 valeat.

402 2121 584 2194 Probitatis
599 2126 760 2195 merita...

401 2228 483 2297 Dat.
495 2231 595 2297 Avin.
610 2253 690 2300 non.
706 2232 893 2300 decembris
912 2253 1004 2299 anno
1020 2250 1050 2317 7.

402 2332 496 2401 Ine.
521 2356 566 2402 m.
591 2338 703 2403 abbati
727 2337 921 2404 monasterii
947 2336 1187 2418 cluniacensis,
1212 2336 1475 2407 Matisconensis
1490 2341 1645 2426 diocesis,
1685 2354 1719 2412 et

351 2440 484 2506 decano
501 2439 813 2527 Engolismensisac
823 2441 1060 2509 archidiacono
1075 2441 1118 2507 de
1134 2440 1298 2510 Pardiaco
1312 2445 1481 2513 Auxitane
1491 2447 1718 2516 ecclesiarum.

390 2575 452 2639 Beg.
463 2580 510 2628 Av.
530 2581 565 2640 18,
578 2581 595 2630 i.
612 2582 670 2630 188¹
682 2597 688 2640 ;
701 2581 760 2631 Vat.
772 2584 812 2642 74,
826 2582 845 2631 f.
859 2583 947 2643 99¹,1n
963 2583 1019 2632 227.

406 2764 534 2849 1113.
1351 2807 1447 2871 1322,
1463 2788 1484 2852 6
1500 2789 1677 2856 decembre.

401 2882 582 2951 Guillelmo
610 2886 652 2952 de
669 2884 853 2972 Moylianis
875 2884 1046 2951 confertur
1072 2886 1301 2956 canonicatus}
1315 2891 1456 2959 ecclesie
1482 2891 1718 2958 Ambianensis

352 2991 415 3054 sub
448 2991 683 3077 expectatione
710 2989 889 3077 prebende,
913 3010 983 3054 non
1010 2992 1169 3058 obstante
1188 2995 1279 3078 quod
1304 2995 1339 3062 in
1364 2995 1504 3062 ecclesia
1531 2994 1719 3062 Morinensi

353 3094 541 3159 cantoriam
557 3116 596 3162 ac
613 3096 849 3163 canonicatum
864 3103 899 3161 et
914 3094 1121 3180 prebendam
1137 3098 1283 3165 obtinet.

403 3197 493 3264 Dum
508 3220 768 3285 personarum...

402 3302 480 3368 Dat.
493 3304 593 3370 Avin.
611 3307 629 3370 8
646 3305 690 3370 id.
707 3305 894 3372 decembris
911 3326 1002 3374 anno
1019 3327 1048 3393 7.

400 3405 440 3471 In
456 3428 486 3473 e.
501 3429 546 3474 m.
562 3410 797 3476 archidiacono
808 3410 1000 3478 Parisiensis
1016 3420 1051 3478 et
1062 3414 1192 3480 cantori
1203 3413 1494 3481 claromontensis
1505 3433 1545 3481 ac
1557 3413 1718 3499 magistro

355 3510 458 3576 Petro
476 3511 653 3596 Placentis,
669 3516 834 3583 canonico
850 3515 1053 3585 Vivariensis
1069 3518 1302 3586 ecclesiarum.

387 3648 449 3713 Beg.
461 3652 510 3701 Av.
523 3653 562 3714 18,
575 3653 593 3703 i.
610 3656 656 3703 172
667 3670 673 3713 ;
686 3654 745 3706 Vat.
760 3658 799 3717 74,
814 3657 834 3707 i.
850 3657 904 3715 123,
916 3671 941 3706 n.
955 3658 1011 3708 ³00.

398 3848 530 3932 1114.
1355 3880 1480 3949 1322,7
1496 3865 1674 3930 decembre.

396 3967 427 4031 S.
445 3968 625 4036 Salvatoris
649 3968 873 4053 Trajectensis
896 3975 931 4033 et
947 3967 978 4031 S.
995 3965 1160 4044 Johannis
1184 3964 1382 4034 Leodiensis
1407 3988 1447 4034 ac
1473 3967 1516 4033 de
1543 3966 1716 4034 Montere-

355 4075 431 4160 gali,
463 4072 736 4141 Carcassonensis
762 4072 914 4154 diocesis,
941 4072 1157 4137 ecclesiarum
1181 4071 1318 4137 decanis
1342 4071 1522 4138 mandatur
1552 4081 1717 4156 quatenus

358 4180 532 4245 conferant
546 4178 705 4264 magistro
721 4173 928 4261 ingerranno
945 4175 988 4241 de
999 4175 1139 4257 Fiesses,
1150 4178 1263 4262 legum
1277 4176 1417 4258 doctori,
1429 4176 1598 4262 quandam
1612 4175 1718 4260 digni-

355 4294 464 4352 tatem
480 4284 619 4350 ecclesie
636 4282 675 4348 B.
694 4280 801 4347 Mane
816 4281 1049 4365 Trajectensis,
1065 4281 1312 4368 preposituram
1330 4301 1389 4346 seu
1409 4280 1716 4346 archidiaconatum

356 4397 594 4475 nuncupatam,
633 4407 766 4452 necnon
804 4385 1038 4451 canonicatum
1076 4392 1111 4450 et
1140 4384 1347 4470 prebendam
1385 4384 1535 4470 ejusdem
1566 4382 1718 4462 ecclesie,

355 4502 515 4560 vacantes
530 4513 589 4578 per
605 4492 734 4557 obitum
752 4489 891 4555 Henrici
907 4490 949 4556 de
961 4488 1120 4574 Teghele,
1137 4490 1170 4553 in
1187 4490 1338 4575 partibus
1354 4488 1417 4555 illis
1432 4487 1597 4569 defuncti,
1611 4486 1719 4553 consi·

355 4598 530 4664 deratione
555 4597 675 4677 Caroli,
701 4596 787 4680 regis
823 4593 973 4676 Francie,
1000 4614 1069 4659 non
1101 4596 1258 4660 obstante
1289 4593 1379 4679 quod
1410 4593 1443 4658 in
1475 4591 1654 4658 Leodiensi
1686 4599 1721 4654 et

357 4702 396 4768 B.
414 4701 553 4767 Martini
570 4703 611 4769 de
629 4700 801 4781 Pinconi0,
818 4699 1053 4764 Ambianensis
1068 4699 1220 4780 diocesis,
1241 4698 1459 4763 canonicatus
1484 4705 1518 4763 et
1534 4694 1721 4782 prebendas

356 4808 489 4873 obtinet
505 4816 539 4872 et
555 4807 588 4871 in
604 4805 723 4871 eadem
738 4804 916 4870 Leodiensi
933 4803 1074 4869 ecclesia
1089 4803 1289 4888 dignitatem
1305 4810 1476 4888 expectat.

403 4910 607 4977 Litterarum
622 4910 772 4977 seientia.
782 4961 802 4973 ..

401 5017 482 5082 Dat.
498 5017 597 5081 Avin.
616 5035 633 5101 7
650 5015 694 5082 id.
710 5015 896 5082 decembris
912 5034 1002 5081 anno
1021 5032 1050 5097 7.

387 5153 449 5215 Beg.
464 5156 512 5203 Ar.
528 5156 566 5213 18,
580 5155 598 5203 f.
614 5157 691 5207 236ss
707 5155 763 5203 lat.
781 5157 817 5212 74,
831 5155 849 5202 t.
864 5155 931 5213 llsv,
943 5167 967 5199 n.
982 5153 1037 5198 382.
