4409 6017
512 669 573 785 268
1055 717 1213 783 Denxibme
1234 719 1337 784 annea.

509 867 655 952 prefatus
670 888 784 934 comes
800 867 896 933 nobis
911 867 1081 932 humiliter
1097 866 1305 950 supplicavit,
1323 876 1370 946 ut,
1388 888 1431 931 ne
1453 867 1529 932 talis
1550 876 1689 934 tonsure
1717 877 1861 955 pretextu

509 971 666 1055 predictis
692 972 819 1056 juribus
848 970 1070 1049 defraudetur,
1101 969 1277 1054 providere
1308 970 1369 1034 sibi
1401 955 1499 1056 super
1526 972 1592 1037 hoc
1626 970 1669 1037 de
1707 982 1864 1059 oportuno

508 1075 657 1140 remedio
672 1075 891 1159 dignaremur.
909 1073 983 1139 Nos
1006 1093 1096 1157 erg0,
1113 1073 1328 1139 attendentes
1349 1074 1549 1159 petitionem
1572 1075 1763 1161 hujusmodi
1792 1098 1865 1143 con·

508 1199 624 1243 sonam
641 1199 713 1244 esse
725 1180 838 1263 juriet
855 1188 1033 1263 propterea
1057 1178 1090 1240 in
1116 1178 1180 1241 hac
1196 1185 1290 1261 parte
1314 1178 1392 1243 dicti
1421 1178 1553 1244 comitis
1568 1179 1864 1265 supplicationibus

507 1281 861 1361 inclinati,discreti0ni
874 1290 982 1346 vestre
993 1301 1051 1366 per
1061 1280 1245 1365 apostolica
1253 1281 1376 1366 scripta
1389 1282 1537 1348 districte
1547 1282 1769 1368 precipiendo
1780 1305 1867 1349 man-

507 1384 624 1450 damus
647 1393 810 1469 quatenus
831 1385 873 1451 de
898 1385 1065 1470 premissis
1088 1384 1261 1467 inquiratis
1283 1385 1475 1469 diligentius
1490 1386 1679 1467 veritatem,
1696 1394 1730 1451 et
1753 1408 1795 1452 ea
1809 1408 1868 1472 que

508 1489 684 1573 superbiis
700 1490 894 1554 inveneritis
910 1490 1006 1553 nobis
1021 1509 1080 1573 per
1095 1496 1222 1552 vestras
1237 1488 1365 1554 litteras
1385 1489 1502 1554 harum
1518 1489 1638 1555 seriem
1657 1490 1871 1555 continentes

508 1592 648 1657 fideliter
669 1593 821 1658 intimare
851 1594 993 1671 curetis;
1022 1591 1133 1657 eidem
1163 1592 1324 1678 episcopo
1349 1581 1528 1658 Leodiensi
1559 1614 1601 1658 ex
1629 1602 1726 1680 parte
1758 1602 1871 1660 nostra

507 1695 740 1761 nichilominus
766 1697 956 1762 inhibentes
982 1718 1024 1760 ne
1049 1695 1209 1780 deinceps
1234 1697 1356 1762 talibus
1377 1697 1517 1763 subditis
1539 1696 1622 1763 dicti
1649 1697 1797 1779 comitis
1825 1698 1871 1762 in·

506 1799 651 1866 lantibus
667 1800 824 1866 videlieet
839 1823 898 1867 seu
914 1800 1016 1865 etiam
1032 1800 1197 1864 illiteratis
1211 1808 1385 1867 tonsuram
1401 1821 1460 1886 per
1476 1821 1511 1866 se
1526 1801 1581 1865 vel
1597 1800 1702 1883 alium
1719 1802 1871 1868 conserat

507 1903 703 1968 clericalem.
720 1904 861 1988 Quodsi
878 1924 946 1969 non
968 1924 1086 1969 omnes
1109 1904 1171 1968 hiis
1197 1903 1402 1990 exequendis
1417 1904 1594 1991 potueritis
1610 1904 1787 1985 interesse,
1803 1905 1871 1972 duo

506 2013 653 2071 vestrum
669 2027 709 2071 ea
725 2007 959 2072 nichilominus
975 2018 1191 2092 exequantur.
1210 2009 1287 2074 Dat.
1304 2007 1402 2073 Avin.
1421 2027 1437 2072 2
1455 2006 1521 2073 kal.
1537 2008 1651 2093 aprilis
1666 2028 1762 2073 anno
1779 2029 1839 2074 2.»

541 2143 599 2204 lleg.
614 2148 659 2191 hv.
677 2146 713 2201 lt),
726 2144 744 2191 l.
757 2146 810 2203 328,
824 2158 849 2191 n.
862 2146 925 2191 2266
939 2160 944 2201 ;
956 2144 1012 2192 l'at.
1027 2147 1065 2203 os,
1076 2145 1093 2193 i.
1107 2147 1174 2197 405ss¹
1188 2160 1212 2192 n.
1226 2146 1296 2193 2247.

549 2307 663 2393 533.
1528 2322 1563 2408 [1
1561 2321 1661 2409 318],
1686 2343 1704 2386 1
1728 2322 1829 2387 avrr'l.

551 2423 721 2491 Fratribus
751 2425 852 2491 Petro
887 2426 929 2491 de
958 2426 1093 2508 Palude,
1125 2427 1284 2510 magistro
1321 2427 1355 2490 in
1389 2426 1571 2511 theologia,
1602 2425 1869 2505 predicatorum,

507 2528 678 2614 Stephano
700 2530 742 2595 de
759 2529 905 2596 Neriaco
920 2537 955 2594 et
971 2529 1153 2595 Guillelmo
1168 2530 1210 2595 de
1226 2529 1400 2609 Gandavo,
1418 2528 1591 2595 Minorum
1615 2529 1758 2596 fratrum
1783 2529 1867 2596 ordi-

506 2653 596 2714 num,
611 2633 786 2698 mandatur
802 2643 838 2698 ut
854 2634 968 2699 comiti
986 2643 1020 2698 et
1036 2634 1332 2699 communitatibus
1346 2633 1501 2699 Flandrie
1517 2634 1646 2699 litteras
1661 2634 1866 2720 apostolicas

506 2736 548 2800 de
564 2736 742 2802 securitate
765 2737 942 2803 sufficienti
965 2758 1026 2823 pro
1048 2758 1132 2823 pace
1158 2759 1235 2804 cum
1252 2737 1419 2823 Philipp0,
1434 2757 1512 2823 rege
1528 2735 1679 2817 Francie,
1704 2735 1868 2802 firmanda

507 2848 701 2923 presentare
718 2849 844 2905 curent.

550 3049 567 3086 v
584 3027 724 3092 Dilectis
740 3027 814 3092 liliis
830 3026 981 3092 fratribus
998 3026 1098 3092 Petro
1114 3027 1156 3092 de
1174 3026 1307 3107 Palude,
1325 3028 1483 3112 magistro
1498 3028 1532 3091 in
1549 3028 1732 3112 theologia,
1753 3027 1866 3092 Prodi-

504 3139 664 3210 catornm,
690 3130 861 3215 Stephano
891 3132 932 3196 de
967 3130 1123 3211 Neriaco,
1148 3139 1182 3195 et
1208 3130 1388 3196 Guillelmo
1418 3131 1460 3197 de
1491 3130 1665 3210 Gandav0,
1693 3129 1864 3196 Minorum

504 3233 639 3298 fratrum
656 3234 818 3314 ordinum,
836 3234 959 3299 nuntiis
976 3234 1106 3299 nostris.
1124 3233 1210 3298 Cum
1226 3235 1336 3310 simus
1354 3236 1431 3301 licet
1447 3234 1614 3314 immeriti,
1631 3236 1702 3319 ejus
1719 3236 1776 3319 qui
1799 3235 1863 3306 via,

505 3335 624 3400 veritas
639 3345 691 3401 est
707 3345 741 3401 et
758 3337 836 3415 vita,
853 3340 924 3402 sola
940 3358 998 3402 sua
1013 3337 1207 3421 dignatione
1232 3338 1354 3417 vicarii,
1372 3348 1522 3403 nostrum
1549 3358 1621 3403 esse
1645 3338 1750 3403 debet
1777 3337 1862 3404 circa

502 3460 674 3524 processus
699 3442 873 3526 presertim
893 3449 929 3506 et
952 3449 1045 3506 actus
1062 3450 1194 3506 nostros
1221 3441 1387 3506 interdum
1412 3442 1445 3504 in
1470 3444 1579 3507 lucem
1603 3442 1783 3506 veritatem
1807 3440 1863 3506 ad·

503 3543 622 3609 ducere
647 3565 829 3629 perquam
856 3546 999 3629 pellatur
1027 3544 1160 3620 falsitas,
1188 3546 1330 3609 varietas
1345 3555 1358 3579 ⁰
1374 3547 1488 3625 lateat,
1515 3553 1623 3610 cesset
1650 3544 1860 3631 dupplicitas.

503 3648 646 3712 mendax
677 3649 814 3712 assertio
839 3649 1024 3713 delirescat.
1052 3650 1138 3714 Sane
1165 3648 1290 3714 dudum
1316 3649 1415 3713 certis
1437 3649 1717 3714 conventionibus
1743 3648 1863 3713 habitis

504 3748 588 3813 inter
604 3750 808 3815 carissimum
827 3750 859 3815 in
878 3750 1012 3816 Christo
1035 3751 1138 3816 filium
1156 3761 1306 3817 nostrum
1324 3751 1524 3837 Philippum,
1540 3771 1654 3836 regem
1672 3749 1814 3817 Francie
1829 3760 1863 3816 et

502 3851 652 3917 Navarre
681 3854 852 3928 illustrem,
870 3865 950 3920 tunc
974 3874 1076 3939 regna
1093 3853 1234 3919 Francie
1259 3863 1294 3919 et
1310 3853 1462 3919 Navarre
1486 3863 1673 3940 regentem,
1701 3863 1863 3941 exparte

503 3976 577 4033 nna,
599 3964 633 4020 et
649 3957 809 4022 dilectum
833 3958 936 4021 lilium
953 3958 1099 4023 nobilem
1126 3959 1232 4021 virum
1251 3957 1445 4034 Robertum,
1462 3958 1632 4038 comitem,
1654 3965 1690 4022 et
1713 3978 1862 4023 commu·

501 4060 622 4124 nitates
634 4059 661 4122 F
663 4060 788 4124 landrie
804 4082 845 4124 ex
861 4063 975 4140 altera,
987 4081 1084 4146 super
1099 4061 1296 4145 quibusdam
1313 4062 1458 4127 articulis
1468 4062 1559 4147 pacis
1575 4061 1655 4126 olim
1672 4061 1760 4126 inter
1776 4064 1860 4128 clare

501 4163 660 4227 memorie
679 4163 878 4248 Philippum,
902 4185 1014 4248 regem
1033 4163 1182 4243 Francie,
1203 4165 1283 4229 dicti
1311 4165 1397 4247 regis
1424 4164 1621 4247 genitorem,
1648 4165 1729 4230 dum
1755 4165 1862 4230 adhuc

500 4266 637 4345 viveret,
662 4286 701 4331 ac
727 4268 887 4332 comitem
912 4277 947 4331 et
971 4269 1231 4333 communitates
1258 4268 1425 4353 predictos
1457 4268 1548 4346 inite,
1565 4277 1677 4352 partes
1707 4268 1779 4353 ipse
1803 4288 1861 4354 pro

500 4371 779 4435 conventionibus
794 4372 1003 4455 complendis
1019 4372 1208 4456 hujusmodi
1232 4381 1267 4435 et
1291 4371 1525 4435 inviolabiliter
1541 4372 1768 4452 observandis,
1784 4372 1861 4437 dare

500 4495 539 4539 ac
554 4482 701 4558 prestare
716 4476 801 4539 tales
817 4474 961 4539 invicem
979 4476 1163 4540 securitatis
1180 4476 1317 4555 litteras,
1334 4496 1399 4559 qne
1423 4475 1585 4539 deberent
1609 4474 1772 4552 sufficere,
1788 4496 1860 4561 pro·

500 4576 832 4661 miseruntcpmque
842 4578 1057 4663 postmodum
1068 4578 1156 4643 dicte
1167 4588 1278 4663 partes
1294 4599 1392 4663 super
1408 4578 1596 4663 prestandis
1612 4588 1647 4643 et
1662 4579 1860 4666 recipiendis

501 4680 732 4745 securitatibus
763 4681 840 4765 ipsis
865 4681 1067 4747 concordare
1098 4703 1166 4746 non
1200 4691 1347 4766 possent,
1374 4690 1486 4746 actum
1511 4681 1624 4746 extitit
1651 4682 1860 4748 concorditer

502 4785 586 4848 inter
602 4784 673 4850 illas
690 4785 779 4867 quod
795 4785 878 4849 inl'ra
895 4786 974 4850 certi
992 4786 1154 4869 temporis
1171 4785 1316 4870 spatium
1334 4806 1447 4850 earum
1464 4786 1612 4868 quelibet
1627 4798 1858 4871 procuratores

501 4909 577 4953 suos
593 4896 627 4951 et
643 4888 778 4952 nuntios
801 4890 843 4954 ad
866 4896 1015 4954 nostram
1033 4889 1236 4973 presentiam
1251 4889 1411 4968 mitteret,
1428 4897 1590 4970 nostrum,
1603 4910 1669 4974 que
1685 4911 1785 4977 super
1795 4891 1857 4955 hoc

501 4990 664 5055 deberent
680 4992 874 5056 securitates
887 4991 1049 5074 sufficere,
1060 4993 1236 5058 consilium
1250 4991 1431 5058 audituros.
1448 4993 1595 5057 Demum
1611 5014 1693 5059 vero
1708 5014 1860 5080 procura-

534 5166 559 5197 α.
572 5152 666 5197 veritas
678 5166 728 5213 rap.
