4409 6017
890 698 1048 765 Troisilme
1068 696 1172 764 anule.
1664 697 1718 762 801

403 817 519 902 726.
1447 855 1542 921 1319,
1558 856 1580 921 ᾳ
1589 834 1677 917 juin.

401 933 591 1002 Bertrando
607 936 794 1006 Grimoardi
810 940 1027 1006 conferuntur
1041 940 1261 1007 canonicatus
1281 947 1317 1004 et
1331 937 1622 1006 archidiaconatus
1639 938 1721 1004 Vas-

354 1039 498 1106 tinensis
514 1040 548 1105 in
563 1042 705 1109 ecclesia
721 1044 917 1126 Senonensi,
933 1048 993 1111 sub
1010 1044 1245 1131 expectatione
1259 1042 1430 1130 prebende
1439 1065 1448 1123 ;
1465 1043 1517 1109 cui
1534 1033 1722 1108 Bertrando

350 1140 424 1225 jam
438 1143 611 1229 provisum
626 1145 733 1212 fuerat
747 1146 790 1212 (16
802 1148 1014 1230 canonicatu,
1024 1146 1195 1234 prebenda
1205 1155 1240 1212 et
1251 1146 1526 1213 archidiaconatu
1542 1146 1720 1213 Vastinen·

353 1246 380 1311 si
410 1246 444 1312 in
471 1247 563 1315 dicta
586 1250 727 1316 ecclesia
752 1252 950 1318 vacantibus
974 1272 1034 1337 per
1058 1250 1188 1318 obitum
1211 1249 1287 1316 Ade
1311 1250 1353 1316 de
1370 1249 1527 1333 Pruvino,
1543 1250 1624 1316 alias
1639 1249 1720 1316 dicti

354 1348 522 1437 Curtipes,
549 1352 644 1420 Sedis
670 1355 852 1440 apostolice
879 1355 1041 1441 capellani
1064 1356 1110 1439 (¹)
1127 1377 1135 1434 ;
1153 1353 1223 1434 sed,
1238 1356 1328 1420 bone
1350 1353 1513 1419 memorie
1535 1353 1720 1439 Philippus,

352 1454 625 1544 archiepiscopus
641 1457 853 1540 Senonensis,
869 1466 948 1524 ante
964 1458 1189 1544 provisionem
1205 1457 1400 1543 predictam,
1417 1457 1526 1523 dictos
1541 1457 1720 1524 canonica·

352 1566 425 1623 tum
441 1567 478 1624 et
492 1560 699 1646 prebendam
714 1560 734 1639 J
737 1562 862 1629 ohanni
877 1562 920 1628 de
937 1560 1147 1629 Monasterio
1161 1563 1359 1643 contulerat,
1370 1581 1436 1646 que
1445 1561 1582 1628 collatio
1597 1582 1617 1626 a
1632 1580 1720 1647 papa

353 1662 554 1729 confirmata
568 1663 697 1745 fuerat;
715 1673 750 1730 et
765 1664 964 1732 Guillelmus
978 1665 1020 1731 de
1036 1664 1169 1746 Odone,
1186 1664 1366 1731 canonicus
1391 1664 1541 1749 ejusdem
1567 1664 1719 1743 ecclesie,

353 1765 410 1849 qui
425 1786 527 1852 super
542 1767 634 1833 dicto
649 1768 920 1836 archidiaconatu
932 1770 986 1855 jus
1001 1769 1124 1835 habere
1140 1768 1282 1850 dicebat,
1294 1767 1337 1834 ad
1357 1767 1480 1834 Sedem
1500 1767 1720 1854 apostolicam

354 1870 584 1955 appellaverat
605 1892 646 1936 ex
671 1893 713 1938 eo
739 1873 830 1957 quod
844 1872 954 1939 dictus
969 1872 1258 1939 archidiaconatus
1274 1892 1315 1937 ex
1326 1872 1460 1938 statutis
1475 1871 1565 1937 dicte
1580 1870 1721 1937 ecclesie

353 1973 488 2038 nonnisi
512 1975 682 2041 canonicis
705 1976 806 2061 ipsius
830 1976 970 2043 ecclesie
994 1976 1135 2043 conferri
1160 1975 1356 2056 consuevit3
1374 1995 1442 2040 non
1459 1977 1616 2041 obstante
1631 1974 1722 2060 quod

353 2077 467 2144 dictus
482 2077 685 2145 Bertrandus
699 2079 733 2144 in
749 2080 781 2145 S.
793 2078 931 2146 Martini
948 2079 1143 2146 Leodiensis
1155 2087 1190 2145 et
1205 2079 1247 2145 de
1263 2080 1295 2146 S.
1306 2078 1442 2145 Asterio
1457 2078 1607 2145 ecclesiis
1622 2099 1721 2145 cano·

354 2182 489 2248 nicatus
504 2190 538 2248 et
553 2183 740 2269 prebendas
755 2190 790 2248 et
805 2184 989 2269 prioratum
1000 2184 1043 2250 de
1054 2184 1199 2265 Salveta,
1209 2203 1343 2249 necnon
1358 2181 1600 2269 parrochialem
1616 2183 1721 2247 eccle-

353 2284 440 2349 siam
468 2283 511 2349 de
527 2282 720 2351 Conflantio
746 2294 781 2351 et
805 2288 909 2352 altare
931 2285 970 2351 Β.
988 2285 1037 2353 M.
1054 2284 1267 2372 Magdalene,
1283 2284 1460 2351 Trecensis
1483 2293 1518 2350 et
1534 2283 1720 2369 Petragori-

354 2388 466 2454 censis
482 2387 658 2453 civitatum
674 2396 708 2453 et
724 2389 906 2471 diocesum,
919 2390 1072 2471 obtinet;
1089 2389 1333 2476 parrochialem
1342 2388 1520 2455 ecclesiam
1536 2388 1720 2475 predictam

355 2490 530 2556 dimittere
541 2491 719 2558 tenebitur.

404 2593 586 2660 Probitatis
601 2603 700 2661 tue...

401 2698 481 2763 Dat.
497 2698 626 2763 Avin.2
642 2720 722 2765 non.
734 2700 818 2785 junii
834 2721 924 2767 anno
938 2721 967 2785 3.

400 2800 442 2865 In
459 2822 488 2866 e.
505 2822 550 2868 m.
566 2801 844 2889 Petragoricensis
853 2813 888 2871 et
897 2803 1072 2871 Trecensis
1087 2804 1278 2870 cantoribus
1290 2823 1329 2869 ac
1343 2803 1514 2869 Adenraro
1524 2802 1565 2867 de
1576 2801 1722 2883 Virsaco,

353 2905 525 2971 canonico
540 2906 689 2991 ejusdem
703 2907 878 2975 Trecensis
890 2908 1114 2975 ecclesiarum.

394 3043 456 3103 Reg.
468 3044 516 3093 Ar.
530 3046 567 3104 13,
581 3045 599 3093 f.
612 3046 671 3093 736¹
682 3061 687 3104 ;
698 3046 757 3095 l'at.
767 3048 806 3104 69,
818 3048 836 3096 l.
851 3048 907 3107 239,
921 3061 946 3096 n.
959 3049 1005 3095 756
1015 3062 1021 3105 ;
1031 3045 1090 3095 Vat.
1104 3048 1141 3105 70,
1154 3046 1174 3096 i.
1188 3046 1254 3105 5992,
1268 3059 1293 3094 n.
1304 3045 1375 3094 1560.

402 3211 468 3295 72
474 3214 517 3295 7
1426 3245 1522 3311 1319,
1540 3224 1581 3290 16
1590 3224 1678 3307 juin.

399 3330 551 3398 Gerardo
575 3331 617 3397 de
642 3331 833 3398 Bossoneus
857 3331 1072 3398 conferuntur
1097 3331 1313 3397 canonicatus
1339 3339 1373 3396 et
1396 3329 1566 3416 prebenda
1581 3328 1722 3394 ecclesie

355 3435 576 3502 Virdunensis
591 3445 753 3502 vacantes
768 3456 827 3522 per
843 3436 973 3501 obitum
991 3435 1139 3520 magistri
1163 3433 1281 3512 Jacobi
1305 3434 1347 3500 de
1375 3432 1615 3514 Bocamachiis,
1642 3432 1722 3498 dicti

355 3540 399 3605 (16
415 3539 561 3620 Sabello
577 3540 763 3624 apostolice
778 3538 872 3605 Sedis
887 3539 1018 3619 notarii,
1036 3538 1069 3602 in
1086 3538 1235 3625 partibus
1252 3537 1548 3604 Cameracensibus
1562 3535 1722 3617 defuncti,

356 3663 427 3708 non
451 3645 608 3708 obstante
635 3642 726 3726 quod
752 3642 952 3707 decanatum
979 3640 1109 3707 Valerie
1136 3641 1170 3705 in
1195 3641 1389 3723 Sedunensi,
1411 3661 1488 3706 cum
1515 3660 1603 3720 cura,
1629 3647 1663 3704 et
1689 3640 1722 3703 in

356 3746 479 3812 eadem
501 3766 540 3811 ac
564 3743 738 3831 Bajocensi
761 3766 801 3811 ac
825 3744 1028 3811 Lausanensi
1052 3744 1203 3811 ecclesiis
1226 3744 1443 3810 canonicatus
1474 3753 1509 3809 et
1536 3742 1723 3829 prebendas

360 3850 504 3915 obtinet.

405 3951 660 4038 Circumspecta
676 3950 810 4017 Sedis...

406 4058 487 4122 Dat.
502 4055 602 4121 Avin.
623 4059 660 4120 16
676 4054 742 4121 kal.
756 4055 828 4141 julii
845 4075 934 4120 anno
951 4075 980 4139 3.

407 4160 447 4225 ln
464 4181 493 4224 e.
511 4180 556 4223 m.
572 4159 614 4224 de
628 4159 809 4225 Altacrista
825 4168 860 4224 et
875 4158 917 4223 de
932 4158 1025 4238 Tela,
1043 4156 1264 4224 Lausanensis
1278 4157 1431 4238 diocesis,
1443 4158 1724 4223 monasteriorum

362 4264 537 4330 abhatibus
552 4284 592 4329 ac
608 4262 779 4349 Stephano
794 4263 837 4328 de
852 4265 996 4344 Albona,
1010 4263 1174 4328 canonico
1191 4260 1407 4328 Lausanensi.

398 4403 460 4463 ch.
473 4404 523 4449 Ar.
537 4404 573 4458 12,
586 4400 604 4448 f.
618 4402 681 4458 1403
695 4400 754 4453 Vat.
769 4403 808 4459 69,
820 4402 913 4457 13431,
926 4415 951 4448 n.
966 4403 1035 4448 1090.

406 4569 520 4651 728.
1434 4605 1528 4671 1319,
1546 4583 1586 4649 16
1596 4583 1684 4667 juin.

406 4687 553 4753 Guidoni
586 4686 694 4767 Fabri,
724 4688 887 4753 canonico
912 4688 1051 4753 ecclesie
1079 4689 1110 4753 S.
1127 4687 1293 4765 Johannis
1317 4687 1522 4770 Leodiensis,
1540 4681 1728 4775 indulgetur

366 4801 401 4856 ut
416 4791 573 4856 insistens
589 4791 772 4857 scolasticis
788 4791 970 4877 disciplinis
985 4813 1089 4876 usque
1106 4792 1148 4857 ad
1163 4792 1342 4856 triennium
1354 4791 1479 4857 fructus
1490 4791 1728 4857 beneficiorum

366 4916 500 4961 suorum
515 4894 687 4981 percipere
704 4897 826 4961 valeat.

395 5124 416 5173 1.
437 5123 501 5185 Voy.
514 5138 539 5174 n.
552 5126 606 5173 690.
