4409 6017
526 717 586 783 292
1062 716 1218 785 Troisibne
1239 717 1341 783 annio.

522 868 623 948 retis3
639 867 796 954 alioquin,
812 890 888 936 cum
903 892 966 938 nec
982 870 1132 951 velimus,
1149 890 1212 936 nec
1228 870 1320 936 salva
1343 867 1549 936 conscientia
1572 869 1747 934 valeamus
1774 866 1879 933 eidem

522 973 590 1058 regi
606 972 653 1038 sic
668 972 862 1039 evidentem
874 975 1039 1060 justitiam
1053 974 1269 1061 prosequenti
1285 973 1318 1038 in
1335 974 1398 1039 hac
1412 980 1508 1059 parte
1524 972 1652 1053 deesse,
1667 973 1740 1058 ejus
1757 970 1880 1057 Justitie

525 1076 746 1142 favorabiliter
761 1078 878 1144 adesse
893 1078 1121 1164 proponimus,
1136 1086 1236 1164 prout
1251 1077 1409 1163 expedire
1425 1076 1606 1143 viderimus
1621 1083 1657 1141 et
1672 1075 1774 1141 fuerit
1790 1095 1881 1161 opor·

524 1187 654 1245 tunum.
666 1180 793 1246 Datum
810 1182 825 1267 (
844 1184 870 1264 ).

566 1283 606 1349 In
622 1284 767 1351 eundem
782 1285 920 1352 modurn
931 1336 955 1353 ..
971 1287 1240 1373 burgemagistris
1254 1295 1319 1355 et..
1335 1286 1479 1354 scabinis
1494 1285 1573 1351 ville
1589 1284 1632 1350 de
1648 1282 1779 1368 Brugis,

566 1387 606 1453 In
622 1388 766 1455 eundem
782 1390 921 1457 modurn
936 1389 1108 1457 advocatis
1124 1399 1158 1456 et
1175 1390 1316 1457 scabinis
1339 1391 1418 1457 ville
1434 1388 1589 1476 iprensis.

566 1492 605 1557 ln
621 1494 766 1559 eundem
783 1494 921 1561 modum
936 1496 1080 1561 scabinis
1095 1494 1138 1561 de
1156 1494 1286 1562 Franco
1302 1495 1344 1561 de
1361 1494 1479 1580 Brugis
1505 1516 1535 1561 n.

554 1639 615 1699 fleg.
627 1638 685 1688 vm..
703 1642 754 1690 llll.
769 1655 828 1703 pars
840 1641 860 1699 1,
873 1641 891 1690 f.
904 1643 953 1700 62¹,
967 1656 992 1691 n.
1009 1644 1061 1690 197.
1074 1670 1106 1677 —
1118 1641 1223 1701 (audon,
1237 1657 1262 1691 n.
1275 1643 1322 1690 837
1334 1643 1350 1690 ir·
1362 1642 1408 1690 840
1420 1642 1526 1704 (texte).

565 1807 681 1890 699.
1578 1843 1675 1909 1319,
1699 1843 1720 1884 1
1742 1820 1839 1886 avril.

562 1925 744 2011 Aymerico
769 1926 811 1993 de
837 1926 1131 2013 Rechignevoysin
1158 1926 1376 1994 conferuntur
1411 1925 1628 1993 canonicatus
1650 1934 1687 1992 et
1713 1922 1880 2012 prebenda

520 2030 660 2096 ecclesie
678 2029 706 2094 F
707 2030 867 2111 urnensis,
891 2029 1092 2097 Morinensis
1123 2029 1275 2112 diocesis,
1297 2038 1457 2097 vacantes
1474 2050 1534 2118 per
1557 2030 1689 2097 obitum
1705 2027 1820 2096 Garini
1840 2027 1879 2092 de

519 2132 548 2198 T
551 2134 672 2214 illeriis,
688 2134 781 2202 Sedis
800 2135 985 2221 apostolice
1011 2134 1191 2221 scriptoris,
1215 2134 1303 2222 apud
1330 2134 1451 2201 Sedem
1475 2136 1697 2221 apostolicam
1723 2131 1876 2212 defuncti,

519 2241 760 2305 nonobstante
784 2238 875 2324 quod
899 2248 1009 2306 rector
1024 2239 1166 2306 ecclesie
1182 2238 1213 2305 S.
1231 2237 1380 2306 Mauritii
1397 2239 1438 2305 de
1461 2238 1573 2306 Insula
1598 2237 1801 2318 Bouchardi,
1817 2237 1876 2302 Tu·

519 2342 670 2408 ronensis
684 2341 836 2424 diocesis,
863 2343 977 2409 existit
993 2351 1028 2409 et
1043 2344 1077 2408 in
1102 2343 1238 2409 civitate
1261 2352 1295 2409 et
1319 2342 1444 2409 diocesi
1465 2342 1654 2409 Pictavensi
1678 2340 1872 2408 beneficium

519 2446 781 2512 ecclesiasticum
797 2447 877 2533 (100
893 2445 949 2513 lib.
966 2455 1029 2514 tur.
1046 2447 1154 2533 parv.)
1168 2455 1336 2533 expectat.

564 2540 734 2608 lnducunt
752 2562 857 2609 nos...

564 2637 641 2702 Dat.
657 2637 756 2704 Avin.
772 2637 839 2704 kal.
855 2638 967 2725 aprilis
982 2659 1072 2705 anno
1090 2660 1119 2724 3.
1456 2701 1458 2705 ,

563 2739 602 2805 In
627 2762 656 2806 e.
679 2762 723 2806 m.
747 2741 778 2806 S.
795 2741 953 2809 Germani
969 2742 1011 2809 de
1039 2741 1146 2807 Pratis
1163 2741 1364 2823 Parisiensis,
1382 2750 1416 2807 et
1433 2740 1476 2807 de
1502 2742 1601 2828 Stirp,
1626 2739 1864 2808 Lemovicensis
1901 2723 1907 2832 ξ

519 2845 670 2925 diocesis,
686 2845 965 2912 monasteriorum
981 2846 1156 2912 abbatibus
1172 2866 1212 2913 ac
1227 2845 1357 2912 decano
1372 2846 1512 2912 ecclesie
1529 2845 1749 2912 Pictavensis.
1900 2835 1905 2938 ξ

554 2986 613 3043 lieu.
626 2985 686 3033 Vaf.
698 2987 736 3040 69,
746 2987 765 3035 f.
777 2988 842 3045 alu,
857 3002 882 3035 n.
896 2989 951 3038 illl.

563 3150 682 3232 700.
1584 3183 1717 3249 1319,r
1740 3164 1830 3231 avril.
1900 3097 1905 3156 Ι

564 3267 762 3334 Fortanerio
777 3268 819 3334 de
835 3267 1008 3333 Gordonio
1024 3267 1240 3335 conferuntur
1264 3267 1481 3334 canonicatus
1503 3275 1538 3333 et
1553 3268 1725 3352 prebenda
1741 3266 1863 3336 ecclesie

519 3373 550 3437 S.
567 3372 748 3438 Donatiani
775 3370 961 3456 Brugensis,
978 3370 1201 3437 Tornacensis
1225 3370 1376 3452 diocesis,
1392 3378 1552 3437 vacantes
1576 3391 1636 3458 per
1660 3372 1790 3438 obitum
1810 3392 1864 3437 ma·

518 3476 609 3561 gistri
625 3476 743 3554 Jacobi
760 3477 802 3543 de
819 3476 999 3557 Casalibus,
1010 3475 1104 3541 Sedis
1119 3474 1304 3561 apostolice
1320 3473 1592 3561 capellani,apud
1604 3475 1749 3542 eandem
1761 3477 1864 3543 Sedem

519 3580 677 3663 defuncti,
704 3602 774 3645 non
801 3582 957 3646 obstante
981 3579 1072 3664 quod
1096 3578 1130 3643 in
1155 3579 1295 3646 ecclesia
1324 3578 1533 3644 Ruthenensi
1559 3580 1619 3645 sub
1643 3580 1866 3666 expectatione

520 3684 689 3770 prebende
705 3685 739 3749 in
754 3684 952 3751 canonicum
968 3690 1019 3747 est
1034 3690 1188 3769 receptus
1215 3692 1249 3748 et
1276 3682 1309 3746 in
1326 3682 1463 3748 civitate
1479 3691 1515 3749 et
1530 3682 1653 3751 diocesi
1673 3682 1867 3751 Ruthenensi

521 3788 720 3854 beneficium
738 3788 818 3872 (100
833 3787 889 3852 lib.
905 3797 968 3852 tur.
978 3787 1087 3872 parv.)
1105 3795 1272 3872 expectat.

565 3890 599 3956 N
602 3890 789 3957 obilitatem
805 3891 975 3976 generis...

566 3995 643 4060 Dat.
659 3994 759 4060 Avin.
775 3994 841 4060 kal.
858 3994 969 4080 aprilis
985 4015 1076 4059 anno
1094 4013 1124 4078 3.

566 4098 605 4162 ln
629 4121 658 4163 e.
676 4120 719 4163 rn.
735 4097 985 4184 archiepiscopo
1012 4097 1277 4182 Rothomagensi
1309 4105 1344 4162 et
1375 4096 1536 4184 episcopo
1568 4096 1811 4168 Montisalbani
1838 4121 1870 4167 ac

523 4202 726 4288 Raymundo
741 4202 874 4284 Juveni,
891 4201 1068 4267 scolastico
1084 4201 1224 4267 ecclesie
1241 4201 1532 4287 Petragoricensis

555 4342 613 4402 Ηυξ.
626 4344 673 4389 Ar.
689 4342 724 4397 12,
738 4342 756 4388 f.
769 4343 783 4388 3
795 4356 800 4396 ς
820 4339 878 4389 Vat.
893 4341 932 4400 uu,
945 4340 963 4389 f.
975 4341 1042 4398 auu,
1055 4354 1079 4389 n.
1092 4341 1148 4388 827.

566 4507 675 4589 701.
1586 4543 1682 4608 1319,
1692 4544 1719 4608 3
1743 4526 1838 4590 avril.

564 4624 710 4703 Jobanni
736 4623 826 4689 dicto
842 4622 1006 4708 Genoque
1033 4622 1202 4688 confertur
1227 4624 1443 4691 canonicatus
1475 4625 1615 4691 ecclesie
1648 4626 1680 4693 S.
1708 4626 1874 4715 Gaugerici

524 4727 783 4808 Cameracensis,
799 4730 859 4793 sub
884 4727 1120 4813 expectatione
1144 4728 1324 4813 prebende,
1341 4728 1609 4795 consideratione
1635 4728 1756 4814 Marie,
1772 4732 1875 4819 regine

525 4833 674 4912 Francie,
692 4834 917 4897 nonobstante
941 4830 1032 4916 quod
1055 4832 1215 4916 quasdam
1231 4841 1410 4919 perpetuas
1425 4834 1626 4920 capellanias
1653 4834 1687 4900 in
1714 4836 1745 4902 S.
1771 4836 1875 4902 Crucis

523 4947 557 5001 et
574 4936 604 5000 S.
621 4935 769 5019 Sepulcri
787 4934 1076 5001 Cameracensiurn
1093 4935 1242 5001 ecclesiis
1257 4936 1398 5003 obtinet.

557 5154 576 5199 l.
597 5152 662 5199 l'our
675 5153 700 5200 la
712 5152 778 5211 duur,
794 5168 848 5213 roy.
862 5168 887 5202 n.
906 5156 962 5211 rulo,
977 5159 1044 5201 noto.
