4409 6017
417 770 480 836 864
946 768 1114 849 Cinquiime
1134 770 1236 836 annea.

419 921 574 986 obstante
599 916 690 1003 quod
711 919 745 982 in
772 918 889 1004 majori
914 920 1151 986 canonicatum
1167 927 1201 985 et
1217 917 1479 1005 prebendamet
1505 916 1543 982 in
1568 914 1603 980 S.
1619 911 1760 992 Johannir
1809 918 1811 922 ’

419 1020 615 1087 Leodiensis
630 1021 779 1088 ecclesiis
797 1022 1034 1088 canonicatum
1050 1025 1111 1089 sub
1127 1023 1365 1109 expectatione
1379 1018 1554 1109 prebende
1570 1016 1712 1084 obtinet

464 1123 537 1189 Tue
553 1122 713 1189 merita...

464 1226 544 1292 Dat.
560 1226 660 1292 Avin.
679 1247 695 1291 2
714 1226 758 1292 id.
774 1226 852 1291 maii
869 1247 958 1292 anno
976 1248 1004 1312 5.

465 1329 505 1395 ln
521 1350 550 1396 e.
566 1351 611 1396 m.
626 1330 801 1416 preposito
819 1329 1077 1396 Harlebecensis
1092 1339 1127 1396 et
1141 1331 1272 1397 decano
1287 1330 1318 1395 S.
1336 1327 1425 1394 Petri
1450 1325 1650 1408 insulensis,
1662 1324 1764 1392 Torua

421 1433 529 1500 censis
543 1433 696 1515 diocesis,
715 1454 755 1500 ac
771 1434 931 1519 magistro
954 1433 1085 1512 Jacobo
1111 1434 1154 1501 de
1171 1434 1315 1515 Mutina,
1340 1430 1505 1499 canonico
1534 1428 1767 1497 Cameracensis
1796 1435 1803 1446 ”

423 1538 650 1606 ecclesiarum.

455 1698 516 1757 Reg.
532 1700 580 1747 Ar.
591 1700 629 1756 15,
644 1698 661 1747 i.
676 1699 735 1745 224*
748 1697 823 1754 3Vat.
837 1700 873 1757 72,
888 1699 905 1747 f.
918 1700 968 1758 ὅδ’,
984 1713 1009 1747 n.
1024 1703 1079 1747 955.

467 1885 575 1968 921.
1480 1923 1579 1986 1521.
1602 1923 1645 1986 14
1669 1901 1738 1966 moi

468 2004 569 2070 Petro
595 2003 687 2069 dicto
712 2002 844 2089 Maiori,
872 2006 993 2071 clerico
1019 2004 1223 2072 Morinensis
1247 2008 1398 2089 diocesis,
1421 2009 1463 2074 de
1479 2027 1649 2074 converso
1665 2004 1772 2072 Cister-
1807 2049 1811 2055 -

426 2108 544 2175 ciensis
559 2107 683 2173 ordinis
698 2108 847 2194 professo
863 2118 897 2174 et
914 2110 1050 2174 muliere
1070 2131 1130 2196 per
1157 2113 1259 2177 verba
1273 2110 1316 2176 de
1333 2110 1442 2177 futuro
1466 2111 1563 2177 alteri
1585 2111 1775 2196 desponsata

425 2212 550 2297 genito,
567 2211 763 2278 conceditur
778 2212 985 2299 dispensatio
1001 2235 1098 2300 super
1113 2214 1248 2280 defectu
1263 2215 1436 2297 natalium,
1452 2223 1490 2280 ut
1505 2213 1548 2280 ad
1564 2234 1688 2280 omnes
1702 2209 1775 2280 ordi·

427 2336 486 2381 nes
509 2318 696 2401 promoveri
718 2325 753 2381 et
777 2317 979 2383 beneficium
999 2318 1264 2384 ecclesiasticum
1287 2319 1438 2384 obtinere
1455 2320 1578 2384 valeat.

474 2418 653 2504 illegitime
667 2420 840 2505 genitos...

474 2522 553 2588 Dat.
569 2522 669 2588 Avin.
688 2544 704 2588 2
723 2522 766 2589 id.
783 2523 861 2589 maii
878 2543 968 2588 anno
982 2543 1011 2606 5.

467 2686 525 2746 ch.
539 2688 586 2735 Av.
604 2688 642 2744 15,
656 2686 674 2735 f.
691 2688 736 2733 187
748 2702 753 2735 :
766 2685 825 2735 Vat.
841 2688 880 2745 72,
894 2686 913 2735 f.
928 2686 978 2743 ΒΡ,
993 2700 1018 2733 n.
1033 2686 1088 2734 961.

477 2902 589 2986 922.
1493 2938 1649 3001 1521,14
1673 2918 1750 2983 mai.

482 3020 644 3106 Magistro
674 3021 855 3087 Guillelmo
881 3024 981 3109 Kapm
1008 3024 1050 3088 de
1078 3021 1343 3089 Montecornuto
1375 3023 1544 3090 confertur
1577 3020 1789 3087 canonicatus

441 3125 582 3191 ecclesie
608 3125 858 3192 Cameracensis
880 3130 940 3192 sub
965 3128 1201 3213 expectatione
1224 3127 1404 3212 prebende,
1430 3146 1498 3192 non
1523 3127 1684 3191 obstante
1708 3118 1789 3207 quod

437 3229 470 3293 in
488 3231 565 3294 loco
582 3228 624 3293 de
641 3227 917 3312 Montecomut0‚
945 3230 1175 3297 Laudunensis
1201 3230 1353 3310 diocesis,
1379 3230 1546 3315 quandam
1573 3225 1790 3313 capellaniam

437 3332 578 3399 obtinet.

483 3435 665 3501 Probitatis
680 3443 777 3500 tue...

481 3542 560 3607 Dat.
576 3540 676 3605 Avin.
695 3561 711 3604 2
730 3539 773 3604 id.
790 3538 867 3603 maii
885 3558 974 3602 anno
993 3556 1020 3621 5.

482 3646 522 3711 In
539 3668 568 3711 e.
585 3666 628 3710 m.
646 3644 775 3710 cantori
792 3643 933 3709 ecclesie
957 3641 1210 3707 Cameracensis
1235 3649 1269 3706 et
1294 3640 1475 3706 Guillelmo
1498 3639 1540 3704 de
1570 3639 1791 3718 Rivoforcato‚

440 3749 604 3817 canonico
619 3749 788 3815 Toletano
800 3769 839 3813 ac
850 3746 986 3813 officiali
998 3745 1243 3812 Cameracensi.

473 3890 533 3950 llog.
546 3893 593 3939 Av.
610 3892 648 3947 15,
662 3888 681 3937 f.
689 3891 758 3943 50lil;
771 3888 830 3935 Vat.
847 3889 885 3946 72,
900 3888 917 3934 f.
931 3887 986 3944 274,
1001 3899 1025 3934 n.
1043 3886 1112 3934 1580.

485 4090 599 4174 923.
1492 4116 1590 4179 1521,
1616 4118 1657 4182 19
1681 4098 1755 4162 mai.

487 4210 616 4288 Jacobo
642 4210 684 4274 de
709 4210 872 4289 Savastre,
888 4209 999 4292 legum
1024 4205 1211 4291 professori,
1237 4204 1404 4271 confertur
1428 4201 1648 4268 canonicatus
1663 4198 1790 4267 ecclesie

446 4315 647 4382 Morinensis
663 4318 723 4381 sub
740 4314 976 4399 expectatione
987 4312 1167 4397 prebende,
1183 4310 1226 4377 ad
1243 4309 1437 4375 instantiam
1459 4304 1578 4373 decani
1604 4313 1640 4370 et
1666 4298 1789 4389 capituli

445 4421 593 4505 ejusdem
609 4418 759 4498 ecclesie,
776 4438 845 4482 nou
861 4419 1018 4482 obstante
1034 4415 1124 4499 quod
1140 4415 1174 4479 in
1191 4413 1332 4480 ecclesia
1348 4412 1379 4478 S.
1402 4411 1490 4477 Petri
1517 4408 1722 4488 Lutosensis,
1738 4404 1789 4469 Ca·

444 4524 646 4591 meracensis
662 4522 814 4604 diocesis,
831 4521 1068 4587 canonicatum
1084 4528 1119 4585 et
1134 4518 1339 4605 prebendam
1357 4516 1499 4582 obtinet.

490 4629 600 4713 Digne
616 4649 754 4714 agere...

490 4735 567 4800 Dat.
584 4734 683 4797 Avin.
705 4753 741 4817 14
757 4732 823 4797 kal.
837 4728 920 4815 junii
937 4748 1028 4793 anno
1042 4746 1070 4810 5.

490 4836 529 4901 In
546 4859 574 4902 e.
592 4859 635 4902 m.
651 4836 762 4902 abbati
780 4831 970 4900 monasterii
987 4830 1029 4895 de
1047 4828 1169 4894 Monte
1185 4828 1216 4891 S.
1235 4825 1344 4910 Eligit,
1357 4821 1590 4889 Atrebatensis
1605 4821 1753 4899 diocesis,
1761 4823 1786 4880 et

447 4945 547 5008 Petro
576 4942 665 5023 Albi,
692 4935 986 5016 Autisiodorensis,
1011 4955 1051 4999 ac
1086 4931 1273 5017 Reginaldo
1312 4929 1355 4994 de
1398 4927 1539 5008 FiesseS‚
1579 4920 1786 4992 Tomacensis

446 5047 616 5114 canonicis
632 5044 860 5111 ecclesiarum.

481 5212 542 5273 lteg.
558 5213 605 5260 Av.
621 5213 658 5268 15,
672 5210 691 5257 i.
706 5210 753 5255 432
766 5222 771 5264 ;
785 5207 843 5255 Vnt.
859 5208 898 5264 72,
912 5204 930 5252 f.
943 5205 1011 5262 2062,
1025 5216 1050 5250 n.
1068 5203 1137 5249 1340.
