4409 6017
952 725 1109 793 lleuvibne
1128 727 1231 796 annea.
1722 736 1777 800 551

410 872 557 937 ecclesie
583 893 603 938 a
626 872 719 939 dicto
745 873 926 942 Guillelmo
956 875 998 941 de
1026 874 1175 943 Molanis
1200 876 1378 964 resignata,
1409 899 1478 946 non
1504 883 1661 949 obstante
1687 882 1777 968 quod

408 973 524 1042 dictus
539 975 739 1044 Guillelmus
753 977 796 1044 de
808 976 956 1045 Molanis
978 979 1215 1046 canonicatum
1230 984 1291 1048 sub
1307 983 1544 1069 expectatione
1559 987 1729 1071 prebende
1741 987 1775 1053 in

408 1078 506 1146 dicta
520 1081 739 1147 Ambianensi
754 1082 896 1149 ecclesia
912 1082 1056 1150 obtinet.

454 1184 629 1251 Attributa
652 1185 746 1253 tibi...

455 1286 537 1354 Dat.
551 1288 653 1357 Avin.
669 1312 688 1375 4
704 1310 784 1358 non.
799 1290 909 1356 martii
925 1312 1017 1358 anno
1035 1313 1064 1374 9.

454 1389 497 1456 In
509 1413 539 1458 e.
554 1413 600 1460 m.
615 1393 728 1460 abbati
743 1394 938 1461 monasterii
954 1395 987 1461 S.
999 1396 1141 1463 Acheoli
1157 1417 1263 1483 prope
1273 1399 1481 1466 Ambianum
1493 1408 1528 1466 et
1538 1401 1775 1469 archidiacono

406 1494 603 1561 Parisiensis
618 1517 658 1564 ac
674 1495 916 1565 Bartholomeo
933 1498 1121 1585 Raynaudi,
1138 1501 1303 1568 canonico
1320 1502 1605 1591 Rothomagensis
1617 1506 1773 1573 ecclesia-

405 1619 496 1664 rum.

441 1752 503 1813 Reg.
518 1755 566 1801 Ar.
578 1756 617 1812 22,
630 1754 648 1802 f.
660 1756 707 1802 524
721 1769 726 1811 ;
741 1755 798 1804 Vat.
811 1756 850 1815 79,
863 1755 881 1804 f.
892 1758 931 1814 20,
944 1770 970 1804 n.
984 1757 1054 1806 1261.

454 1945 602 2032 1493.
1476 1986 1573 2049 1325,
1588 1988 1609 2052 4
1625 1988 1730 2032 mars.

449 2064 633 2133 Guillelmo
647 2066 690 2133 de
706 2067 830 2135 Planca
844 2069 1014 2136 confertur
1029 2068 1181 2136 cantoria
1198 2070 1338 2138 ecclesie
1351 2069 1555 2155 Morinensis
1578 2091 1702 2137 vacans
1713 2091 1773 2158 per

398 2169 668 2254 resignationem
683 2192 703 2237 a
719 2170 901 2238 Guillelmo
916 2173 959 2239 de
981 2170 1131 2239 Molanis
1146 2173 1180 2239 in
1204 2175 1360 2242 manibus
1382 2174 1533 2253 Arnaldi,
1551 2177 1585 2241 S.
1600 2174 1771 2241 Eustachii

399 2272 541 2338 diaconi
567 2273 755 2356 cardinalis,
782 2274 906 2341 factam
932 2295 1032 2342 causa
1054 2277 1313 2363 permutationis
1336 2298 1413 2344 cum
1436 2277 1605 2344 decanatu
1630 2278 1771 2345 ecclesie

400 2375 643 2442 Ambianensis
657 2398 678 2442 a
693 2378 787 2444 dicto
802 2378 984 2446 Guillelmo
999 2378 1041 2445 de
1058 2379 1182 2446 Planca
1205 2381 1383 2466 resignate,
1407 2403 1477 2448 non
1502 2384 1659 2448 obstante
1681 2381 1771 2466 quod

399 2476 517 2545 dictus
545 2478 745 2553 Guillelmus
778 2482 821 2548 de
855 2482 981 2550 Planca
1010 2483 1248 2550 canonicatum
1274 2493 1310 2551 et
1339 2485 1546 2572 prebendam
1581 2485 1614 2549 in
1648 2484 1769 2550 eadem

404 2579 594 2648 Morinensi
610 2584 752 2650 ecclesia
768 2585 909 2652 obtinet.

449 2686 624 2752 Attnbuta
640 2687 734 2754 tibi...

450 2790 530 2857 Dat.
546 2790 646 2856 Avin.
662 2814 682 2877 4
698 2813 778 2861 non.
794 2793 904 2860 martii
922 2815 1012 2862 anno
1029 2816 1059 2877 9.

448 2892 488 2958 ln
501 2914 530 2958 e.
543 2915 588 2959 m.
602 2894 796 2962 Parisiensis
808 2905 843 2963 et
858 2897 1095 2964 Ambianensis
1110 2898 1354 2966 archidiaconis
1366 2919 1406 2966 ac
1417 2898 1660 2965 Bartholomeo
1674 2898 1765 2984 Ray·

406 2998 521 3080 naudi,
537 2999 701 3066 canonico
718 2999 999 3087 Rotbomagensis
1014 3002 1242 3069 ecclesiarum.
1342 3042 1344 3045 v

436 3151 500 3213 Reg.
511 3152 559 3200 Ar.
572 3153 611 3211 22,
622 3152 643 3203 f.
658 3155 717 3200 524*
728 3167 734 3211 ;
746 3151 806 3201 rac.
818 3154 856 3212 79,
869 3152 888 3201 f.
903 3156 953 3212 20¹,
967 3167 992 3203 n.
1008 3154 1080 3204 1262.

450 3343 594 3427 1494.
1460 3381 1593 3444 1325,5
1615 3383 1718 3428 more.

446 3465 611 3548 HenricO,
639 3464 893 3551 archiepiscopo
930 3463 1133 3547 Coloniensi,
1165 3463 1356 3550 indulgetur
1390 3473 1428 3531 ut
1465 3467 1507 3531 ab
1543 3464 1693 3532 ecclesiis
1727 3473 1762 3532 et

401 3569 615 3635 monasteriis
629 3568 786 3651 civitatis
801 3568 945 3635 diocesis
960 3575 995 3634 et
1015 3568 1188 3654 provincie
1213 3568 1435 3651 Coloniensis,
1451 3569 1665 3636 moderatum
1688 3573 1764 3636 sub-

400 3673 524 3740 sidium
541 3674 672 3759 exigere
688 3682 723 3738 et
737 3673 886 3759 recipere
900 3674 1023 3754 valeat,
1035 3672 1078 3739 ad
1093 3672 1361 3739 subveniendum
1376 3673 1630 3741 necessitatibus
1645 3674 1764 3759 quibus

400 3777 543 3844 ecclesia
558 3798 617 3843 sua
631 3786 768 3864 propter
783 3796 916 3862 guerras
931 3775 1134 3863 multiplices
1148 3784 1317 3863 gravatur.
1407 3793 1409 3797 ’

443 3881 580 3947 Sincere
595 3879 819 3947 devotionis...

443 3985 524 4052 Dat.
536 3985 636 4050 Avin.
654 4005 671 4069 3
689 4005 768 4050 non.
784 3983 894 4049 martii
911 4003 1003 4049 anno
1020 4004 1049 4065 9.

444 4089 485 4155 ln
501 4109 531 4154 e.
543 4109 588 4154 m.
604 4089 765 4174 episcopo
782 4087 1031 4153 Padebumensi
1048 4094 1082 4152 et
1098 4087 1297 4173 Sybergensi
1320 4108 1361 4155 ac
1375 4087 1418 4154 de
1433 4087 1536 4169 Lacu,
1552 4086 1762 4155 Coloniensis

398 4201 434 4260 et
450 4193 667 4258 Treverensis
681 4193 863 4273 diocesum,
879 4191 1158 4258 monasteriorum
1174 4192 1360 4258 abbatibus,

433 4331 495 4392 Reg.
508 4333 556 4379 Ar.
567 4334 604 4389 22,
618 4331 636 4379 l.
646 4331 693 4378 508
704 4346 710 4388 ;
720 4331 781 4379 Vnt..
794 4332 830 4388 78,
844 4330 862 4378 l.
875 4331 929 4388 366,
941 4344 966 4376 n.
980 4330 1050 4377 1064,

446 4516 588 4602 1495.
1466 4552 1559 4616 1325,
1570 4551 1595 4616 5
1611 4553 1716 4598 mars.

442 4637 600 4703 Conrado
617 4635 711 4717 Hon,
728 4636 891 4702 canonico
907 4636 1048 4702 ecclesie
1063 4635 1240 4722 Aquensis,
1258 4634 1454 4701 Leodiensis
1477 4636 1628 4714 diocesis,
1651 4634 1762 4722 provi-

396 4745 496 4811 detur
521 4741 563 4807 de
588 4741 680 4806 omni
702 4741 775 4825 jure
791 4741 881 4825 quod
897 4742 1113 4825 competebat
1135 4738 1305 4826 quondam
1329 4738 1477 4816 Johanni
1495 4738 1640 4805 Renardi
1668 4739 1761 4805 dicto

397 4847 492 4927 Hon,
510 4846 674 4911 canonico
689 4844 840 4930 ejusdem
864 4845 1015 4925 ecclesie,
1033 4844 1066 4909 in
1082 4844 1255 4911 scolastria
1267 4843 1430 4928 jamdicte
1452 4844 1605 4910 ecclesie.

444 5014 611 5080 «Dilecto
635 5014 704 5080 filio
720 5013 876 5081 Conrado
901 5012 993 5094 Hon,
1010 5011 1176 5078 canonico
1199 5011 1340 5078 ecclesie
1363 5013 1541 5096 Aquensis,
1565 5009 1761 5076 Leodiensis

397 5119 554 5203 diocesis,
570 5120 724 5185 salutem.
750 5118 941 5185 Laudabilis
964 5127 1021 5184 tue
1048 5117 1168 5183 merita
1182 5116 1394 5203 probitatis...
1410 5116 1496 5182 Sane
1522 5114 1658 5197 dudum,
1675 5115 1760 5181 sicut
