4409 6017
426 720 490 791 258
968 723 1126 790 lroisieme
1146 726 1248 791 1111161.

472 870 587 952 647.
1343 888 1479 977 [1318],
1500 909 1540 972 17
1556 895 1738 979 ,septembre¹

472 986 634 1067 Henrico,
650 985 788 1052 domino
805 984 937 1068 Soliaci,
953 988 1054 1055 iidem
1066 990 1175 1056 nuntii
1192 991 1483 1060 commendantur.

472 1167 489 1207 a
508 1142 642 1209 Dilecto
658 1142 728 1207 filio
743 1142 845 1209 nobili
862 1144 934 1209 viro
951 1143 1114 1226 Henrico,
1130 1146 1269 1212 domino
1285 1147 1415 1229 Soliaci,
1425 1149 1627 1218 buticulario
1640 1150 1765 1219 Francie.

429 1246 529 1327 Ecce,
547 1245 603 1326 fili,
619 1245 761 1311 dilectos
786 1245 872 1312 filios
899 1246 1016 1313 fratres
1031 1246 1238 1317 Bernardum
1255 1250 1431 1334 Guidonis,
1447 1254 1679 1339 inquisitorem
1693 1259 1765 1323 here

412 1350 493 1415 'tice
509 1350 684 1436 pravitatis
700 1349 733 1415 in
749 1371 854 1435 regno
871 1350 1012 1418 Francie
1027 1373 1086 1438 per
1101 1353 1222 1419 Sedem
1238 1356 1460 1441 apostolicam
1482 1358 1694 1445 deputatum,
1708 1362 1765 1426 Pre-

426 1454 624 1535 dicatorum,
652 1463 687 1520 et
715 1453 921 1521 Bernardum
946 1455 988 1522 de
1014 1456 1132 1539 Turre,
1153 1467 1211 1524 etc.
1236 1466 1400 1547 utsupra
1426 1483 1531 1546 usque
1548 1464 1739 1531 ministrabit
1749 1476 1765 1529 ⁶.

428 1556 532 1643 Ipsos,
550 1558 662 1643 itaque
678 1558 823 1639 nuntios,
840 1559 1006 1625 nobilitati
1034 1569 1092 1627 tue
1115 1563 1314 1649 propensius
1335 1566 1624 1651 commendantes,
1645 1569 1763 1635 eandem

426 1660 609 1728 affectuose
624 1662 822 1747 requirimus
837 1671 873 1728 et
887 1682 1043 1748 rogamus
1058 1674 1223 1750 quatenus
1249 1666 1349 1753 ipsos
1366 1669 1421 1755 qui
1438 1670 1499 1735 tibi
1516 1672 1632 1738 omnia
1647 1694 1702 1759 per
1720 1693 1766 1737 nos

425 1764 485 1830 sibi
502 1766 680 1831 commissa
696 1766 784 1833 circa
800 1767 971 1851 negotium
989 1767 1098 1853 ipsum
1121 1770 1284 1856 aperient,
1300 1771 1421 1859 dirigas
1445 1774 1479 1839 in
1495 1774 1560 1841 hiis
1578 1797 1644 1860 que
1658 1776 1764 1862 agenda

425 1868 628 1935 incumbent.
646 1870 724 1936 Dat.
740 1870 839 1936 Apin.
861 1892 895 1955 15
913 1870 979 1936 kal.
995 1874 1151 1939 octobris.
1169 1896 1186 1935 1

458 2008 516 2057 l'at.
528 2011 580 2067 199,
594 2009 611 2057 l.
627 2012 768 2057 15611639
782 2026 787 2057 :
801 2009 859 2057 l'at.
875 2012 927 2060 llll.
940 2024 999 2071 pam
1011 2010 1031 2068 Ι,
1044 2010 1062 2057 f.
1076 2012 1116 2068 74,
1131 2025 1156 2060 n.
1172 2013 1226 2059 258.
1240 2040 1269 2045 --
1283 2013 1388 2071 Coulon,
1401 2028 1426 2061 n.
1439 2016 1487 2062 720
1498 2016 1605 2076 (texte).

466 2177 583 2260 648.
1384 2192 1477 2274 1318,
1492 2212 1536 2274 25
1550 2196 1730 2280 septembre.

467 2295 631 2382 Magistro
647 2294 798 2360 Amoldo
813 2293 855 2359 de
871 2292 996 2359 Sancto
1011 2291 1157 2373 Gilleno,
1168 2293 1353 2378 presbitero
1365 2292 1620 2362 Cameracensis
1630 2295 1754 2364 diocesis

421 2400 617 2468 conceditur
631 2399 797 2465 absolutio
809 2400 850 2463 ab
862 2398 1212 2464 excommunicatione
1224 2405 1258 2462 et
1270 2397 1477 2484 dispensatio
1488 2401 1531 2465 ab
1543 2400 1761 2486 irregularitate

422 2505 561 2571 incursis
576 2525 618 2570 ex
634 2524 675 2569 eo
691 2502 783 2589 quod
798 2502 831 2567 in
847 2501 967 2568 litteris
982 2501 1178 2587 apostolicis
1194 2501 1255 2587 ipsi
1273 2501 1524 2568 conferentibus
1544 2504 1760 2569 canonicatum

421 2609 561 2674 ecclesie
589 2606 620 2672 S.
637 2605 776 2672 Servatii
801 2604 1036 2690 Trajectensis,
1062 2603 1260 2670 Leodiensis
1285 2604 1439 2686 diocesis,
1460 2608 1521 2671 sub
1544 2606 1760 2693 expectatione

420 2712 589 2799 prebende
605 2712 663 2796 (¹),
690 2710 762 2796 ipse
787 2712 926 2775 verbum
956 2708 1107 2775 Gervolii
1127 2728 1188 2793 per
1212 2728 1356 2774 errorem
1381 2709 1554 2795 scriptum,
1582 2711 1616 2774 in
1642 2706 1762 2775 Serootii

422 2823 610 2882 correxerat
626 2814 829 2899 missamque
845 2833 887 2878 ex
902 2813 1023 2879 eodem
1039 2819 1193 2897 tempore
1208 2811 1260 2877 bis
1276 2812 1504 2878 celebraverat
1520 2835 1528 2891 ;
1553 2812 1644 2897 quod
1659 2813 1690 2878 in
1704 2830 1759 2899 pre-

421 2919 530 2986 sentia
545 2939 632 3005 pape
649 2917 820 2984 confessus
836 2916 953 2983 fuerat

465 3022 677 3089 Constitutus
693 3022 758 3087 in...

466 3127 543 3192 Dat.
559 3127 658 3190 Avin.
677 3145 694 3209 7
712 3125 777 3191 kal.
794 3125 941 3191 octobris
956 3144 1045 3189 anno
1062 3145 1091 3208 3.

455 3264 513 3325 lieg.
527 3267 574 3312 Ar.
587 3266 622 3322 ll,
635 3264 654 3311 f.
670 3264 715 3312 ὅθι
731 3262 787 3311 l'at.
800 3265 839 3319 69,
851 3262 869 3311 l.
882 3263 931 3321 lav,
944 3276 969 3310 n.
984 3264 1037 3309 lou.

464 3427 581 3511 649.
1453 3440 1547 3517 1318,
1559 3458 1585 3520 3
1600 3440 1726 3504 octobre.

465 3544 628 3631 Magistro
654 3544 804 3609 Amoldo
827 3543 870 3609 de
894 3542 1019 3607 Sancto
1045 3540 1191 3623 Gilleno,
1214 3542 1391 3627 capellano
1415 3540 1582 3623 Johanne,
1610 3540 1758 3608 comitisse

421 3648 613 3728 Hannonie,
629 3648 798 3714 confertur
822 3646 1040 3712 canonicatus
1060 3644 1202 3711 ecclesie
1231 3646 1265 3711 S.
1282 3645 1422 3711 Servatii
1449 3644 1492 3710 de
1508 3644 1667 3732 Trajecto
1681 3660 1757 3729 supe·

420 3752 507 3832 riori,
524 3752 720 3818 Leodiensis
735 3750 888 3829 diocesis,
904 3751 964 3814 sub
980 3749 1219 3835 expectatione
1234 3748 1413 3835 prebende,
1429 3769 1499 3814 non
1516 3752 1672 3816 obstante
1686 3739 1757 3832 quod

421 3854 453 3918 in
478 3854 684 3940 Trajectensi
707 3863 741 3919 et
769 3856 803 3921 S.
840 3852 1014 3936 Gaugerici
1042 3851 1294 3918 Valencinensis
1321 3852 1470 3918 ecclesiis
1500 3853 1712 3919 canonicatus
1732 3853 1757 3909 et

420 3958 605 4041 prebendas
620 3979 659 4023 ac
676 3958 916 4044 parrochialem
927 3955 1105 4020 ecclesiam
1115 3955 1157 4022 de
1171 3954 1353 4035 Roucourt,
1367 3954 1618 4022 Cameracensis
1627 3948 1757 4023 diocesis,

420 4062 559 4127 obtinet.

463 4163 641 4232 Probitatis
655 4175 745 4232 tue...

464 4268 542 4334 Dat.
557 4270 657 4336 Avin.
676 4291 692 4355 5
709 4290 788 4335 non.
804 4270 952 4336 octobris
967 4290 1058 4335 anno
1076 4290 1105 4353 3.

464 4371 503 4436 In
530 4393 559 4438 e.
585 4394 630 4438 m.
657 4373 866 4439 Viconiensis
890 4382 925 4438 et
949 4373 981 4438 S.
1008 4372 1173 4451 Johannis
1197 4370 1458 4452 Valencinensis,
1481 4370 1706 4438 Atrebatensis
1728 4367 1754 4425 el

419 4473 670 4542 Cameracensis
679 4476 1149 4559 diocesum,monasteriorum
1161 4474 1339 4540 abbatibus
1350 4494 1390 4539 ac
1403 4471 1584 4540 Frederico
1593 4474 1635 4541 de
1648 4474 1753 4539 Panna,

419 4578 580 4643 canonico
594 4579 877 4645 Autisiodorensis
894 4580 1045 4644 ecclesie.

452 4715 512 4775 lieg.
528 4719 574 4764 Av.
588 4720 624 4774 11,
637 4718 654 4765 i.
668 4720 698 4765 45
712 4734 717 4774 ;
731 4717 790 4768 l'at.
805 4720 844 4777 69,
857 4720 875 4767 i.
890 4720 929 4776 50,
942 4732 967 4766 n.
981 4719 1035 4765 153.

449 4861 911 4928 11.1ὶ11111Ι1119.110111111111191111
924 4863 1055 4927 reproduit
1066 4863 1254 4911 111111ῖί111κηί
1273 4868 1296 4911 et
1315 4879 1362 4911 non
1370 4879 1420 4927 pm
1438 4864 1564 4927 romplooe'
1579 4864 1675 4930 parles
1688 4856 1749 4907 W*

416 4948 464 4991 otc.
478 4951 505 4989 ut
518 4960 594 5007 supra
605 4946 772 4994 11111111111111111
783 4946 806 4993 11
819 4963 868 5007 rep.
886 4949 940 4994 109.

419 5060 516 5067 —·—-
552 5063 600 5069 -..
626 5065 682 5070 -..
742 5060 1103 5070 ..--..-.——.——-

452 5147 471 5192 l.
486 5145 547 5207 l'oy.
561 5163 585 5196 11,
598 5152 652 5196 576.
