4409 6017
506 710 568 776 800
1038 707 1197 775 Troisibme
1217 708 1320 775 11111161.

506 857 618 940 tenda,
642 858 764 924 nobilis
786 857 868 923 vir..
899 876 1014 922 comes
1039 855 1205 938 Flandrie,
1221 856 1280 921 filii
1296 857 1400 923 etalii
1424 859 1554 925 nobiles
1578 869 1613 924 et
1635 863 1823 947 burgenses
1837 871 1872 928 et

506 962 739 1027 universitates
769 959 924 1026 Flandrie
958 968 1055 1025 erunt
1085 960 1223 1027 forsitan
1261 960 1304 1025 ad
1338 960 1449 1046 aliqua
1489 963 1565 1029 loca
1598 965 1692 1049 regni
1729 964 1871 1032 Francie

506 1063 724 1146 convocandi,
740 1086 783 1129 ne
798 1064 948 1144 forsitan,
964 1083 984 1128 a
999 1062 1196 1129 celsitudine
1211 1070 1270 1129 tua
1285 1065 1466 1129 securitate
1490 1086 1559 1132 non
1575 1067 1702 1150 habita,
1719 1068 1765 1134 ad
1781 1070 1870 1136 dicta

506 1170 580 1235 loca
595 1169 731 1254 ejusque
755 1167 931 1234 cardinalis
946 1167 1150 1253 presentiam
1177 1187 1237 1254 per
1252 1188 1287 1233 se
1304 1169 1358 1232 vel
1388 1177 1620 1253 procuratores
1641 1180 1700 1237 aut
1724 1173 1870 1240 sindicos

506 1293 584 1338 suos
598 1294 635 1339 se
660 1281 734 1338 tute
758 1293 826 1338 non
850 1292 949 1358 posse
969 1271 1083 1336 venire
1109 1280 1296 1353 causentur,
1312 1272 1528 1338 serenitatem
1543 1275 1668 1360 regiam
1683 1276 1868 1345 affectuose

505 1397 661 1461 rogamus
675 1376 832 1461 quatinus
847 1375 974 1442 eisdem
992 1374 1250 1441 Flandrensibus
1272 1376 1428 1442 veniendi
1444 1376 1488 1442 ad
1515 1377 1633 1443 eadem
1649 1380 1724 1446 loca
1739 1389 1777 1446 et
1800 1402 1869 1467 pre-

506 1480 649 1545 sentiam
664 1479 841 1546 cardinalis
859 1479 1008 1565 ejusdem
1024 1478 1136 1563 ibique
1160 1479 1311 1545 morandi
1328 1489 1363 1544 et
1378 1479 1499 1546 exinde
1512 1481 1554 1546 ad
1563 1484 1698 1569 propria
1709 1484 1869 1551 redeundi

506 1581 719 1648 securitatem
735 1584 869 1668 plenam
886 1581 1051 1648 concedas
1067 1589 1101 1646 et
1118 1582 1256 1647 liberam
1273 1582 1478 1665 facultatem,
1494 1605 1547 1665 ne,
1575 1586 1666 1669 quod
1681 1586 1781 1669 absit,
1798 1609 1871 1673 pro

507 1705 618 1751 cessus
651 1685 827 1752 cardinalis
850 1684 1001 1770 ejusdem
1027 1684 1205 1752 occasione
1229 1685 1419 1771 hujusmodi
1452 1688 1628 1773 contingat
1654 1689 1868 1775 aliquatenus

508 1788 671 1875 impediri.
688 1789 817 1854 Datum
833 1790 879 1874 (¹)
905 1808 935 1854 u.

541 1929 601 1990 Bag.
618 1927 679 1980 Vat.
694 1930 748 1988 110,
761 1944 820 1992 pars
832 1930 852 1988 I,
870 1929 889 1978 i.
902 1932 952 1989 62',
965 1944 991 1980 n.
1008 1931 1062 1979 198.
1074 1957 1106 1965 -
1120 1930 1225 1988 Coulon,
1238 1932 1332 1980 11873,

554 2100 664 2185 725.
1492 2109 1605 2196 [1519,
1622 2110 1831 2198 avril-mai}

556 2218 639 2302 Regi
662 2216 802 2282 Francie
828 2215 980 2282 scribitur
1006 2214 1049 2280 de
1073 2211 1211 2297 negotio
1237 2212 1393 2280 Flandrie
1422 2223 1456 2278 et
1483 2213 1525 2280 de
1554 2213 1765 2299 benignitate
1796 2236 1875 2301 erga

511 2322 647 2388 Petrum
663 2320 706 2387 de
722 2318 857 2386 Palude.

554 2504 572 2544 1
588 2478 767 2545 Carissimo
783 2477 852 2544 filio
863 2484 980 2543 nostro
993 2476 1160 2563 Philippo,
1173 2475 1241 2561 regi
1255 2474 1396 2542 Francie
1409 2483 1444 2542 et
1456 2475 1607 2542 Navarre
1623 2475 1753 2544 illustri.
1766 2478 1875 2565 Regn-

509 2585 549 2651 lis
570 2581 775 2651 celsitudinis
810 2581 937 2647 litteras
961 2580 1058 2646 nobis
1087 2579 1270 2646 novissime
1295 2580 1489 2660 destinatas,
1519 2580 1729 2665 gratitudinis
1757 2582 1875 2668 utique

510 2686 739 2773 recognitione
755 2688 871 2773 plenas
894 2706 934 2751 ac
959 2683 1149 2780 devotionis
1171 2690 1206 2749 et
1222 2683 1370 2750 caritatis
1384 2683 1427 2749 ad
1442 2703 1504 2749 nos
1520 2692 1554 2750 et
1570 2684 1730 2751 Sanctam
1748 2685 1876 2752 Roma-

509 2814 587 2858 nam
605 2790 792 2857 Ecclesiam
807 2788 1020 2876 expressione
1034 2809 1104 2854 non
1120 2808 1253 2868 vacuas,
1269 2808 1338 2853 non
1354 2785 1488 2871 indigne
1499 2796 1670 2873 gratanter
1678 2790 1876 2875 accepimus

510 2904 546 2961 et
573 2895 692 2960 merito
716 2893 946 2978 multipliciter
970 2899 1186 2977 acceptamus
1210 2914 1218 2971 ;
1245 2891 1391 2976 ipsarum
1418 2912 1563 2976 namque
1587 2892 1689 2958 series
1715 2894 1876 2960 seriosius

508 2999 667 3065 reseravit
682 3006 717 3063 et
732 2998 892 3082 regalium
907 2995 1107 3062 solemnium
1123 2989 1316 3060 nuntiorum
1332 2994 1374 3061 de
1390 2996 1479 3062 curia
1506 2998 1816 3084 transmigrantium
1834 3001 1878 3065 ad

509 3104 654 3188 regalem
669 3101 873 3189 presentiam
896 3099 1049 3181 reditum,
1066 3108 1101 3164 et
1117 3099 1159 3165 ad
1175 3098 1385 3165 referendum
1410 3121 1474 3184 que
1500 3100 1533 3164 in
1559 3102 1649 3167 curia
1674 3102 1736 3188 ipsi
1762 3105 1876 3169 nuntii

509 3213 654 3292 egerant,
679 3213 749 3271 tam
776 3212 905 3271 secrete
929 3223 1030 3288 quam
1064 3203 1097 3266 in
1122 3202 1290 3289 presentia
1325 3204 1436 3287 magni
1472 3203 1599 3270 consilii
1625 3204 1705 3290 regii
1730 3207 1877 3292 provide

508 3310 686 3397 prestitum
710 3318 744 3374 et
770 3308 953 3395 prudenter
975 3306 1157 3392 benignum
1181 3305 1342 3387 auditum,
1359 3315 1394 3372 et
1421 3318 1549 3392 quam⁰
1569 3309 1736 3392 benivole,
1770 3331 1875 3395 quam

507 3413 638 3500 placide
655 3413 807 3479 ordinata
823 3432 882 3498 per
897 3431 959 3476 nos
980 3431 1079 3496 super
1095 3408 1291 3475 Flandrensi
1319 3410 1457 3494 negotio
1473 3420 1507 3476 et
1522 3411 1642 3477 cedula
1658 3433 1717 3498 per
1731 3416 1876 3480 nuntios

508 3518 597 3603 ipsos
612 3538 711 3603 super
735 3517 825 3582 facto
840 3514 1040 3581 divisionum
1056 3513 1309 3599 episcopatuum
1334 3523 1536 3599 presentata,
1553 3515 1676 3581 fuerint
1691 3526 1876 3603 acceptata

508 3630 542 3687 et
568 3628 738 3706 gratanter
763 3619 917 3699 admissa,
943 3638 1075 3684 necnon
1100 3638 1201 3701 quam
1226 3625 1380 3702 prompte
1407 3618 1551 3701 quedam
1578 3621 1760 3686 nonnullos
1774 3622 1876 3687 nobis

507 3726 705 3810 conjunctos
720 3723 892 3808 tangentia
907 3724 1092 3808 approbata
1107 3720 1230 3786 fuerint
1240 3729 1274 3785 et
1286 3721 1465 3786 liberaliter
1477 3723 1685 3803 confirmata,
1697 3725 1874 3790 oblatione

508 3829 564 3893 illa
579 3828 671 3893 omni
687 3828 795 3907 laude,
806 3825 897 3892 omni
910 3824 1071 3890 memoria
1086 3845 1125 3890 ac
1138 3823 1227 3889 omni
1240 3824 1417 3908 gratiarum
1430 3826 1563 3892 actione
1575 3826 1770 3912 dignissima
1782 3828 1875 3893 facta

508 3932 619 4018 sepius
635 3953 702 3996 non
719 3931 873 4009 obmissa,
890 3951 952 3996 nec
977 3929 1156 4013 gratiarum
1183 3928 1326 4009 actione,
1351 3949 1412 4014 pro
1438 3929 1502 3994 hiis
1528 3951 1593 4014 que
1619 3951 1679 4016 per
1693 3951 1756 3996 nos
1772 3952 1874 4017 snper

510 4035 705 4101 Flandrensi
722 4035 859 4118 negotio
883 4042 959 4099 acta
976 4034 1115 4114 fuerant,
1131 4032 1346 4117 interjecta...
1372 4032 1478 4098 Fratri
1502 4034 1601 4100 Petro
1616 4034 1658 4101 de
1675 4034 1802 4101 Palude
1819 4057 1872 4101 os·

508 4139 677 4205 tendimus
691 4139 702 4172 ²¹
716 4138 808 4224 pium
824 4158 864 4202 ac
879 4137 1061 4221 benignum
1085 4157 1162 4221 erga
1177 4137 1285 4222 ipsum
1301 4136 1428 4221 regium
1443 4136 1592 4203 animum
1614 4138 1787 4223 quomodo
1802 4141 1871 4205 cul-

509 4265 587 4330 pam
617 4263 763 4323 omnem,
789 4248 952 4327 quatenus
977 4243 1137 4325 tangebat
1167 4261 1254 4321 eum,
1281 4240 1485 4322 remittebat,
1511 4249 1546 4306 et
1575 4263 1676 4326 quam
1707 4242 1873 4308 instanter

509 4348 654 4413 instabat
676 4347 764 4432 apud
786 4367 848 4412 nos
871 4354 906 4412 ut
930 4353 965 4411 et
987 4366 1049 4411 nos
1071 4344 1224 4410 similiter
1247 4345 1471 4411 faceremus...
1498 4345 1627 4410 Datum
1644 4349 1656 4428 l
1661 4348 1702 4424 2).
1720 4368 1738 4407 ,1)

542 4486 603 4546 Reg.
615 4484 674 4532 Vat.
689 4484 886 4547 110,p1us11,r.
899 4487 933 4544 2',
944 4499 968 4533 u.
987 4485 1022 4532 16.
1036 4512 1067 4518 -
1076 4483 1182 4538 Uoulon,
1195 4498 1220 4533 n.
1236 4485 1283 4531 878
1292 4483 1398 4545 (texte).

542 4612 567 4670 ⁰?
581 4608 608 4644 et
616 4610 746 4658 quumque
760 4612 810 4658 rep.
820 4624 852 4631 -
864 4597 885 4645 b.
898 4598 997 4645 ostendi
1010 4613 1060 4660 req.

544 4776 564 4821 l.
580 4773 654 4821 Getta
665 4772 741 4821 lettre
751 4777 790 4820 cst
808 4770 981 4821 evidcmment
993 4771 1150 4836 postoneure
1161 4787 1195 4821 au
1208 4775 1238 4819 26
1257 4787 1324 4820 mars
1338 4774 1409 4833 1319,
1422 4773 1484 4822 ‹lute
1495 4773 1527 4821 de
1546 4773 1571 4821 la
1583 4772 1660 4821 lettre
1670 4785 1820 4836 annoncanr
1837 4790 1868 4823 un

510 4856 547 4903 roi
559 4855 591 4903 dc
604 4856 701 4903 Franco
719 4854 744 4901 la
756 4855 859 4902 rrriruion
874 4854 910 4902 du
930 4854 1045 4903 cardinal
1063 4855 1208 4912 (laucelmc,
1222 4860 1248 4903 ot
1265 4853 1412 4902 antoricuro
1431 4857 1503 4902 11131
1525 4856 1576 4903 mai
1590 4854 1623 4903 de
1642 4855 1667 4903 la
1678 4855 1764 4904 meme
1781 4856 1868 4904 annec.

510 4937 679 4999 puisqu'alors
689 4937 712 4984 lc
724 4938 760 4984 roi
772 4937 879 4985 necorde
889 4952 923 4985 uu
936 4936 1052 4985 cardinal
1071 4937 1117 4985 dos
1142 4937 1330 4985 stuf-conduits
1346 4951 1409 4999 pour
1423 4938 1459 4985 los
1479 4937 1618 4985 l'lamands
1632 4937 1754 4999 (Conlon,
1773 4953 1798 4986 n.
1814 4940 1867 4995 1173,

509 5020 590 5081 note).
599 5047 631 5053 -
640 5021 662 5066 2.
676 5019 750 5066 Cotto
762 5019 839 5067 lettre
850 5034 902 5067 non
913 5017 989 5067 lutee
1004 5024 1042 5068 est
1058 5018 1188 5068 attribute
1206 5033 1254 5082 par
1273 5018 1370 5067 Coulon
1383 5034 1417 5067 an
1427 5020 1491 5066 mois
1502 5019 1534 5067 dc
1545 5018 1675 5067 avril-runi
1687 5021 1759 5078 1319,
1771 5019 1868 5084 ‹l'uprin

509 5102 535 5149 la
546 5101 607 5148 dote
617 5100 695 5149 d’une
706 5101 856 5149 ambassade
867 5101 901 5148 du
914 5102 951 5149 roi
962 5100 994 5149 dc
1012 5102 1110 5149 Franco
1126 5100 1219 5164 auprls
1237 5101 1271 5148 dn
1285 5116 1356 5164 pape,
1371 5101 1522 5150 ambassade
1535 5101 1659 5150 terminee
1674 5116 1707 5150 en
1720 5116 1789 5151 mars
1808 5104 1867 5152 1319

509 5183 628 5244 (Conlom
643 5197 667 5230 n.
680 5182 735 5241 878,
747 5189 807 5230 note
819 5185 855 5244 2).
