4409 6017
890 769 1048 835 benxibme
1069 772 1171 836 annia.
1658 774 1715 838 213

387 922 503 1006 537.
1399 956 1417 997 r
1445 937 1488 1000 18
1513 957 1530 999 1
1554 937 1644 1000 avril
1665 987 1672 1000 .
1720 932 1722 936 ’

390 1037 513 1105 Eidem
532 1007 693 1119 Roberto,
710 1036 824 1103 comiti
844 1035 1011 1116 Flandrie,
1028 1036 1181 1102 scribitur
1193 1037 1235 1102 de
1245 1038 1366 1104 eodem
1378 933 1440 1103 gud
1449 986 1599 1124 ampliori
1612 935 1717 1104 rodina

345 1162 425 1206 cum
447 1142 595 1206 clausula
611 1139 879 1207 comminatoria.

391 1340 566 1405 «Dilecto
593 1340 662 1404 filio
689 1338 791 1403 nobili
808 1338 881 1402 viro
908 1336 1070 1418 Roberto,
1088 1336 1203 1402 comiti
1232 1334 1398 1402 Flandrie.
1416 1336 1471 1402 Ne
1492 1337 1604 1422 lingue
1620 1337 1718 1402 tertie

344 1452 404 1507 etc.
423 1465 529 1527 usque
543 1443 743 1528 pandantur,
754 1451 791 1506 ut
806 1441 908 1506 etiam
925 1461 1026 1526 quam
1042 1440 1237 1526 expediens,
1245 1462 1345 1525 quam
1361 1442 1490 1506 salubre
1506 1441 1566 1505 tibi
1583 1462 1718 1505 censea-

345 1559 400 1612 tur
425 1557 462 1613 et
488 1547 570 1611 utile
597 1547 706 1632 ipsum
731 1554 881 1610 nostrum
906 1553 1081 1630 acceptare
1107 1544 1391 1628 consilium,quod
1413 1545 1539 1629 utique,
1555 1566 1649 1609 more
1673 1545 1717 1630 pii

345 1651 453 1736 patris
469 1650 612 1717 filiorum
629 1651 772 1716 comoda
787 1649 1020 1734 prosequentis
1035 1657 1070 1714 et
1085 1648 1244 1713 evitantis
1259 1648 1448 1730 incomoda,
1455 1669 1517 1734 pro
1532 1649 1719 1713 securitatis

345 1763 450 1819 cauto
474 1754 630 1838 suffiagio
656 1752 819 1833 dedimus,
844 1753 910 1817 tuis
934 1752 1085 1817 sensibus
1111 1752 1251 1838 patefiat
1277 1760 1457 1836 nostraque
1487 1752 1575 1817 circa
1596 1752 1629 1816 id
1658 1752 1718 1816 tibi

347 1857 458 1923 finalis
482 1856 627 1922 intentio
651 1857 846 1942 explicetur,
862 1877 940 1921 ecce
965 1856 1107 1921 dilectos
1130 1856 1214 1920 tilios
1241 1863 1297 1920 etc.
1314 1863 1352 1920 ut
1372 1861 1475 1941 supra
1499 1878 1603 1940 usque
1625 1876 1719 1920 acce-

346 1961 479 2039 dentes,
495 1960 624 2025 litteras
648 1968 789 2040 nostraS,
805 1967 876 2024 tam
900 1980 958 2023 eas
973 1960 1130 2024 videlicet
1153 1980 1236 2043 quas
1252 1980 1351 2044 super
1373 1959 1473 2045 ipsius
1489 1960 1624 2024 datione
1641 1979 1720 2024 con-

349 2064 535 2148 silii‚quam
558 2073 732 2149 presentes
756 2085 838 2147 quas
860 2084 958 2148 super
980 2063 1216 2147 premissorum
1241 2063 1391 2127 omnium
1414 2064 1641 2148 patefactione
1662 2083 1719 2126 seu

351 2168 578 2253 explicatione
595 2168 657 2233 tibi
684 2167 864 2252 dirigimus,
881 2188 942 2252 pro
957 2177 1052 2253 parte
1069 2174 1183 2232 nostra
1207 2166 1345 2231 indilate
1361 2167 1421 2232 tibi
1437 2176 1629 2251 presentare
1646 2188 1719 2251 pro-

352 2280 480 2351 curent,
497 2270 678 2357 exposituri
706 2270 824 2356 presati
849 2271 1027 2336 veritatem
1054 2270 1194 2351 consilii,
1203 2279 1240 2334 et
1259 2270 1354 2354 juxta
1377 2270 1489 2335 datam
1514 2271 1575 2335 sibi
1598 2292 1619 2335 a
1646 2273 1720 2337 Deo

352 2376 566 2461 prudentiam
582 2383 616 2439 te
629 2376 671 2440 ad
688 2375 957 2459 acceptationem
971 2375 1057 2439 illius
1071 2374 1339 2459 persuasionibus
1350 2374 1513 2440 inducturi
1526 2376 1719 2456 salubribus,

354 2489 386 2544 et
408 2479 548 2544 demum
573 2487 688 2544 nostre
714 2478 912 2543 intentionis
936 2499 1100 2544 summam
1126 2478 1187 2543 tibi
1213 2478 1299 2543 circa
1318 2478 1351 2543 id
1370 2478 1526 2563 explicite
1546 2479 1719 2545 detecturi.

355 2582 520 2665 Quocirca
546 2590 604 2647 etc.
632 2604 736 2666 usque
759 2583 948 2647 reverentia
973 2582 1118 2667 benigne
1143 2581 1307 2667 recipiens
1330 2592 1344 2615 ⁶
1368 2602 1549 2665 eorumque
1579 2583 1721 2647 salubria

358 2687 483 2751 monita
504 2695 697 2750 reverenter
712 2685 904 2764 admittens
921 2706 1047 2771 ponere
1074 2686 1158 2750 velis
1185 2685 1216 2749 in
1240 2693 1332 2751 recta
1348 2694 1472 2750 statera
1486 2694 1543 2749 etc.
1561 2694 1598 2749 ut
1613 2688 1643 2748 in
1661 2687 1720 2750 illa

360 2813 416 2873 que
429 2792 538 2877 incipit
547 2813 559 2854 .·
575 2789 677 2867 Illius,
690 2792 735 2862 (1‘)
748 2811 851 2875 usque
862 2789 1066 2855 sonnidatur.
1075 2789 1149 2854 Ete
1165 2788 1297 2854 diverso
1307 2788 1555 2854 consideranter
1566 2790 1720 2853 urbertas

361 2902 436 2979 quot
453 2902 486 2957 ct
505 2901 630 2977 quanta
646 2896 735 2958 bona
759 2894 990 2959 universaliter
1014 2894 1191 2978 provenire
1215 2901 1390 2978 sperantur
1405 2914 1444 2956 ex
1468 2913 1562 2977 pace,
1578 2914 1717 2976 quorum

362 2997 512 3082 equidem
528 2999 693 3061 bonorum
710 2997 795 3063 sicut
810 2997 936 3083 poteris
951 3006 1007 3062 etc.
1026 3002 1179 3085 utsupra
1196 2998 1227 3060 in
1244 3000 1368 3077 eudem,
1386 2999 1522 3061 mactatis
1539 2998 1718 3076 inritandis

364 3122 460 3185 usque
476 3100 660 3165 credamus
678 3100 708 3164 Si
734 3100 807 3180 hec,
825 3101 881 3181 fili,
898 3110 932 3166 et
957 3102 1021 3166 alia
1044 3122 1104 3187 per
1129 3101 1218 3185 ipsos
1233 3101 1370 3165 nuntios
1385 3107 1518 3165 nostros
1534 3103 1586 3164 vel
1603 3121 1718 3164 eorum

362 3206 497 3269 alterum
514 3212 573 3268 aut
597 3205 824 3288 subrogandos
840 3206 894 3268 vel
921 3205 1166 3290 subrogandum
1194 3206 1235 3268 ab
1252 3204 1299 3269 eis
1315 3206 1368 3268 vel
1395 3224 1509 3268 eorum
1526 3205 1642 3284 altero,
1658 3204 1718 3269 tibi

362 3328 453 3394 super
468 3308 534 3372 hiis
549 3310 653 3372 verbo
678 3308 809 3393 plenius
825 3309 1022 3393 explicanda
1049 3309 1163 3373 debita
1178 3308 1397 3373 meditatione
1420 3308 1621 3393 pensaveris,
1639 3309 1663 3372 si
1680 3330 1720 3372 ea

362 3410 545 3477 discusseris
569 3420 663 3477 recto
678 3420 713 3476 et
728 3412 909 3496 tranquillo
932 3413 1068 3496 judicic,
1084 3412 1246 3497 prolecto,
1263 3412 1325 3476 nisi
1349 3420 1383 3475 te
1407 3431 1540 3496 prorsus
1563 3412 1720 3476 exhibeas

363 3516 493 3580 rationis
520 3524 703 3600 expertem,
729 3516 877 3580 animum
909 3525 1002 3580 tuum
1032 3516 1073 3582 ad
1098 3536 1217 3601 pacem
1249 3515 1422 3580 habilitare
1446 3516 1585 3595 curabis,
1611 3516 1717 3601 ipsum

364 3628 505 3683 nostrum
523 3628 579 3683 etr.
598 3628 633 3682 ul
657 3622 688 3682 in
705 3624 830 3698 eadem,
848 3622 982 3684 nudatis
999 3622 1179 3700 mutandis,
1198 3641 1300 3703 usquc
1315 3628 1454 3700 avertat,
1471 3628 1505 3683 te
1520 3620 1719 3704 persistente

366 3721 391 3784 in
407 3723 590 3808 pertinacia
615 3723 724 3803 solita,
742 3744 783 3786 ex
810 3724 908 3808 culpa
934 3732 991 3787 tua
1016 3724 1201 3788 recidivum
1223 3743 1340 3807 guerre
1356 3723 1564 3809 processerit,
1582 3723 1663 3788 scire
1685 3731 1719 3786 te

367 3828 512 3890 volumus
528 3833 562 3890 et
578 3846 640 3911 pro
656 3834 750 3891 certo
765 3836 881 3891 tenere
898 3827 989 3910 quod
1004 3848 1067 3891 nos
1083 3836 1116 3891 et
1135 3826 1288 3891 Romana
1304 3835 1411 3891 mater
1429 3812 1588 3907 Ecclesia,
1605 3827 1659 3910 qui
1677 3828 1720 3891 ad

367 3929 583 3994 reducendum
601 3938 634 3993 te
651 3940 794 4013 tuosque
812 3929 1032 3995 Flandrenses
1056 3953 1075 3994 a
1098 3930 1308 3995 dissidiorum
1334 3931 1424 3994 invio
1440 3939 1495 3996 etc.
1514 3953 1617 4013 usque
1632 3931 1720 4016 apud

370 4042 591 4114 procuratores
614 4042 690 4097 tuos
706 4042 740 4098 et
758 4032 785 4096 F
787 4034 1010 4099 landrensium
1034 4036 1227 4100 eorumdem
1253 4055 1350 4119 super
1365 4035 1430 4098 hoc
1447 4034 1629 4098 insistendo
1644 4035 1719 4099 soli-

371 4136 426 4199 cite
441 4145 498 4200 etc.
518 4145 553 4200 ut
570 4138 601 4199 in
618 4140 731 4201 eadem
746 4160 850 4221 usque
865 4138 1079 4223 impotentes.
1097 4138 1175 4203 Dat.
1192 4148 1227 4203 ut
1244 4158 1351 4223 supra.
1368 4159 1385 4200 n

400 4288 451 4345 lton.
466 4289 525 4337 vat,
541 4293 593 4340 ltltl.
606 4291 624 4339 f.
638 4293 692 4339 132.
704 4305 730 4338 n.
743 4293 790 4338 544
803 4307 807 4347 ;
818 4292 877 4339 Vat.
893 4294 945 4346 llti,
958 4308 1016 4355 pars
1029 4294 1050 4350 l,
1066 4294 1084 4340 i.
1097 4296 1136 4352 20,
1149 4308 1173 4341 n.
1183 4296 1221 4344 tl.
1236 4323 1266 4328 -
1280 4295 1384 4343 tloulon.
1398 4310 1422 4341 ri.
1435 4297 1481 4343 545
1494 4297 1598 4357 (texte).

405 4481 516 4563 538.
1386 4499 1531 4584 [ψᾶ]
1558 4499 1676 4585 caruil}

410 4596 443 4661 ln
468 4599 612 4664 eundem
625 4600 762 4663 modum
779 4600 930 4665 scribitur
946 4601 1097 4682 scabinis,
1110 4602 1303 4667 consiliariis
1318 4624 1356 4667 ac
1373 4603 1568 4668 coinunitati
1585 4604 1663 4667 ville
1679 4604 1720 4668 de

377 4697 524 4767 Gandavo
534 4727 542 4780 3
566 4703 844 4786 burgemagistriS,
861 4704 1002 4768 scabinis
1018 4713 1052 4767 et
1069 4705 1261 4769 consiliariis
1277 4727 1315 4771 ac
1331 4707 1463 4771 coinuni
1479 4707 1558 4770 ville
1575 4705 1721 4784 Brngen-

403 4945 423 4976 a.
434 4933 538 4994 recipias
550 4946 600 4993 rep.
614 4932 668 4977 110.

411 5213 427 5260 l.
443 5215 505 5277 Voy.
519 5231 545 5264 n.
557 5216 612 5264 534.
