4409 6017
887 704 1044 770 Troisibme
1065 701 1167 767 anuto.
1652 697 1707 761 281

403 877 429 920 rs
445 854 641 920 devotionis
666 853 775 920 fervor
790 862 824 920 et
840 854 917 921 fidei
934 854 1022 918 zelus
1037 861 1175 935 angunt,
1198 848 1459 915 vehementioris
1472 845 1609 913 ‘doloris
1620 847 1709 932 justa

403 959 489 1024 teria
507 958 723 1026 ministratur.
740 958 794 1024 Ne
819 959 917 1044 igitur
934 968 1003 1023 tam
1028 955 1234 1021 detestabilis
1250 961 1284 1019 et
1308 953 1489 1040 pernitiose
1511 950 1710 1015 temeritatis

405 1083 504 1128 essus
519 1083 579 1147 per
605 1061 839 1148 impunitatem
857 1070 965 1128 tractu
990 1060 1150 1145 temporis
1167 1059 1356 1125 coalescant
1371 1064 1406 1122 et
1432 1076 1485 1136 ne,
1502 1054 1593 1139 quod
1613 1055 1708 1135 absit,

403 1166 482 1232 tlios
498 1166 591 1251 quasi
608 1167 788 1252 exemplari
804 1167 902 1231 alveo
926 1164 1128 1243 deriventur,
1152 1163 1351 1249 quinimmo
1373 1160 1484 1248 potius
1505 1158 1618 1225 audita
1638 1179 1710 1224 cor-

403 1269 454 1335 tio
469 1269 673 1356 imperitiam
693 1268 873 1335 dedecoret
896 1278 931 1335 et
955 1268 1130 1333 audaciam
1154 1266 1337 1351 iniquitatis
1357 1262 1524 1343 excludat,
1553 1284 1614 1328 nos
1638 1264 1710 1328 zelo

403 1372 478 1440 :ieie
494 1394 595 1458 quam
613 1393 654 1437 ex
670 1371 770 1439 officii
794 1372 910 1439 debito
932 1372 1051 1457 exequi
1076 1379 1230 1437 tenemur
1256 1370 1298 1435 ad
1320 1388 1447 1446 omnes,
1473 1389 1535 1433 nec
1559 1367 1710 1432 valentes

403 1478 582 1543 :volentes
596 1476 855 1543 conniventibus
870 1477 974 1544 oculis
989 1476 1199 1563 pertransire,
1214 1482 1249 1540 te
1264 1473 1372 1538 virum
1387 1471 1551 1538 laudande
1567 1470 1709 1551 virtutis,

403 1580 488 1646 entia
503 1580 672 1666 preditum
696 1588 731 1646 et
747 1582 910 1647 cultorem
922 1579 1050 1666 justitie
1075 1578 1237 1659 sedulum,
1253 1597 1455 1663 quamquam
1471 1583 1530 1641 tua
1544 1574 1711 1661 presentia

403 1684 445 1749 ris
460 1693 496 1749 et
511 1684 601 1770 apud
615 1704 678 1750 nos
696 1683 845 1750 Ecclesie
870 1683 1047 1750 universali
1063 1682 1195 1769 perutili
1221 1702 1392 1747 careamus
1407 1679 1512 1760 inviti,
1531 1678 1574 1744 ad
1600 1685 1711 1764 partes

405 1788 438 1852 ni
457 1787 598 1854 Francie
614 1808 675 1874 pro
690 1787 858 1874 premissis
873 1798 908 1853 et
924 1788 995 1853 aliis
1010 1787 1121 1854 arduis
1137 1785 1341 1870 exequendis
1357 1783 1500 1868 negotiis
1515 1782 1559 1848 de
1574 1782 1711 1847 fratrum

403 1900 541 1956 rtrorum
557 1891 699 1957 consilio
714 1891 920 1977 providimus
935 1890 1183 1969 destinandum,
1200 1887 1488 1974 circumspectioni
1505 1895 1562 1952 tue
1577 1906 1711 1972 presen-

404 2017 430 2060 n
446 1994 651 2061 auctoritate
665 1995 864 2060 mandantes
880 1994 1035 2080 quatinus
1054 1994 1097 2060 ad
1113 1993 1278 2081 predictas
1293 2000 1405 2079 partes
1425 1992 1479 2056 vel
1496 1991 1562 2056 alia
1580 1992 1655 2055 loca
1670 1989 1711 2054 de

404 2102 468 2164 bus
484 2098 545 2164 tibi
563 2097 728 2164 videbitur
743 2099 901 2185 expedire
916 2106 951 2165 te
968 2098 1154 2180 conserens,
1170 2096 1368 2183 generaliter
1383 2116 1501 2162 omues
1516 2102 1552 2159 et
1566 2094 1713 2178 singulos

403 2203 584 2285 mdrenses,
600 2203 826 2288 cujuscunque
841 2211 956 2283 status,
973 2202 1154 2288 dignitatis,
1171 2202 1296 2268 ordinis
1311 2203 1365 2267 vel
1376 2197 1578 2267 conditionis
1593 2197 1712 2262 extite-

403 2315 426 2388 t,
443 2306 502 2391 qui
519 2306 704 2392 predictam
716 2327 834 2392 pacem
850 2307 1017 2372 violarunt
1033 2315 1092 2372 aut
1108 2314 1271 2372 venerunt
1287 2313 1404 2371 contra
1419 2325 1494 2369 eam
1504 2304 1558 2368 vel
1568 2301 1712 2386 aliquem

406 2409 557 2476 articulis
572 2409 751 2476 antedictis
765 2419 823 2475 aut
845 2418 1006 2477 contenta
1021 2412 1075 2475 vel
1091 2410 1264 2495 quodlibet
1286 2416 1521 2475 contentorum
1538 2406 1572 2470 iu
1588 2403 1713 2469 eisdem

402 2514 502 2581 iculis
516 2513 655 2578 minime
672 2514 936 2600 compleverunt,
952 2535 1019 2579 non
1037 2513 1254 2579 attenderunt
1269 2514 1324 2578 vel
1336 2512 1438 2578 etiam
1451 2532 1519 2578 non
1531 2515 1713 2588 servarunt,

408 2638 497 2703 quos
512 2624 653 2703 possunt
668 2616 758 2683 dicte
774 2618 943 2683 sententie
959 2638 994 2683 se
1018 2618 1201 2683 extendere
1217 2625 1251 2683 et
1267 2638 1350 2701 quos
1365 2616 1468 2681 etiam
1494 2611 1715 2698 comprehen-

403 2731 446 2799 rt,
472 2720 677 2787 denunciare
701 2729 737 2786 et
762 2722 928 2807 publicare
959 2742 1117 2807 procures
1147 2720 1314 2807 predictas
1338 2719 1532 2799 sententias,
1563 2720 1605 2783 ob
1629 2715 1715 2780 hanc

404 2846 490 2892 rsam
505 2825 705 2890 auctoritate
721 2825 908 2912 apostolica
923 2847 983 2912 per
998 2827 1268 2912 predecessorem
1285 2824 1429 2890 eundem
1445 2831 1480 2889 et
1495 2822 1603 2888 dictos
1630 2819 1715 2885 ordi-

403 2930 465 2995 n'os
489 2930 718 3015 promulgatas
734 2929 765 2993 in
782 2950 849 3012 eoS,
867 2937 903 2994 ut
926 2930 1140 3016 premittitur,
1157 2930 1332 2995 incurrisse
1356 2948 1538 3012 eorumque
1553 2936 1657 2991 terras
1681 2934 1715 2990 et

403 3054 500 3099 orum
525 3032 744 3118 pertinentias
768 3034 938 3119 subjacere
963 3033 1191 3100 ecclesiastico
1211 3033 1400 3112 interdict0,
1422 3030 1715 3098 nonobstantibus

403 3136 636 3223 pellationibus
660 3158 718 3202 seu
745 3137 1034 3223 procurationibus
1059 3138 1310 3223 quibuscunque
1337 3138 1406 3221 jam
1432 3133 1636 3221 interpositis
1660 3135 1714 3197 vel

403 3262 435 3306 rs
457 3249 594 3327 propter
618 3240 683 3305 lroc
709 3240 752 3305 ad
776 3241 896 3306 Sedem
918 3243 1060 3308 eandem
1081 3262 1141 3327 per
1156 3262 1372 3326 quoscunque
1388 3240 1599 3324 contingeret
1615 3238 1715 3302 inter·

403 3346 443 3426 ni,
459 3365 500 3410 ac
516 3343 753 3409 nichilominus
778 3346 983 3431 simpliciter,
1009 3345 1187 3411 summarie
1212 3354 1247 3410 et
1271 3345 1314 3409 de
1339 3346 1450 3430 plan0,
1477 3344 1549 3409 siue
1575 3342 1715 3428 strepitu

404 3449 510 3532 figura
522 3448 646 3531 judicii,
673 3449 715 3514 de
742 3448 903 3534 premissa
927 3450 1110 3515 violatione
1133 3459 1167 3514 et
1193 3449 1452 3533 transgressione
1478 3446 1569 3533 pacis
1589 3454 1623 3510 et
1638 3445 1715 3510 urti-

403 3573 505 3617 orum
523 3561 759 3618 contentorum
778 3554 810 3619 in
828 3575 867 3618 ea
884 3555 1074 3637 diligentius
1089 3562 1124 3619 te
1141 3554 1332 3635 infomrans,
1349 3554 1375 3619 si
1393 3573 1476 3637 quos
1492 3574 1533 3616 ex
1548 3551 1716 3637 prenomi-

403 3657 442 3721 tis
460 3655 621 3735 Roberto,
639 3658 712 3722 filiis
729 3666 764 3722 et
779 3660 899 3724 ceteris
915 3659 986 3723 aliis
1005 3658 1262 3724 Flaudrensibus
1290 3657 1438 3741 ejusdem
1454 3656 1546 3742 pacis
1561 3656 1614 3719 vel
1640 3655 1716 3724 arti-

403 3780 505 3826 orum
522 3760 749 3845 predictorum
764 3771 822 3828 aut
838 3763 1024 3848 aliquorum
1040 3784 1081 3828 ex
1106 3764 1152 3828 eis
1169 3763 1334 3828 inveneris
1358 3761 1510 3829 notorios
1536 3769 1716 3844 transgres-

403 3885 455 3941 ·eS,
471 3863 515 3928 ad
531 3885 623 3948 quos,
651 3874 686 3929 ut
713 3867 927 3950 premittitur,
952 3866 1042 3931 dicte
1069 3868 1237 3932 sententie
1263 3889 1297 3933 se
1325 3867 1506 3932 extendere
1531 3867 1666 3931 valeant
1682 3872 1716 3928 et

403 3989 439 4033 os
455 3967 560 4033 etiam
585 3969 885 4053 comprehendunt,
910 3992 968 4036 eos
993 3972 1190 4036 nominatim
1214 3993 1253 4038 ac
1276 3981 1379 4036 terras
1410 3991 1524 4036 eorum
1550 3968 1716 4056 predictas

403 4071 532 4135 turrisse
558 4072 743 4136 sententias
768 4073 901 4139 studeas
928 4075 1107 4160 publicare,
1134 4075 1225 4140 omni
1251 4096 1383 4161 prorsus
1399 4074 1556 4161 predictis
1577 4073 1717 4138 notoriis

406 4175 652 4258 nsgressoribus
676 4197 775 4261 super
802 4178 894 4242 lroc“
917 4179 1153 4263 appellationis
1180 4201 1238 4244 seu
1264 4179 1514 4264 provocationis
1542 4178 1716 4262 cujuslibet

403 4277 522 4344 neticio
538 4279 740 4359 interdicto;
766 4290 884 4346 contra
901 4282 974 4346 illos
998 4304 1079 4348 vero
1095 4304 1136 4348 ex
1161 4283 1420 4349 Flaudrensibus
1444 4281 1638 4348 memoratis
1661 4281 1715 4364 qui

403 4404 476 4449 sem
489 4381 677 4466 hujusmodi
690 4385 741 4447 vel
759 4385 913 4450 articulos
926 4395 1106 4452 contentos
1120 4388 1151 4451 in
1165 4409 1204 4452 ea
1214 4391 1267 4453 vel
1280 4388 1409 4472 aliquos
1421 4409 1462 4452 ex
1474 4387 1599 4453 eisdem
1613 4394 1717 4451 trans·

403 4487 457 4553 essi
476 4486 618 4566 luerunt,
629 4487 706 4552 licet
720 4509 787 4552 uon
800 4490 928 4573 possint
939 4512 997 4575 per
1010 4492 1133 4575 publici
1146 4501 1241 4557 actus
1253 4492 1455 4556 evidentiam
1466 4494 1518 4556 vel
1529 4492 1610 4555 alias
1620 4510 1718 4576 super

403 4612 422 4657 c
449 4589 584 4655 notoria
605 4593 864 4675 transgressione
886 4596 1005 4673 notari,
1026 4596 1177 4660 similiter
1201 4596 1389 4676 sunnnarie,
1411 4596 1604 4680 simpliciter
1627 4594 1718 4659 etde

403 4715 469 4774 um,
488 4693 560 4757 sine
573 4694 711 4779 strepitu
723 4708 756 4759 et
771 4696 872 4779 ligura
884 4698 994 4781 judicii
1010 4698 1173 4782 inquirere
1186 4699 1320 4765 studeas
1330 4699 1520 4784 diligentius
1531 4700 1718 4778 veritatem,

404 4799 430 4865 si
442 4819 502 4863 eos
514 4818 631 4883 pacem
649 4800 835 4882 hujusmodi
854 4803 905 4864 vel
917 4803 1026 4867 dictos
1041 4804 1198 4869 articulos
1216 4805 1247 4868 in
1261 4804 1330 4891 ipsa
1342 4814 1521 4870 contentos
1530 4806 1582 4869 vel
1593 4804 1721 4888 aliquos

408 4901 537 4967 eisdem
550 4904 924 4988 noncomplevisse,non
936 4905 1118 4971 attendisse
1129 4915 1264 4973 autnon
1275 4910 1493 4991 servasse,sed
1504 4917 1722 4993 transgressos

403 5153 418 5185 r.
432 5137 479 5185 lioc
494 5153 601 5200 errareque
615 5154 664 5200 reg.
