4409 6017
880 699 1048 782 Cinquibme
1068 703 1170 769 annae
1365 704 1370 715 ‘
1525 714 1526 717 ’
1638 708 1702 772 870

346 850 506 916 valituris.
522 849 617 917 Nulli
642 856 707 917 etc.
732 859 845 917 nostre
872 852 1100 920 concessionis
1126 861 1161 919 et
1186 854 1476 922 constitutionis...
1496 856 1575 922 Dat.
1602 855 1701 921 Avin.

346 950 411 1020 ltal.
422 953 496 1040 julii
512 974 604 1021 anno
621 973 651 1040 5.

386 1056 428 1123 In
444 1080 474 1124 e.
490 1079 535 1125 m.
561 1059 694 1128 dilectis
719 1060 829 1128 filiis..
851 1061 1025 1149 preposito
1049 1062 1297 1130 Attrebatensis
1322 1072 1395 1131 et..
1415 1063 1546 1131 decano
1566 1064 1598 1130 S.
1614 1062 1702 1130 Gau-

340 1162 444 1247 gerici
472 1161 724 1232 Cameracensis
741 1186 781 1232 ac
800 1166 1007 1234 thesaurario
1032 1166 1064 1236 S.
1085 1168 1200 1237 Amati
1227 1167 1426 1252 Duacensis,
1454 1167 1703 1235 Attrebatensis

341 1264 496 1349 diocesis,
511 1268 739 1336 ecclesiarum.
755 1291 774 1334 u

374 1404 438 1466 neg.
450 1405 498 1455 nv.
512 1407 551 1466 15,
562 1406 581 1455 r.
592 1408 658 1465 2423
671 1381 730 1457 vet.
745 1410 784 1469 rr,
797 1408 817 1462 r.
831 1408 897 1468 mov,
910 1423 936 1457 n.
949 1409 1019 1458 1072.

383 1558 496 1643 981.
1314 1568 1315 1571 ¹
1394 1600 1490 1663 1321,
1507 1600 1524 1644 1
1535 1576 1621 1661 juill
1638 1584 1659 1641 t.

383 1680 622 1746 Ambianensis
650 1689 685 1747 et
713 1680 936 1749 Tomacensis
963 1682 1146 1750 decaniae
1174 1682 1427 1750 archidiaconus
1452 1677 1704 1746 Cameracensis

338 1786 558 1852 ecclesiarum
573 1785 694 1852 dantur
717 1794 755 1852 ut
766 1786 896 1872 judices
918 1797 1169 1856 conservatores
1189 1788 1318 1856 decano
1336 1795 1372 1853 et
1394 1785 1542 1873 capitulo
1562 1782 1703 1851 ecclesie

338 1890 584 1957 Atrebatensis.
829 1967 832 1973 ¹

386 1992 550 2060 Militanti
567 1992 750 2060 ecclesie...

384 2094 466 2160 Dat.
481 2093 582 2159 Avin.
598 2092 664 2158 kal.
674 2092 748 2176 julii
763 2112 853 2158 anno
870 2113 898 2177 5.

373 2236 438 2297 Beg.
450 2236 499 2284 Av.
514 2235 554 2294 15,
567 2234 586 2283 i.
600 2234 660 2282 429ν
672 2248 678 2291 ;
692 2232 749 2285 Vat.
763 2234 801 2293 72,
814 2233 833 2283 f.
846 2233 902 2294 194,
912 2246 938 2281 n.
951 2232 1022 2280 1305.

382 2396 502 2482 982.
1402 2416 1532 2497 1321‚8
1538 2411 1659 2495 juillet.
1772 2442 1776 2450 ·

384 2517 532 2585 Nicolao
555 2516 598 2584 de
621 2513 826 2581 Warlandris
850 2515 1020 2582 confertur
1039 2517 1257 2585 canonicatus
1277 2517 1420 2585 ecclesie
1445 2517 1476 2583 S.
1499 2516 1593 2583 Pauli
1618 2515 1704 2581 Leo-

339 2622 468 2691 diensis
493 2623 554 2689 suh
584 2620 820 2706 expectatione
849 2620 1030 2707 prebende,
1060 2642 1130 2689 non
1161 2625 1317 2712 obstante
1342 2621 1433 2707 quod
1461 2620 1704 2708 parrochialem

339 2726 520 2793 ecclesiam
536 2724 579 2791 de
595 2723 806 2789 Monasterio
821 2743 920 2810 supra
935 2723 1066 2792 Tileam
1086 2733 1121 2791 et
1137 2726 1301 2813 capellam
1319 2725 1350 2791 S.
1366 2724 1385 2805 J
1389 2724 1533 2792 ohannis
1549 2723 1701 2810 Baptiste

338 2831 443 2898 sitam
458 2830 492 2896 in
508 2828 654 2914 quodam
669 2827 819 2894 manerio
833 2828 876 2895 de
891 2830 1025 2911 Arscot,
1040 2828 1238 2896 Leodiensis
1252 2829 1405 2912 diocesis
1420 2829 1562 2896 obtinet.

386 2934 568 3000 Probitatis
583 2941 682 2999 tue...

386 3040 466 3105 Dat.
481 3038 581 3106 Avin.
598 3040 616 3105 8
633 3038 677 3105 id.
690 3037 763 3124 julii
779 3056 869 3104 anno
886 3056 915 3121 5.

385 3144 428 3209 In
452 3165 481 3208 e.
497 3164 542 3209 m.
558 3142 810 3229 archiepiscopo
826 3138 1023 3206 Bituricensi
1048 3146 1083 3203 et
1098 3136 1211 3205 abbati
1231 3137 1387 3203 secularis
1405 3137 1546 3203 ecclesie
1568 3136 1705 3222 Eyken·

337 3250 394 3329 sis,
413 3246 609 3314 Leodiensis
624 3246 776 3328 diocesis,
792 3265 832 3311 ac
847 3244 977 3322 Jacobo
992 3242 1035 3308 de
1051 3240 1196 3322 Mutina,
1214 3241 1378 3308 canonico
1394 3240 1638 3308 Cameracensi.

374 3385 436 3446 Bag.
448 3385 496 3431 Ar.
510 3387 549 3445 15,
563 3385 581 3434 1.
596 3385 644 3433 238
655 3400 661 3443 ;
674 3384 733 3434 Vae.
749 3388 788 3444 12,
802 3386 822 3436 1.
839 3385 942 3443 108r‚n.
955 3384 1027 3433 1032.

386 3546 1491 3644 9831321,
1507 3564 1532 3625 8
1538 3557 1661 3641 juillet.

386 3665 496 3738 Marie
511 3666 553 3732 de
570 3664 760 3747 Brabantia,
776 3666 945 3732 comitisse
960 3665 1153 3748 Juliacensi,
1168 3666 1358 3752 indulgetur
1376 3674 1413 3732 ut
1428 3674 1495 3730 tres
1511 3662 1620 3729 clerici
1637 3663 1707 3746 eJus

339 3770 520 3837 familiares
535 3778 570 3836 et
585 3770 759 3837 domestici
777 3770 901 3837 fructus
922 3772 1162 3838 beneficiorum
1186 3792 1320 3838 suorum
1339 3771 1382 3837 ad
1400 3768 1581 3835 triennium
1601 3766 1707 3852 perci·

339 3896 422 3961 pere
437 3875 584 3939 valeant.

386 3978 570 4042 Personam
586 3985 720 4041 tuam...

387 4082 466 4146 Dat.
479 4080 579 4154 Avin.
593 4082 611 4143 8
628 4078 671 4143 id.
685 4076 756 4162 julii
772 4094 862 4140 anno
880 4093 908 4158 5.

388 4185 427 4251 In
451 4207 481 4250 e.
509 4205 553 4249 m.
575 4183 616 4247 S.
634 4179 770 4267 Suplicii
796 4177 1013 4244 Bituricensis
1043 4185 1078 4243 et
1109 4176 1140 4242 S.
1165 4177 1292 4243 Gisleni
1324 4177 1357 4241 in
1390 4175 1548 4241 Hanonia
1575 4198 1707 4242 monas·

341 4291 503 4357 teriorum
519 4287 695 4353 abbatibus
710 4305 750 4349 ac
765 4282 896 4348 decano
911 4282 1052 4349 ecclesie
1069 4281 1100 4347 S.
1114 4281 1203 4346 Petri
1217 4280 1445 4361 Lovaniensis,
1456 4280 1708 4346 Cameracensis

343 4404 378 4460 et
394 4391 591 4459 Leodiensis
605 4390 787 4456 diocesum.

377 4534 438 4593 Reg.
450 4534 497 4581 Av.
514 4533 552 4589 15,
564 4530 582 4579 1.
598 4531 657 4577 201ν
669 4543 675 4585 ;
688 4527 747 4575 vat.
760 4529 799 4585 72,
813 4526 831 4573 1.
848 4525 901 4584 115,
911 4537 936 4572 n.
954 4522 1024 4570 1058.

459 4697 507 4775 4.
1405 4718 1424 4761 ι
1449 4700 1537 4763 218
1561 4695 1664 4765 ‘unua

387 4696 535 4895 19015ηηί
552 4812 594 4879 de
612 4809 860 4896 Eykerberghe,
878 4807 1041 4873 canonico
1056 4805 1197 4872 ecclesie
1214 4806 1245 4872 S.
1262 4716 1501 4871 Bartholodnei,
1513 4720 1709 4868 Ldodiensis

349 4931 380 4986 et
400 4918 522 4986 rectori
548 4914 764 5003 parrochialis
786 4912 927 4978 ecclesie
951 4911 993 4977 de
1021 4910 1172 4992 Beverle‚
1198 4909 1391 4977 Leodiensis
1415 4908 1567 4988 diocesis,
1588 4927 1708 4974 conce-

349 5025 431 5090 ditur
445 5021 652 5109 dispensatio
667 5038 764 5106 super
780 5018 1020 5100 irregularitate
1036 5024 1070 5080 et
1086 5015 1296 5081 inhabilitate
1312 5013 1451 5080 incursis
1465 5033 1559 5078 exeo
1571 5011 1662 5098 quod
1674 5011 1707 5075 in

349 5130 490 5222 pluribus
512 5122 814 5216 dispensationibus
839 5122 881 5188 ab
908 5121 991 5211 ipso,
1007 5120 1050 5186 de
1074 5119 1260 5208 presbitero
1282 5119 1396 5208 genito
1419 5125 1454 5183 et
1474 5118 1593 5200 solnta,
1609 5136 1707 5205 super
