4409 6017
416 692 478 762 432
963 694 1108 778 saptiam
1129 695 1230 762 annea

417 845 460 911 de
497 846 622 912 Sancto
665 845 820 927 Miniato,
857 844 993 911 Lucane
1035 845 1187 926 diocesis,
1228 846 1464 913 canonicatum
1508 855 1546 912 et
1583 847 1780 934 prebendam

419 951 561 1029 obtinet,
577 948 711 1016 necnon
729 950 758 1014 ei
774 949 817 1014 de
833 950 1034 1015 canonicatu
1047 958 1081 1014 et
1097 949 1270 1035 prebenda
1286 950 1320 1014 in
1336 949 1531 1016 Calaritana
1543 952 1700 1018 ecclesia
1711 952 1781 1017 etde

420 1054 617 1138 quibusdam
644 1054 794 1121 ecclesiis
820 1054 981 1120 canonice
1009 1054 1120 1134 unitis,
1148 1054 1219 1119 sine
1246 1073 1335 1133 cura,
1361 1052 1556 1120 Calaritane
1587 1049 1781 1121 civitatiset

420 1158 572 1240 diocesis,
595 1157 727 1224 noviter
743 1158 913 1243 provisum
929 1156 1000 1237 fuit,
1024 1166 1058 1221 et
1085 1157 1321 1223 canonicatum
1347 1158 1490 1224 ecclesie
1514 1157 1781 1226 Leodiensissdt

420 1261 657 1348 expectatione
672 1261 841 1348 prebende
858 1261 1002 1326 obtinet.
1604 1259 1607 1263 ’

465 1364 638 1432 Honestas
653 1386 827 1432 morum...

464 1470 544 1535 Dat.
559 1469 660 1536 Avin.
678 1491 696 1554 3
714 1470 757 1535 id.
771 1469 849 1535 maii
865 1490 955 1534 anno
972 1487 1002 1552 7.

465 1572 505 1638 ln
529 1594 559 1640 c.
583 1594 625 1639 m.
652 1572 888 1640 archidiacono
913 1572 1139 1639 Wintoniensi
1175 1582 1210 1639 et
1233 1573 1400 1659 magistris
1426 1573 1557 1641 Bosolo
1586 1575 1636 1643 de
1667 1574 1783 1654 Parma,

420 1676 654 1758 Tornacensis,
670 1664 709 1743 ac
735 1677 885 1744 Roberto
899 1676 941 1743 de
967 1676 1136 1759 Patricha,
1153 1677 1416 1745 Lichefeldensis
1441 1678 1626 1745 canonicis
1641 1680 1785 1747 ecclesia·

420 1801 504 1847 rum.

453 1918 514 1981 Reg.
528 1921 577 1970 Aa.
590 1921 627 1979 19,
639 1920 658 1969 f.
674 1921 731 1969 189¹
744 1936 750 1978 ;
763 1920 822 1970 Vnt.
834 1924 873 1979 75,
885 1920 904 1971 f.
919 1923 956 1978 02,
970 1935 996 1970 n.
1013 1923 1084 1974 1157.

467 2092 607 2178 1154.
1343 2099 1345 2105 ’
1488 2111 1747 2193 1325,16mai.

464 2209 593 2288 Jacobo
606 2210 649 2277 de
667 2209 842 2278 Melbodio
866 2212 1035 2278 confertur
1062 2212 1282 2279 canonicatus
1308 2214 1450 2280 ecclesie
1473 2213 1709 2282 Tomacensis
1733 2216 1779 2279 sub

421 2316 656 2401 expectatione
682 2316 862 2401 prebende,
887 2337 954 2381 non
980 2319 1138 2382 obstante
1164 2317 1253 2401 quod
1278 2317 1311 2382 in
1338 2316 1528 2399 Montensi,
1547 2316 1778 2391 Melbodiensi

423 2418 604 2486 Peronensi
615 2427 650 2485 et
660 2419 852 2503 S.Quintini
863 2420 896 2484 in
910 2419 1127 2485 Viromandia
1142 2421 1292 2486 ecclesiis
1309 2421 1529 2488 canonicatus
1541 2430 1578 2489 et
1592 2421 1777 2510 prebendas

422 2544 461 2589 ac
476 2532 674 2610 perpetuam
689 2524 909 2610 capellaniam
925 2525 999 2589 aule
1018 2524 1153 2590 comitis
1168 2524 1211 2590 de
1228 2523 1372 2591 Binchio
1393 2525 1526 2591 obtinet
1543 2534 1581 2593 et
1597 2526 1636 2593 in
1652 2525 1776 2595 ecclesia

423 2626 454 2692 S.
471 2627 584 2692 Amati
600 2627 796 2708 Duacensis,
812 2628 1052 2707 Atrebatensis,
1071 2627 1323 2695 Cameracensis
1349 2650 1389 2696 ac
1405 2629 1439 2697 N
1442 2630 1658 2699 oviomensis
1679 2630 1776 2699 diooe

401 2797 405 2807 ,
421 2750 505 2811 sum,
521 2732 582 2796 sub
596 2731 833 2817 expectatione
848 2730 1019 2818 prebende
1035 2732 1069 2796 in
1086 2732 1289 2798 canonicum
1304 2740 1357 2799 est
1372 2741 1542 2820 receptus.
1734 2738 1736 2741 ’

465 2833 647 2901 Laudabile
662 2836 940 2902 testimonium...

465 2938 545 3005 Dat.
560 2939 661 3004 Avin.
682 2959 719 3024 17
735 2940 801 3005 kal.
813 2940 896 3025 junii
913 2959 1003 3005 anno
1022 2960 1050 3025 7.

465 3041 506 3107 ln
521 3064 551 3108 e.
566 3064 611 3109 m.
627 3044 740 3109 abbati
756 3044 948 3110 monasterii
964 3044 996 3109 S.
1013 3042 1047 3110 N
1050 3044 1149 3110 icolai
1169 3044 1212 3111 de
1236 3043 1344 3110 Pratis
1356 3046 1453 3130 juxta
1467 3044 1669 3113 Tomacum
1683 3053 1717 3112 et
1729 3044 1773 3112 de·

422 3168 506 3213 cano
531 3149 783 3230 Anthoniensis‚
815 3148 1065 3215 Cameracensis
1095 3149 1248 3229 diocesis
1279 3171 1320 3215 ac
1346 3150 1496 3216 Oliverio
1523 3151 1569 3216 de
1593 3150 1773 3237 Campellis,

422 3252 585 3318 canonico
601 3251 635 3319 N
638 3254 841 3319 oviomensis
856 3254 1083 3320 ecclesiarum.

456 3390 516 3451 Reg.
529 3392 578 3441 Ar.
593 3392 629 3450 18,
643 3391 661 3441 f.
677 3394 736 3439 577*
750 3408 755 3448 ς
767 3392 827 3440 Vat.
844 3394 880 3450 Η,
894 3393 912 3439 i.
926 3394 980 3440 304.
995 3407 1019 3439 n.
1030 3395 1084 3440 8155.

468 3553 603 3638 1155.
1491 3594 1588 3657 1323,
1607 3576 1650 3641 [ό
1667 3578 1739 3641 mai.

466 3671 709 3736 Executoribus
725 3672 902 3738 mandatur
917 3683 1082 3757 quatenus
1098 3677 1306 3759 compellant
1322 3674 1527 3755 Johannem,
1550 3677 1726 3744 dominum
1739 3676 1772 3742 de

423 3775 583 3855 Renaval,
594 3774 835 3842 Noviomensis
849 3778 1001 3856 diocesis,
1012 3778 1054 3842 ad
1070 3778 1267 3843 tradendam
1284 3779 1403 3845 dotem
1418 3779 1578 3862 'Beatrici
1589 3783 1695 3848 sorori
1706 3782 1774 3868 ejus,

422 3879 516 3943 uxori
533 3878 670 3959 Sauseti‚
686 3878 814 3943 domini
826 3879 868 3945 de
885 3879 1026 3965 Bussoy‚
1043 3879 1294 3947 Cameracensis
1312 3882 1466 3953 diocesis.

468 4066 643 4132 «Dilectis
668 4067 772 4132 liliis..
798 4068 971 4153 preposito
988 4089 1058 4134 ac..
1085 4068 1323 4134 archidiacono
1349 4066 1604 4149 Ostrevanensi,
1633 4070 1776 4135 Attreba·

422 4170 537 4250 tensis,
554 4179 617 4235 et..
642 4170 847 4236 thesaurario
869 4171 980 4236 Sancti
1008 4172 1122 4237 Amati
1150 4171 1346 4253 Duacensis,
1362 4173 1613 4237 Attrebatensis
1637 4170 1775 4260 diocesis,

423 4276 647 4356 ecclesiarum,
664 4279 816 4342 salutem.
834 4276 993 4341 Exhibita
1020 4277 1116 4342 nobis
1142 4277 1255 4343 dilecti
1280 4277 1337 4341 filii
1353 4275 1475 4341 nobilis
1491 4276 1553 4341 viri
1571 4277 1715 4359 Sauseti‚
1728 4277 1774 4343 do·

423 4380 504 4445 mini
528 4380 570 4444 de
604 4379 745 4466 Bussoy,
771 4380 1023 4446 Cameracensis
1046 4380 1199 4462 diocesis,
1217 4382 1337 4468 petitio
1361 4380 1558 4447 continebat
1587 4382 1691 4467 quod,
1711 4382 1776 4448 licet

424 4482 543 4548 nobilis
567 4484 617 4547 vir
640 4482 822 4566 Johannes,
846 4485 1001 4550 dominus
1027 4484 1069 4550 de
1096 4484 1261 4566 Renaval,
1287 4484 1527 4551 Noviomensis
1547 4484 1706 4569 diocesis
1727 4502 1776 4571 pro

425 4595 515 4654 certa
539 4587 620 4652 dote
644 4589 764 4653 nobilis
789 4589 934 4653 mulieris
965 4589 1136 4670 Beatricis‚
1167 4589 1247 4655 dicti
1273 4588 1401 4652 Sauseti
1429 4587 1541 4651 uxoris
1567 4588 1776 4673 ejusdemque

424 4691 443 4769 J
447 4690 590 4756 ohannis
606 4692 735 4772 sororis,
752 4693 913 4758 tradenda
937 4702 972 4757 et
996 4694 1194 4777 assignanda
1218 4692 1344 4757 eisdem
1369 4690 1577 4774 conjugibus,
1595 4713 1632 4757 se
1648 4702 1686 4759 et
1700 4695 1778 4758 bona

425 4817 483 4861 sua
499 4793 680 4859 efficaciter
694 4796 864 4880 obligavit,
876 4797 965 4862 idern
981 4807 1095 4862 tamen
1111 4796 1285 4875 Johannes
1300 4796 1427 4861 dictam
1442 4794 1571 4876 dotem,
1584 4807 1690 4882 prout
1698 4805 1780 4864 tene·

425 4911 489 4981 tur,
515 4899 615 4964 dictis
640 4901 844 4984 conjugibus,
857 4902 953 4985 jutta
975 4901 1166 4987 hujusmodi
1193 4900 1434 4984 obligationem
1461 4918 1568 4978 suam,
1597 4900 1733 4967 tradere
1754 4905 1783 4964 et

424 5002 602 5086 assignare.
629 5002 751 5085 pluries
775 5024 874 5088 super
907 5005 973 5071 hoc
1000 5005 1186 5090 requisitus,
1214 5002 1362 5068 indebite
1397 5001 1623 5083 contradicit;
1653 5011 1784 5092 propter

425 5111 517 5193 quod
528 5110 631 5195 ipsius
647 5108 785 5184 Sauseti‚
799 5110 853 5194 qui
870 5112 943 5175 zelo
955 5110 1032 5174 fidei
1048 5128 1208 5173 accensus
1222 5107 1254 5169 in
1267 5104 1369 5170 Terre
1380 5104 1502 5169 Sancte
1516 5105 1711 5173 subsidium
1720 5126 1786 5195 pro
