4409 6017
498 714 555 778 142
1042 711 1189 777 Premibre
1210 712 1312 777 annes.

540 860 660 943 408.
1504 872 1636 961 [1517],
1660 872 1702 936 26
1725 874 1814 934 aaut.

542 979 709 1066 Philipp0,
728 979 796 1063 regi
821 978 971 1063 Francie,
988 980 1141 1046 scribitur
1156 988 1194 1045 ut
1209 1000 1345 1045 ornnem
1361 978 1576 1045 securitatem
1591 984 1794 1062 oportunam
1816 971 1856 1037 ad

497 1102 618 1171 pacem
643 1103 720 1149 cum
748 1081 1007 1150 Flandrensibus
1033 1082 1280 1150 reformandam
1305 1082 1426 1149 offerat
1451 1082 1580 1168 ipsique
1594 1078 1796 1167 proponitur
1821 1082 1856 1141 ut

497 1193 730 1274 procuratores
745 1187 816 1272 ejus
832 1196 866 1252 et
882 1187 1015 1253 comitis
1032 1186 1189 1253 Flandrie
1204 1186 1247 1253 de
1262 1207 1346 1273 pace
1362 1187 1433 1273 ipsa
1447 1184 1621 1252 tractaturi
1638 1184 1672 1250 in
1690 1180 1857 1269 presentia

497 1311 585 1378 pape
601 1291 817 1357 conveniant.

543 1499 748 1566 «Carissimo
764 1501 797 1566 in
808 1500 941 1567 Christo
957 1500 1026 1567 filio
1039 1501 1206 1587 Philippo,
1219 1500 1285 1586 regi
1300 1499 1441 1566 Francie
1452 1507 1488 1565 et
1500 1497 1651 1565 Navarre
1664 1495 1793 1563 illustri.
1808 1494 1857 1560 Ex

497 1603 616 1670 litteris
631 1604 829 1670 venerabilis
844 1604 952 1670 fratris
967 1604 1070 1670 nostri
1082 1602 1311 1691 R[aynaudi],
1323 1602 1539 1670 Bituricensis
1555 1600 1807 1688 archiepiscopi,
1824 1607 1858 1664 et

379 1726 381 1730 ·
496 1708 609 1774 dilecti
623 1707 680 1773 filii
697 1708 805 1774 fratris
815 1706 1043 1794 B[erengarii]
1056 1707 1098 1773 de
1115 1706 1281 1788 Landora,
1296 1707 1445 1793 magistri
1456 1706 1581 1772 ordinis
1590 1705 1730 1771 fratrum
1745 1701 1858 1768 Predi-

498 1818 660 1891 catorum,
676 1811 775 1877 electi
795 1810 1069 1897 Compostellani,
1092 1811 1283 1877 nuntiorum
1300 1818 1499 1891 nostrorum,
1524 1809 1622 1875 nobis
1635 1807 1771 1875 noviter
1786 1826 1859 1891 pre·

497 1915 637 1980 scutatis
666 1915 856 2000 accepimus
880 1916 1022 2001 qualiter
1045 1915 1079 1979 in
1108 1914 1263 1981 Flandria
1288 1935 1364 1981 cum
1389 1914 1513 1981 comite
1537 1920 1572 1979 et
1596 1911 1860 1979 comunitatibus

497 2018 660 2103 aliquibus
683 2017 839 2084 Flandrie
854 2018 1039 2084 habuerant
1055 2013 1154 2104 super
1168 2039 1251 2104 pace
1267 2018 1354 2084 iuter
1371 2026 1407 2083 te
1426 2027 1461 2083 et
1476 2017 1551 2084 illos
1566 2014 1742 2083 solidanda
1756 2016 1859 2081 collo

498 2122 612 2207 quium
624 2130 659 2188 et
668 2122 810 2207 qualiter
820 2130 1071 2208 reportaverant
1081 2125 1123 2187 ab
1134 2122 1259 2187 eisdem
1269 2121 1390 2188 exinde
1401 2142 1598 2208 responsum
1608 2128 1643 2187 et
1655 2119 1859 2205 quodetiam

498 2224 531 2287 in
549 2224 676 2290 octavis
691 2224 764 2289 festi
791 2226 1037 2311 Assumptionis
1051 2227 1150 2291 beate
1168 2224 1310 2311 Virginis
1328 2246 1405 2292 cum
1419 2224 1688 2313 procuratoribus
1710 2224 1859 2311 ipsorum

498 2328 630 2393 comitis
645 2336 680 2394 et
703 2329 947 2394 comunitatum
962 2329 1151 2395 debuerunt
1177 2329 1238 2416 ipsi
1262 2330 1370 2396 nuntii
1397 2329 1540 2395 Parisius
1554 2349 1667 2395 coram
1689 2328 1860 2414 presentia

498 2433 586 2518 regia
610 2452 709 2518 super
733 2431 799 2497 hoc
823 2432 1014 2499 convenire.
1039 2432 1136 2513 Sane,
1162 2433 1207 2498 fili
1232 2433 1410 2514 carissime,
1435 2440 1472 2498 ut
1501 2432 1636 2519 pronior
1666 2431 1710 2498 ad
1739 2452 1859 2518 pacem

498 2536 652 2602 efficiaris
667 2534 867 2619 hujusmodi,
894 2545 928 2601 te
952 2536 1134 2622 prudenter
1155 2537 1329 2603 advertere
1352 2538 1504 2624 cupimus
1518 2536 1683 2623 presentis
1693 2536 1859 2602 malitiam

497 2641 668 2727 temporis,
684 2640 717 2704 in
734 2659 801 2724 quo
817 2639 941 2706 nedum
956 2643 997 2705 ab
1014 2640 1166 2707 hostibus
1180 2650 1281 2728 atque
1297 2641 1473 2707 rebellibus
1495 2640 1555 2706 tibi
1576 2647 1703 2724 tuoque
1718 2638 1860 2725 pacifico

498 2744 600 2809 statui
626 2742 735 2828 gravis
760 2741 940 2809 difficultas
967 2744 1134 2829 ingeritur,
1160 2745 1239 2829 quin
1263 2745 1365 2810 etiam
1389 2765 1409 2810 a
1433 2744 1557 2824 multis,
1573 2744 1629 2827 qui
1655 2743 1717 2808 tibi
1743 2752 1859 2810 contra

498 2847 663 2934 quoslibet
686 2846 831 2912 discolos
853 2857 866 2881 ⁰
891 2846 1053 2912 deberent
1083 2846 1304 2913 unanimitate
1335 2855 1491 2913 votorum
1524 2846 1686 2927 assistere,
1718 2847 1858 2912 materia

497 2949 644 3017 scandali
666 2949 848 3037 pernitiose
869 2950 976 3037 parari
1001 2950 1142 3032 videtur,
1166 2951 1222 3035 qui
1241 2950 1397 3037 equidem
1422 2953 1463 3016 ab
1488 2949 1630 3035 inceptis
1653 2949 1711 3014 vix
1734 2949 1857 3016 retrahi

497 3062 666 3141 poterunt,
682 3053 842 3139 quamdiu
866 3053 930 3119 hiis
960 3053 1150 3119 involutum
1174 3055 1359 3120 turbinibus
1389 3061 1425 3119 te
1455 3053 1627 3133 videbunt,
1644 3060 1679 3118 et
1694 3052 1763 3138 qui,
1780 3053 1857 3120 dum

498 3159 655 3223 immunis
669 3178 690 3222 a
704 3177 895 3243 guerrarum
912 3156 1011 3222 fueris
1033 3157 1183 3243 strepitu,
1200 3158 1271 3238 tibi,
1288 3166 1325 3224 ut
1340 3156 1563 3223 verisimiliter
1577 3164 1628 3222 est
1644 3156 1855 3243 sperandum,

497 3261 632 3327 obedire
657 3269 819 3347 cogentur
848 3260 882 3325 in
906 3260 994 3325 auris
1023 3259 1139 3326 auditu
1154 3259 1174 3326 ⁶.
1198 3260 1286 3326 Illud
1308 3281 1441 3346 quoque
1456 3268 1491 3325 te
1507 3260 1561 3346 pie
1577 3267 1734 3345 optamus
1748 3268 1856 3325 atten-

497 3365 576 3431 dere
600 3387 700 3451 quam
727 3365 884 3431 videlicet
910 3365 985 3430 Deo
1011 3372 1142 3450 gratum
1173 3386 1340 3451 quamque
1364 3365 1502 3433 accedat
1532 3373 1721 3451 acceptum,
1746 3364 1856 3432 discri-

497 3469 643 3535 minibus
663 3470 860 3549 animarum,
876 3467 1030 3554 periculis
1045 3490 1220 3555 corporum
1244 3477 1278 3535 et
1296 3470 1444 3556 lapsibus
1465 3469 1660 3534 facultatum
1682 3488 1759 3553 que,
1775 3467 1855 3554 proh

498 3572 602 3653 dolor,
631 3574 801 3657 hucusque
825 3572 982 3658 produxit
1008 3572 1222 3638 Flandrensis
1246 3593 1361 3658 guerre
1388 3572 1573 3639 commotio
1596 3579 1630 3637 et
1664 3592 1730 3655 que
1757 3571 1855 3657 ipsius

498 3677 707 3742 continuatio
730 3676 915 3761 periculose
940 3676 1096 3756 minatur,
1126 3696 1186 3762 per
1209 3675 1510 3742 consolidationem
1534 3675 1742 3761 predictam‘
1758 3675 1856 3740 finem

498 3779 670 3865 imponere
690 3800 730 3845 ac
754 3780 969 3845 ecclesiamm
994 3788 1028 3844 et
1051 3799 1267 3865 personarum
1289 3779 1587 3845 ecclesiasticarum
1602 3778 1857 3863 gravaminibus,

498 3904 562 3967 que
572 3882 606 3946 in
615 3882 750 3967 Juribus,
760 3882 969 3948 libertatibus
983 3890 1018 3947 et
1032 3883 1130 3948 bonis
1145 3903 1257 3947 earum
1271 3883 1304 3946 in
1318 3883 1382 3948 illis
1393 3883 1484 3949 illata
1499 3882 1560 3948 sibi
1573 3889 1650 3947 sunt
1666 3880 1817 3967 partibus
1825 3887 1858 3944 et

497 3985 682 4051 inferuntur
697 3985 837 4067 assidue,
854 3986 978 4052 utiliter
1001 3986 1146 4066 obviare,
1163 4008 1227 4072 que
1243 3986 1399 4052 nimirum
1410 3986 1558 4052 Christus
1572 3984 1747 4067 Dominus,
1763 4004 1858 4050 verus

498 4110 639 4175 sponsus
656 4088 817 4171 Ecclesie,
832 4090 890 4156 diu
905 4090 1112 4155 dissimulare
1128 4111 1196 4155 non
1212 4089 1345 4176 poterit,
1356 4090 1436 4175 quin
1453 4090 1486 4154 in
1502 4110 1561 4155 eos
1570 4110 1628 4155 sue
1644 4089 1857 4154 severitatem

498 4192 634 4259 ultionis
669 4202 834 4274 exerceat,
869 4214 953 4279 quos
985 4213 1044 4279 per
1077 4193 1356 4279 impedimentum
1383 4194 1473 4259 dicte
1507 4194 1599 4279 pacis
1634 4213 1771 4260 causam
1802 4214 1858 4259 seu

498 4297 710 4363 occasionem
735 4298 903 4384 premissis
927 4300 1065 4383 prebere
1089 4297 1227 4363 videbit.
1244 4299 1301 4362 Set
1317 4306 1351 4362 et
1367 4298 1442 4378 hoc,
1459 4318 1646 4382 quesumus,
1669 4297 1858 4383 frequenter

499 4400 532 4465 in
548 4409 663 4467 mente
679 4403 841 4481 revolvas,
852 4402 943 4486 quod
958 4409 995 4467 tu
1011 4401 1067 4486 qui
1083 4400 1258 4466 laudabilis
1273 4401 1463 4466 devotionis
1479 4401 1669 4467 inflamatus
1684 4400 1809 4467 affectu
1824 4409 1857 4465 te

498 4505 541 4571 ad
565 4506 711 4572 crucifixi
736 4503 901 4572 devovisti
927 4503 1099 4569 servitium
1133 4503 1231 4570 etad
1256 4504 1508 4570 ultramarinum
1538 4503 1727 4590 passagium
1758 4512 1794 4570 te
1825 4512 1858 4569 et

498 4617 557 4673 tua
580 4610 728 4695 disponis
756 4607 958 4694 impendere,
983 4608 1026 4673 ad
1051 4607 1084 4673 id
1108 4616 1143 4672 te
1168 4628 1283 4693 parare
1307 4629 1375 4673 non
1405 4608 1541 4694 poteris,
1566 4629 1683 4694 guerra
1707 4609 1858 4695 predicta

498 4706 649 4790 durante,
667 4729 794 4793 nosque
811 4711 866 4795 qui
892 4711 1065 4796 negotium
1084 4711 1193 4796 ipsum
1217 4711 1307 4777 cordi
1333 4734 1399 4777 non
1417 4712 1632 4778 mediocriter
1657 4713 1803 4798 gerimus
1825 4722 1859 4778 et

498 4811 554 4896 qui
570 4810 612 4876 de
636 4812 722 4877 illius
734 4814 968 4897 prosecutione
983 4822 1127 4880 tractare
1147 4824 1259 4881 tecum
1275 4815 1500 4902 principaliter
1515 4816 1687 4897 habemus,
1704 4824 1743 4881 ut
1758 4818 1858 4898 nosti,

498 4923 634 5001 propter
649 4916 739 5000 quod
763 4918 832 5000 jam
854 4938 914 5003 per
929 4938 1055 4983 annum
1069 4919 1158 4983 anxii
1176 4920 1426 5005 expectavimus
1441 4927 1500 4985 tue
1516 4920 1593 4986 inde
1608 4921 1859 5006 beneplacitum

531 5145 555 5178 n.
567 5129 675 5179 discolas
688 5144 738 5193 rep.
751 5159 782 5167 -
795 5130 815 5180 b.
827 5133 918 5182 ondita
929 5150 980 5197 rep.
995 5163 1025 5169 --
1036 5150 1057 5184 c.
1070 5136 1185 5199 predicte
1195 5151 1248 5197 rep.
