4409 6017
892 734 1039 801 Premi'eru
1060 735 1162 801 annia.
1671 734 1712 798 la

353 891 538 978 hujusmodi
554 890 598 956 ad
617 890 742 957 Sedem
758 892 988 977 apostolicam,
1005 900 1042 957 ut
1057 890 1189 971 dicitur,
1202 892 1421 977 appellantes,
1436 890 1563 956 dictam
1578 891 1718 1007 preben-

353 996 425 1062 dam
449 993 613 1059 Gualtero
637 994 680 1059 de
706 994 830 1061 Sancto
856 995 988 1060 Ricerio
1012 995 1054 1059 de
1074 994 1172 1072 lactu,
1189 1015 1266 1060 cum
1281 995 1358 1059 de
1347 1015 1419 1080 Jure
1441 994 1661 1078 nequiverint,
1685 994 1719 1059 in
1778 1048 1779 1051 ,
1829 1040 1837 1052 .

353 1099 449 1187 ipsius
464 1098 649 1165 Alexandri
666 1098 885 1184 prejudicium
901 1101 1125 1180 contuleruut,
1142 1099 1184 1164 ad
1195 1099 1310 1163 illam
1302 1120 1411 1186 ipsum
1422 1098 1599 1163 admittere
1617 1098 1717 1163 dene-

309 1145 315 1270 i
353 1211 465 1286 gantes
489 1201 604 1284 sicque
620 1221 681 1285 pre
684 1201 770 1267 atus
794 1203 986 1268 Alexander
1010 1201 1100 1267 dicta
1131 1202 1336 1286 prebenda'
1325 1222 1395 1287 Jam
1420 1202 1598 1268 duodecim
1623 1202 1719 1267 annis

354 1308 492 1374 caruisse
511 1305 727 1391 dignoscitur,
744 1311 779 1369 et
794 1306 875 1371 alias
890 1315 1027 1392 propter
1051 1326 1225 1392 processus
1242 1312 1358 1371 contra
1373 1306 1494 1371 ducem
1511 1316 1546 1370 et
1572 1327 1720 1371 commu-

355 1413 493 1477 nitatem
504 1412 719 1476 Venetorum
735 1409 861 1476 dudum
878 1430 937 1497 per
953 1410 1078 1477 Sedem
1094 1409 1315 1496 apostolicam
1330 1409 1472 1490 habitos,
1483 1410 1635 1493 quamvis
1651 1410 1721 1495 ipse

309 1557 310 1570 κ
356 1535 485 1581 causam
501 1515 556 1579 vel
573 1513 785 1580 occasionem
810 1514 855 1578 rei
872 1535 941 1579 non
957 1513 1097 1597 dederit,
1114 1521 1250 1599 propter
1274 1534 1375 1597 quam
1396 1513 1516 1578 fuerint
1541 1512 1621 1579 dicti
1645 1533 1720 1599 pro·

355 1639 461 1684 cessus
477 1618 583 1684 habiti
601 1626 716 1682 contra
739 1638 806 1697 eoS,
823 1638 883 1703 pro
907 1618 1022 1703 majori
1039 1624 1134 1702 parte
1160 1617 1327 1682 dictorum
1353 1616 1531 1682 duodecim
1556 1636 1720 1682 annorum

354 1722 435 1787 circa
443 1721 673 1807 provisionem
683 1720 732 1784 sui
740 1720 821 1805 juris
832 1720 865 1784 in
876 1720 939 1785 hac
949 1731 1044 1806 parte
1054 1720 1167 1785 extitit
1183 1718 1498 1805 impeditusVerum
1509 1719 1586 1803 quia
1597 1719 1665 1785 duo
1676 1740 1717 1785 ex

354 1824 485 1910 prefatis
500 1824 736 1889 executoribus
761 1824 926 1905 obierunt,
951 1825 1069 1889 tertius
1084 1845 1166 1892 vero
1182 1822 1267 1888 adeo
1283 1823 1316 1887 in
1333 1822 1470 1887 remotis
1487 1823 1608 1903 extitit,
1629 1823 1719 1907 quod

353 1929 451 2014 ipsius
467 1928 566 2014 copia
582 1929 624 1992 de
640 1927 728 1992 facili
745 1926 858 2011 haberi
874 1949 942 1993 non
959 1936 1081 2013 potest,
1098 1949 1160 1992 nos
1175 1929 1330 1992 uolentes
1345 1927 1455 1993 eidem
1476 1927 1669 1992 Alexandro
1686 1927 1718 1989 in

354 2053 409 2096 suo
421 2034 496 2117 jure
514 2032 663 2111 deesse⁶,
681 2032 714 2096 in
740 2052 807 2116 quo
823 2053 936 2098 sumus
952 2032 1106 2098 onmibus
1124 2032 1302 2112 debitores,
1327 2028 1519 2096 discretioni
1535 2038 1646 2096 vestre
1661 2050 1720 2117 per

353 2134 538 2222 apostolica
554 2134 678 2220 scripta
700 2135 898 2201 mandamus
913 2144 1077 2219 quatenus
1092 2155 1153 2200 vos
1168 2135 1222 2199 vel
1249 2134 1317 2200 duo
1338 2142 1396 2199 aut
1421 2154 1505 2199 unus
1527 2145 1716 2202 vestrum...

353 2239 477 2305 dictum
495 2238 724 2303 Alexandrum
734 2240 789 2303 vel
804 2248 1054 2325 procuratorem
1070 2259 1177 2319 suum,
1194 2238 1264 2323 ejus
1279 2237 1426 2319 nomine,
1452 2238 1485 2302 in
1512 2241 1719 2325 corporalem

352 2341 596 2426 possessionem
613 2341 761 2426 ejusdem
777 2343 927 2408 vacantis
946 2343 1116 2430 prebende
1137 2341 1303 2407 inducatis
1323 2342 1522 2408 auctoritate
1546 2353 1660 2410 nostra
1683 2352 1718 2408 et

355 2444 541 2511 defendatis
557 2445 742 2527 inductum,
758 2455 873 2512 amoto
896 2449 937 2513 ab
954 2468 994 2512 ea
1015 2446 1166 2531 quolibet
1190 2444 1385 2525 detentore;
1416 2447 1615 2534 dignitatem
1637 2472 1718 2517 vero

356 2570 411 2614 seu
426 2556 646 2635 personatum
661 2550 715 2613 vel
740 2549 887 2616 officium
903 2571 962 2636 per
979 2551 1123 2615 eundem
1139 2549 1419 2634 predecessorem,
1445 2560 1482 2617 ut
1505 2553 1719 2638 premittitur,

358 2664 561 2719 reservatam
582 2672 640 2717 seu
662 2654 772 2721 etiam·
786 2662 1002 2738 reservatum,
1023 2656 1048 2720 si
1077 2663 1230 2739 tempore
1254 2656 1489 2721 reservationis
1516 2658 1664 2743 ejusdem
1688 2658 1720 2722 in

357 2758 494 2825 ecclesia
520 2756 673 2844 predicta
693 2761 835 2825 vacabat
856 2760 909 2825 vel
931 2781 972 2824 ex
994 2769 1075 2825 tunc
1100 2758 1233 2824 vacavit
1255 2767 1312 2823 aut
1334 2761 1579 2845 quamprimum
1604 2782 1721 2829 vacare

358 2860 542 2945 contigerit,
553 2859 664 2926 eidem
679 2861 1062 2929 Alexandro...c0nferre
1078 2870 1114 2927 et
1129 2861 1294 2946 assignare
1305 2863 1547 2930 curetis...Non
1565 2868 1721 2932 obstante

359 2964 443 3048 quod
466 2963 559 3030 idem
582 2964 773 3029 Alexander
802 2975 879 3051 post
910 2966 1126 3032 collationem
1153 2972 1188 3029 et
1209 2965 1470 3033 reservationem
1494 2969 1661 3055 predictas
1686 2970 1719 3035 in

361 3068 731 3153 Constantinopolitana
747 3079 780 3133 et
796 3069 985 3135 Castellana
1001 3069 1150 3135 ecclesiis
1166 3069 1382 3134 canonicatus
1393 3078 1426 3134 et
1438 3074 1624 3156 prebendas
1634 3074 1716 3138 exti-

361 3175 430 3239 terit
445 3183 627 3251 assecutus,
643 3180 677 3237 et
687 3191 785 3256 super
796 3174 977 3257 plebanatu
987 3173 1127 3239 ecclesie
1143 3170 1296 3257 S.M0ysi
1307 3171 1348 3237 de
1361 3171 1716 3256 Venetiis,Castellane

363 3280 504 3356 diocesis,
529 3279 678 3344 noscitm
702 3277 839 3359 litigare,
874 3299 932 3341 seu
963 3279 1053 3362 quod
1074 3277 1134 3342 sibi
1161 3297 1264 3362 nuper
1290 3276 1331 3342 de
1356 3278 1556 3343 canonicatu
1578 3280 1718 3345 ecclesie

365 3381 558 3450 l'eronensis
584 3391 619 3445 et
648 3380 827 3466 prebenda,
843 3380 869 3445 si
901 3402 966 3464 qua
982 3391 1062 3447 tunc
1077 3383 1219 3446 vacabat
1244 3380 1367 3445 ibidem
1400 3386 1452 3448 vel
1476 3382 1718 3467 quamprimum

366 3507 472 3554 vacare
487 3487 684 3570 contigeret,
692 3486 891 3550 auctoritate
907 3487 1094 3572 apostolica
1109 3485 1263 3551 duximus
1272 3485 1516 3571 providendum
1533 3481 1722 3567 (1)...eon-

309 3575 315 3684 ¹.
367 3594 550 3660 tradictores
566 3592 764 3657 auctoritate
781 3600 844 3656 etc.
863 3615 879 3653 ,»›

329 3689 336 3816 ι
405 3698 528 3764 Datum
543 3697 644 3762 Avin.
663 3701 680 3760 6
698 3695 771 3761 idus
788 3696 977 3761 novembris
992 3716 1082 3762 anno
1103 3718 1129 3762 1.

313 3857 317 3891 ³
394 3870 448 3930 Rea.
459 3875 507 3922 xv.
517 3876 539 3930 a,
554 3872 624 3919 [aar
643 3888 648 3920 ι
664 3870 721 3919 rat.
734 3876 772 3922 us.
783 3872 800 3920 r.
816 3874 881 3924 ram.
895 3887 918 3919 ιι.
933 3875 1003 3920 maa.

310 4098 339 4226 'p
408 4084 1677 4179 165.1„‘16,9uovembre.

336 4259 338 4266 .
405 4198 585 4277 Ludovico,
602 4197 716 4262 comiti
744 4194 943 4261 Nivernensi
947 4196 1161 4280 ,indulgetur
1186 4204 1222 4261 ut
1248 4219 1304 4262 sex
1330 4196 1439 4262 clerici
1464 4197 1530 4262 suis
1555 4199 1721 4282 obsequiis

312 4287 341 4414 ι
375 4299 549 4368 insistentes
584 4300 707 4366 fructus
740 4299 979 4365 beneficiorum
1012 4320 1145 4363 suorum
1182 4302 1307 4383 absque
1340 4300 1519 4366 residentia
1549 4301 1719 4386 percipere

314 4407 501 4472 valeant.

409 4507 585 4574 Personam
602 4517 737 4574 tuam...

310 4596 330 4693 J
410 4610 480 4677 [lat.
497 4613 598 4677 Avin.
617 4632 633 4695 5
653 4611 695 4676 id.
713 4611 902 4676 novembris
918 4631 1007 4675 anno
1028 4632 1053 4676 1.

309 4717 342 4818 [ej
409 4713 442 4779 ln
481 4739 510 4783 e.
542 4738 587 4781 m.
618 4715 729 4780 abbati
755 4715 793 4779 B.
819 4713 955 4779 Martini
996 4713 1213 4780 Nivemensis
1243 4726 1278 4781 et
1315 4714 1556 4803 preposito'B.
1582 4712 1719 4779 Martini

312 4907 344 5014 l
402 4935 590 4998 awdeccssereq
602 4938 685 4983 lul
662 4954 675 4981 e
675 4936 758 4983 war

311 5361 348 5629 r

407 5189 600 5239 t.t·'m·..tnlra,

422 5301 592 5343 olltt
594 5300 717 5350 no-bclgica
