4409 6017
968 725 1125 792 Nauvibme
1145 724 1247 791 annea.
1732 730 1786 793 581

472 874 552 942 Dat.
567 876 666 941 Avin.
687 896 723 957 13
740 875 806 942 kal.
819 876 903 961 junii
919 896 1010 941 anno
1027 897 1056 958 9.

472 977 512 1043 ln
536 1001 566 1044 e.
588 1000 633 1045 m.
661 980 774 1045 abbati
801 979 994 1045 monasterii
1025 980 1060 1045 in
1083 979 1289 1046 Frankental
1313 988 1347 1045 et
1371 978 1502 1045 decano
1529 978 1788 1065 Montisregalis,

426 1080 686 1149 Wormaciensis
701 1091 736 1148 et
752 1082 1026 1149 Carcassonensis
1052 1083 1236 1165 diocesum,
1252 1103 1292 1150 ac
1314 1084 1486 1170 preposito
1501 1083 1532 1149 S.
1550 1082 1687 1150 Martini
1705 1083 1789 1148 Leo-

426 1184 551 1251 diensis
566 1187 791 1253 ecclesiarum.

461 1323 522 1385 aeg.
538 1326 585 1372 lv.
600 1326 638 1382 23,
651 1325 669 1372 r.
682 1325 750 1384 rear,
764 1339 790 1374 n.
806 1326 886 1381 anm
900 1324 959 1373 rat.
972 1326 1010 1385 19,
1023 1325 1041 1373 r.
1053 1325 1121 1385 saar,
1133 1340 1159 1375 n.
1171 1326 1242 1373 2470.

473 1488 618 1572 1590.
1499 1525 1594 1587 1325,
1610 1526 1651 1569 21
1669 1510 1746 1570 mai.

471 1604 491 1683 J
494 1609 601 1671 acobo
616 1605 742 1671 Leonis
758 1605 910 1671 Fannelli
927 1606 1096 1673 confertur
1111 1607 1330 1674 canonicatus
1344 1608 1486 1675 ecclesie
1500 1609 1715 1674 Abrincensis
1730 1611 1790 1673 sub

425 1709 662 1795 expectatione
678 1709 857 1795 prebende,
867 1730 935 1776 non
946 1712 1104 1777 obstante
1117 1710 1207 1796 quod
1219 1711 1253 1775 in
1263 1712 1381 1797 majori
1394 1711 1639 1793 canonicatum,
1650 1715 1790 1797 preben-

423 1813 555 1879 damet
577 1813 779 1879 beneficium
795 1821 830 1878 et
856 1814 889 1878 in
916 1814 948 1879 S.
964 1811 1134 1880 Valentini
1157 1814 1443 1882 Ferentinatensis
1458 1815 1607 1882 ecclesiis
1623 1816 1734 1882 locum
1755 1824 1790 1881 et

424 1917 627 1983 beneficium
643 1926 678 1982 et
694 1918 726 1982 in
742 1916 867 1983 diocesi
883 1916 1070 1984 Turonensi
1086 1918 1264 1985 ecclesiam
1289 1918 1331 1984 de
1359 1918 1562 2005 Exsculleyo
1578 1927 1612 1984 et
1627 1920 1661 1983 in
1683 1921 1790 1986 eccle-

424 2022 475 2088 sia
490 2021 521 2086 S.
539 2021 722 2087 Donatiani
736 2019 924 2107 Brugensis,
941 2021 1164 2089 Tomacensis
1173 2021 1326 2104 diocesis,
1342 2023 1579 2089 canonicatum
1595 2026 1655 2089 sub
1668 2045 1788 2109 expec-

424 2125 557 2191 tatione
573 2124 742 2211 prebende
758 2125 899 2192 obtinet.

471 2227 565 2294 Sedis
579 2229 803 2314 apostolice...

473 2332 553 2399 Dat.
569 2332 670 2398 Avin.
690 2353 726 2398 12
743 2332 812 2400 kal.
825 2332 909 2419 junii
926 2353 1016 2401 anno
1033 2354 1061 2415 9.

475 2436 515 2501 ln
532 2458 562 2502 e.
577 2458 621 2501 m.
637 2437 798 2521 magistro
815 2437 992 2524 Raynaldo
1006 2437 1050 2503 de
1066 2438 1141 2504 filiis
1158 2438 1246 2520 Ursi,
1262 2438 1499 2505 archidiacono
1510 2438 1552 2504 de
1565 2438 1741 2525 Campinia
1757 2440 1791 2504 in

425 2540 569 2607 ecclesia
584 2538 773 2621 Leodiensi,
789 2541 922 2607 notario
937 2562 1037 2628 pape,
1053 2550 1088 2609 ct
1105 2544 1140 2610 S.
1157 2541 1337 2609 Michaelis
1358 2542 1391 2607 in
1407 2543 1556 2629 periculo
1576 2543 1678 2609 maris
1693 2564 1732 2609 ac
1748 2544 1789 2609 de

424 2645 590 2725 Lucerna,
606 2645 824 2710 Abrincensis
839 2644 992 2726 diocesiS,
1002 2646 1282 2712 monasteriorum
1297 2646 1484 2713 abbatibus.

460 2775 522 2836 Rog.
534 2776 581 2824 Ar.
591 2776 631 2834 23,
643 2775 661 2824 i.
676 2775 720 2822 73*
732 2790 738 2832 ;
751 2774 811 2823 Vat.
824 2776 863 2834 79,
872 2775 890 2823 f.
903 2776 942 2833 32,
955 2788 980 2823 n.
994 2776 1064 2825 1299.

471 2942 609 3026 1591.
1494 2973 1589 3036 1325,
1606 2974 1647 3017 21
1665 2955 1742 3018 moi.
1830 2988 1831 2992 =

469 3059 592 3126 Pontio
608 3058 763 3125 Textoris
778 3058 995 3126 conferuntur
1010 3054 1228 3122 canonicatus
1248 3063 1283 3122 et
1298 3056 1468 3143 prebenda
1483 3077 1523 3123 ac
1538 3057 1786 3124 archidiacona-

422 3176 478 3233 tus
493 3165 535 3230 de
550 3165 648 3251 Algia
664 3164 699 3229 in
726 3164 868 3230 ecclesia
884 3160 1086 3228 lexoviensi
1110 3168 1270 3226 vacantes
1291 3182 1351 3247 per
1372 3163 1513 3228 liberam
1528 3163 1787 3247 resignationem

421 3272 465 3337 ab
489 3271 629 3335 Alberto
652 3268 695 3334 de
726 3266 906 3333 Castenate
934 3266 968 3331 in
994 3264 1148 3331 manibus
1182 3262 1357 3346 lobannis,
1390 3265 1419 3331 S.
1444 3264 1614 3332 Theodori
1651 3266 1785 3333 diaconi

422 3373 609 3453 cardinalis,
633 3372 779 3451 lactam;
803 3370 859 3455 qui
888 3369 1028 3436 Pontius
1053 3368 1290 3434 canonicatum
1313 3376 1348 3435 et
1364 3368 1570 3457 prebendam
1593 3370 1729 3457 majoris
1752 3380 1787 3438 et

421 3477 611 3545 custodiam
627 3476 659 3542 S.
676 3474 767 3540 Petri
784 3473 1022 3541 Leodiensium
1037 3471 1253 3539 ecclesiarum
1268 3474 1374 3539 etiam
1388 3472 1626 3560 resignaverat.

467 3580 665 3667 Apostolice
682 3579 816 3644 Sedis...

467 3686 546 3750 Dat.
559 3685 659 3750 Avin.
676 3704 712 3748 12
730 3682 796 3748 kal.
810 3682 896 3768 junii
913 3701 1004 3747 anno
1020 3701 1050 3762 9.

468 3789 507 3855 ln
525 3810 553 3855 e.
570 3810 615 3854 m.
631 3788 793 3874 episcopo
810 3785 1006 3852 Mimatensi
1022 3805 1062 3851 ac
1077 3785 1314 3851 archidiacono
1330 3785 1602 3873 Transligerensi,
1612 3788 1786 3853 Turonen-

421 3895 477 3974 sis,
494 3913 533 3958 ac
550 3892 753 3977 Raymundo
767 3890 913 3976 Augerii,
930 3889 1095 3956 canonico
1110 3888 1315 3975 Agathensis
1330 3891 1553 3956 ecclesiarum.

457 4022 516 4082 Bcg.
529 4022 577 4069 Ar.
590 4023 629 4079 23,
641 4021 659 4068 l.
673 4022 718 4068 172
730 4036 735 4076 ;
748 4020 808 4068 Vet.
821 4021 859 4078 79,
872 4019 889 4067 i.
904 4019 969 4076 latr,
982 4033 1007 4066 n.
1022 4019 1091 4065 1753.

471 4185 610 4267 1592.
1495 4216 1589 4279 1325,
1605 4219 1646 4260 21
1665 4200 1742 4262 moi.

467 4303 607 4367 Alberto
641 4302 683 4367 de
709 4302 900 4382 Castenate,
926 4303 1101 4387 capellano
1133 4323 1230 4388 pape,
1263 4299 1479 4366 conseruntur
1509 4300 1726 4367 canonicatus
1752 4312 1787 4367 et

421 4405 591 4494 prebende
615 4404 848 4471 Atrebatensis
874 4414 909 4469 et
933 4404 1147 4484 Nivellensis,
1173 4405 1368 4470 Leodiensis
1394 4404 1546 4485 diocesis,
1571 4405 1786 4470 ecclesiarum

420 4517 584 4573 vacantes
601 4529 660 4594 per
685 4510 825 4574 liberam
852 4509 1113 4593 resignationem
1138 4509 1172 4573 in
1199 4509 1352 4574 manibus
1376 4507 1550 4589 Johaunis,
1570 4508 1601 4573 S.
1618 4507 1786 4574 Theodori

421 4612 554 4678 diaconi
568 4612 753 4693 cardinalis,
771 4633 791 4677 a
809 4611 958 4677 Martino
970 4612 1012 4677 de
1030 4610 1137 4677 Puteo
1154 4612 1289 4692 factam;
1307 4612 1362 4696 qui
1379 4613 1536 4677 Albertus
1552 4612 1787 4677 canonicatum

422 4724 459 4781 et
473 4715 678 4801 prebendam
694 4736 734 4780 ac
750 4716 1059 4781 archidiaconatum
1082 4716 1125 4781 de
1141 4717 1237 4800 Algia
1260 4717 1293 4780 in
1310 4716 1451 4781 ecclesia
1468 4715 1667 4780 Lexoviensi
1685 4716 1787 4780 etiam

421 4820 660 4904 resignaverat,
677 4827 711 4884 et
734 4840 802 4884 non
830 4823 987 4885 obstante
1003 4820 1094 4905 quod
1110 4820 1143 4885 in
1169 4819 1413 4884 Mediolanensi
1430 4827 1464 4883 et
1483 4818 1731 4884 Ravennatensi
1748 4840 1788 4884 ac

424 4923 630 4988 Vercellensi
642 4924 790 4990 ecclesiis
807 4925 1025 4991 canonicatus
1036 4934 1071 4990 et
1086 4925 1275 5011 prebendas
1291 4924 1431 4989 obtinet,
1534 4983 1545 5001 ,

469 5026 605 5092 Placide
621 5035 718 5093 tue...

470 5131 549 5199 Dat.
566 5131 667 5201 Avin.
687 5153 723 5197 12
741 5132 807 5199 kal.
820 5132 904 5220 junii
920 5152 1010 5198 anno
1027 5154 1056 5216 9.
1159 5119 1161 5123 ⁸
