4409 6017
920 690 1089 784 Quatrieme
1110 692 1214 773 annia.
1677 702 1747 781 ’331

403 845 536 918 onium
563 853 709 922 invicem
735 856 934 923 contrahere
957 858 1105 940 valeant,
1135 859 1236 924 robur
1262 857 1492 927 indissolubile
1506 864 1746 948 obtenturum,

403 957 585 1024 retoritate
601 960 787 1047 apostolica
796 961 989 1048 dispensare
998 982 1166 1048 procures,
1176 962 1257 1047 juris
1266 963 1413 1047 humani,
1424 967 1548 1051 absque
1561 969 1747 1037 offensione

407 1058 494 1137 vini,
511 1061 655 1146 rigorem
671 1062 714 1128 de
729 1065 916 1150 apostolice
939 1066 1119 1151 potestatis
1142 1065 1350 1151 plenitudine
1377 1088 1477 1153 quam
1504 1070 1537 1134 in
1564 1071 1628 1138 hac
1652 1083 1746 1159 parte

403 1163 820 1331 Ιίζίἃῗοιιιιιιιιιίιιιιιεῳιοιιῖ
836 1168 955 1234 decere
972 1178 1007 1235 et
1022 1170 1180 1256 expedire
1192 1170 1746 1257 videris,temperandoDatAvin.

477 1318 485 1333 .
498 1288 584 1353 Junn
600 1290 691 1336 anno
707 1293 726 1355 4
742 1281 766 1337 ⁶.
784 1294 802 1335 ι)

407 1432 475 1563 ΒΞ.
487 1434 630 1581 Vatig0‚)f.
643 1438 699 1498 341,
711 1452 737 1487 ιι.
749 1440 796 1487 tol
809 1455 815 1495 ;
827 1440 887 1489 Vnt.
901 1443 955 1501 110,
969 1456 1028 1504 pars
1040 1443 1074 1501 11,
1086 1443 1105 1491 i.
1117 1442 1169 1502 etv,
1180 1457 1205 1492 n.
1218 1444 1274 1492 260.
1286 1470 1317 1477 —
1329 1441 1435 1503 doulon,
1449 1456 1474 1492 n.
1488 1443 1550 1491 1054
1563 1443 1637 1507 (avec
1649 1443 1675 1493 Ιιι
1685 1445 1746 1495 date

403 1529 412 1562 1
472 1518 526 1565 mai
571 1520 623 1567 20.

423 1710 541 1794 829.
699 1737 701 1742 ’
1453 1758 1548 1821 1320,
1565 1758 1607 1822 24
1624 1741 1700 1805 mai.

422 1830 444 1909 J
447 1834 575 1899 ohanni
591 1833 747 1902 Riccardi
762 1835 872 1903 Taske
887 1838 930 1904 de
947 1838 1042 1905 Urbe
1057 1839 1226 1906 confertur
1241 1840 1461 1906 canonicatus
1477 1842 1618 1907 ecclesie
1629 1841 1745 1907 Nivel·

403 1935 493 2019 ensis,
510 1936 706 2005 Leodiensis
720 1939 872 2024 diocesis,
888 1945 948 2009 sub
964 1943 1201 2030 expectatione
1216 1944 1397 2032 prebende.
1474 2025 1476 2029 Α

425 2039 561 2107 Meritis
575 2050 665 2110 tue...

427 2144 510 2210 Dat.
526 2145 626 2212 Avin.
645 2168 662 2227 9
680 2147 745 2215 kal.
759 2149 841 2231 junii
859 2171 950 2216 anno
965 2174 996 2236 4.

424 2246 465 2313 In
482 2269 513 2313 e.
528 2269 573 2315 m.
589 2253 762 2337 preposito
778 2254 809 2319 S.
826 2254 1055 2322 Bartholomei
1072 2265 1107 2322 et
1123 2256 1359 2325 archidiacono
1375 2258 1417 2325 de
1434 2258 1618 2347 Campinia,
1642 2262 1745 2346 majo-

404 2375 423 2421 s
440 2353 649 2439 Leodiensis,
665 2378 706 2424 ac
721 2358 998 2445 archipresbitero
1014 2360 1046 2426 S.
1063 2360 1236 2427 Eustachii
1248 2361 1290 2428 de
1307 2361 1401 2429 Urbe
1417 2363 1643 2431 ecclesiarum.

414 2519 475 2582 Reg.
489 2521 539 2569 Ar.
553 2521 590 2582 1³,
602 2520 620 2571 f.
632 2523 679 2571 374
692 2537 698 2580 ;
711 2521 770 2571 Vat.
780 2524 819 2583 70,
830 2524 849 2572 f.
861 2525 916 2583 351,
927 2539 952 2573 ιι.
964 2525 1020 2574 181.

424 2714 545 2800 830.
1452 2749 1548 2811 1320,
1564 2729 1606 2794 26
1622 2752 1700 2796 mur.

425 2834 594 2919 Philippo,
608 2832 676 2918 regi
694 2831 843 2913 Francie,
860 2831 1038 2897 mandatur
1052 2831 1144 2916 quod
1166 2829 1352 2898 Gaucelmo
1375 2832 1534 2899 cardinali
1550 2834 1745 2900 conceditur

403 2939 522 3005 rcultas
547 2936 761 3025 dispensandi
777 2957 875 3021 super
890 2935 1088 3021 quibusdam
1105 2935 1354 3022 impedimentis
1369 2936 1402 3001 in
1427 2936 1643 3003 matrimonio
1666 2957 1745 3004 con-

403 3042 548 3108 rahendo
563 3041 650 3107 inter
663 3039 899 3125 Margaretam,
917 3039 1019 3105 filiam
1034 3039 1116 3106 dicti
1132 3040 1227 3125 regis,
1244 3049 1278 3106 et
1295 3039 1516 3124 Ludovicum,
1527 3040 1631 3110 filium
1642 3042 1745 3107 comi·

403 3148 425 3212 is
440 3145 673 3213 Nivemensis.

426 3328 639 3395 «Carissimo
654 3327 687 3392 in
704 3325 838 3394 Christo
854 3327 922 3392 filio
939 3327 1106 3414 Philippo,
1130 3327 1197 3413 regi
1216 3327 1355 3394 Francic
1381 3338 1416 3394 et
1440 3328 1591 3394 Navarre
1614 3329 1743 3394 illustri.

403 3435 493 3517 luam
509 3433 653 3499 molesta
668 3431 767 3497 fuerit
782 3431 869 3497 inter
884 3431 1120 3498 excellentiam
1135 3432 1260 3515 regiam
1276 3440 1311 3497 et
1328 3430 1550 3498 Flandrenses
1564 3432 1743 3497 reformate

404 3538 471 3604 acis
487 3535 736 3603 consummatio
752 3535 839 3601 hosti
855 3536 956 3621 pacis,
980 3536 1154 3601 obstacula
1175 3536 1266 3601 varia
1288 3556 1353 3620 que
1376 3544 1492 3601 contra
1508 3536 1600 3601 illam
1615 3536 1744 3601 curavit

404 3644 514 3708 bioere
530 3640 701 3707 insinuant
716 3639 900 3719 evidenter,
917 3659 1083 3724 quamque
1108 3639 1180 3724 ipsa
1205 3660 1224 3704 e
1247 3639 1382 3725 regione
1397 3648 1490 3725 grata
1513 3639 1605 3725 pacis
1623 3639 1743 3704 extite-

403 3747 423 3811 it
436 3745 579 3811 amatori
596 3765 638 3809 ex
653 3745 724 3829 ejus
739 3744 806 3808 fine
821 3744 987 3827 colligitur
1001 3742 1179 3809 manifeste
1192 3765 1201 3823 ;
1218 3764 1259 3808 ex
1276 3764 1343 3829 quo
1359 3744 1473 3828 utique
1488 3750 1548 3809 tuo
1563 3743 1688 3808 teneris
1700 3742 1743 3807 ad

403 3851 562 3917 ratiarum
577 3848 727 3915 actiones
743 3845 892 3912 Creatori
904 3846 1077 3928 obnoxius,
1090 3856 1207 3913 contra
1216 3847 1384 3913 residuum
1396 3847 1525 3913 cautius
1534 3847 1742 3932 provisurus;

403 3953 423 4019 d
445 3974 547 4040 quarn
570 3951 686 4037 utique
709 3950 918 4017 solidandam
940 3959 1099 4036 prompto
1121 3950 1235 4015 animo
1257 3950 1492 4036 impendentes
1514 3949 1615 4015 officii
1638 3948 1743 4013 nostri

404 4068 502 4138 artes,
529 4057 654 4123 dilecto
682 4054 751 4120 filio
777 4054 1012 4141 G[aucelmo],
1036 4054 1125 4120 tituli
1153 4055 1351 4120 Sanctorum
1382 4053 1571 4119 Marcellini
1594 4061 1629 4118 et
1653 4052 1741 4116 Petri

403 4162 566 4229 resbitero
587 4159 756 4240 cardinali,
773 4160 957 4244 apostolice
983 4158 1077 4224 Sedis
1100 4158 1229 4239 nunti0,
1246 4167 1283 4224 ut
1309 4178 1407 4244 super
1433 4157 1692 4243 impedimentis
1715 4156 1740 4220 si

404 4287 445 4332 ua
460 4271 675 4332 occurrerent
691 4264 725 4326 in
751 4263 967 4328 matrimonio
984 4262 1070 4327 inter
1093 4262 1251 4328 dilectam
1272 4263 1374 4326 filiam
1396 4262 1545 4327 nobilem
1567 4260 1742 4325 mulierem

404 4368 619 4455 largaretam,
635 4376 749 4433 natam
766 4376 869 4447 tuam,
886 4375 921 4432 et
937 4365 1158 4446 Ludovicum,
1175 4366 1436 4451 primogenitum
1451 4364 1564 4431 dilecti
1581 4363 1638 4428 filii
1649 4364 1741 4428 nobi-

404 4494 420 4538 s
441 4473 500 4537 viri
515 4522 540 4538 ..
557 4471 691 4538 comitis
707 4470 934 4550 NivernensiS,
951 4469 1193 4550 contrahendo
1209 4469 1319 4535 valeat
1341 4469 1543 4555 dispensare,
1567 4470 1627 4533 sub
1651 4475 1742 4533 certa

403 4596 486 4642 uma
501 4575 746 4642 committimus
770 4595 829 4661 per
844 4574 1046 4661 apostolicas
1068 4574 1150 4639 alias
1164 4573 1350 4659 litteras(¹)
1376 4573 1466 4638 vices
1489 4582 1631 4652 nostras,
1654 4571 1742 4636 circa

405 4701 512 4765 ueqne
536 4679 601 4744 alia
626 4699 690 4763 que
706 4679 749 4744 ad
773 4687 898 4744 statum
925 4679 1051 4763 regium
1073 4688 1108 4743 et
1131 4697 1308 4762 regnorum
1331 4676 1509 4762 pacificum
1535 4675 1741 4762 pertinerent

412 4905 439 4936 a.
455 4890 514 4938 lint.
528 4889 605 4937 Asin.
618 4892 667 4937 otc.
680 4904 729 4950 rep.
742 4889 797 4936 110.

416 5158 437 5203 1.
455 5156 519 5216 Voy.
531 5170 557 5203 n.
570 5156 626 5202 828.

425 5277 527 5317 enatem
537 5274 733 5325 variano-belgica.
747 5275 768 5314 ll
