4409 6017
501 737 562 806 492
1043 733 1192 800 lluitilme
1212 733 1314 798 anne.

551 890 640 955 «Ad
659 889 805 953 futuram
828 886 875 953 rei
890 884 1102 953 memoriam.
1117 883 1319 950 Auctoritati
1332 882 1506 967 judiciarie
1526 884 1712 950 convenire
1732 883 1853 970 dignos
1906 922 1909 956 1

506 995 593 1062 citur
604 1002 642 1058 ut
653 993 730 1058 lites
738 1002 762 1073 ⁶,
772 1012 815 1057 ne
830 990 1123 1057 anfractusearum
1134 988 1277 1053 nimium
1289 989 1532 1073 protendantur
1542 997 1581 1054 ut
1590 989 1673 1054 fiant
1686 989 1761 1075 ipse
1769 1007 1854 1075 prop

508 1106 600 1164 terea
616 1096 834 1174 immortales,
857 1094 950 1159 licita
971 1090 1152 1160 concordia
1174 1092 1228 1158 vel
1251 1092 1444 1158 sententiali
1460 1092 1590 1158 calculo
1612 1093 1800 1180 sopiantur.
1815 1091 1854 1157 Er

510 1211 629 1268 tenore
644 1199 806 1284 siquidem
822 1207 975 1286 porrecte
990 1197 1088 1264 nobis
1102 1196 1302 1262 dilectorum
1318 1196 1461 1262 filiorum
1472 1248 1498 1263 ..
1514 1198 1649 1264 abbatis
1663 1206 1702 1264 et
1721 1217 1855 1264 conven-

510 1313 564 1370 tus
579 1303 772 1369 monasterii
788 1302 831 1369 de
846 1302 971 1368 Sancto
985 1300 1153 1381 Trudone,
1169 1298 1301 1381 O.S.B.,
1313 1300 1509 1370 Leodiensis
1523 1299 1679 1382 diocesis,
1695 1300 1857 1388 petitionis

510 1407 712 1492 accepimus,
727 1415 762 1472 et
777 1427 818 1471 ex
834 1415 929 1493 parte
944 1406 1093 1492 ipsorum
1115 1403 1245 1470 abbatis
1268 1413 1304 1470 et
1325 1413 1512 1471 conventus
1533 1405 1595 1470 fuit
1618 1407 1810 1492 expressius
1832 1413 1858 1470 et

510 1509 668 1576 seriosius
682 1511 874 1596 expositum
890 1529 1003 1576 coram
1025 1509 1134 1589 nobis,
1157 1507 1248 1593 quod
1267 1508 1301 1573 in
1317 1509 1452 1574 statutis
1467 1509 1687 1594 synodalibus
1702 1509 1859 1577 Leodien-

505 1613 594 1678 sibus
609 1622 745 1679 cautum
772 1614 859 1680 inter
874 1621 985 1679 cetera
1000 1613 1163 1700 reperitur
1189 1611 1280 1695 quod
1295 1611 1475 1693 invasores,
1498 1621 1732 1700 occupatores,
1750 1613 1860 1700 spolia·

504 1723 596 1783 tores
611 1725 646 1782 et
661 1717 856 1783 detentores
877 1720 1053 1796 bonorum,
1072 1716 1196 1801 jurium
1218 1723 1254 1781 et
1265 1706 1534 1801 jurisdictionum
1551 1718 1785 1798 ecclesiarum,
1800 1738 1859 1783 mo·

505 1820 728 1887 nasteriorum
753 1842 793 1888 ac
817 1841 1033 1908 personarum
1062 1819 1377 1900 ecclesiasticarum,
1414 1819 1630 1906 ipsorumque
1664 1821 1862 1898 invasorum.

506 1932 756 2010 occupatorum,
766 1925 986 2011 spoliatorum
1001 1933 1036 1990 et
1057 1924 1273 1990 detentorum
1294 1924 1477 2010 complices
1491 1934 1526 1989 et
1539 1924 1687 1991 fautores
1703 1924 1862 1992 Leodien-

506 2027 551 2095 sis
563 2028 709 2095 civitatis
725 2037 760 2094 et
774 2029 927 2110 diocesis,
942 2029 969 2094 si
986 2049 1129 2115 persone
1144 2028 1339 2113 singulares,
1355 2029 1729 2112 excommunicationis,
1746 2031 1776 2096 si
1792 2050 1862 2096 vero

506 2131 703 2198 universitas
729 2132 862 2213 fuerint,
889 2132 1058 2198 interdicti
1086 2132 1254 2199 incurrant
1276 2132 1460 2198 sententias
1487 2131 1561 2219 ipso
1583 2132 1685 2200 facto.
1714 2133 1862 2220 Cumque

507 2244 584 2322 post
599 2235 783 2302 editionem
799 2243 1002 2302 statutorum
1017 2234 1207 2321 hujusmodi
1232 2235 1430 2300 universitas
1453 2244 1489 2300 et
1511 2236 1667 2302 homines
1694 2237 1814 2325 oppidi
1829 2238 1862 2304 de

508 2339 635 2405 Sancto
651 2339 819 2421 Trudone,
834 2338 986 2426 predicte
1001 2339 1155 2420 diocesis,
1167 2340 1335 2421 abbatem,
1351 2347 1558 2405 conventum
1574 2348 1610 2404 et
1623 2343 1863 2408 monasterium

508 2441 647 2529 prefata,
660 2442 891 2528 jurisdictione
906 2442 1094 2529 temporali,
1110 2462 1211 2528 quarn
1227 2442 1421 2508 immediate
1435 2441 1517 2508 dicti
1533 2442 1648 2529 oppidi
1664 2444 1710 2509 ad
1724 2445 1863 2511 eundem

507 2547 676 2627 abbatem,
691 2546 821 2613 ratione
836 2547 918 2613 dieti
934 2546 1130 2613 monasterii
1145 2553 1308 2632 spectare,
1332 2547 1508 2633 ipsumque
1523 2549 1681 2612 abbatem
1698 2569 1741 2614 ac
1755 2549 1865 2635 prede·

507 2671 656 2716 cessores
671 2671 749 2716 suos
765 2651 913 2736 ejusdem
944 2649 1138 2718 monasterii
1162 2652 1302 2716 abbates
1316 2651 1372 2735 qui
1400 2649 1533 2715 fuerunt
1546 2669 1608 2736 pro
1630 2658 1800 2738 tempore,
1814 2672 1865 2739 per

508 2753 669 2820 officiales
684 2755 725 2819 ab
741 2756 863 2820 abbate
879 2763 914 2847 et
936 2753 1226 2840 predecessoribus
1247 2753 1406 2840 predictis
1422 2753 1612 2839 deputatos,
1629 2754 1693 2840 ipsi
1715 2757 1823 2821 abbas
1836 2765 1865 2820 et

509 2864 696 2922 conventus
718 2857 904 2924 exercuisse
926 2858 1074 2945 pacifice,
1097 2878 1118 2923 a
1140 2865 1292 2944 tempore
1315 2859 1409 2944 cujus
1431 2858 1588 2924 contrarii
1610 2858 1779 2924 memoria
1801 2879 1864 2924 non

508 2960 631 3042 existit,
646 2969 806 3042 asserunt,
823 2961 971 3027 indebite
986 2961 1198 3048 spoliassent,
1214 2982 1253 3028 ac
1283 2962 1445 3027 nonnulla
1459 2964 1549 3028 bona
1573 2969 1607 3026 et
1628 2961 1696 3027 alia
1708 2963 1787 3048 jura
1809 2963 1865 3029 eis·
1907 2960 1909 2979 '

507 3063 585 3130 dem
602 3066 715 3131 abbati
730 3073 765 3130 et
781 3065 963 3131 conventui
979 3065 1209 3151 competentia
1220 3066 1254 3131 in
1269 3065 1391 3131 eodem
1406 3065 1533 3152 oppido
1544 3065 1761 3148 invasissent,
1774 3086 1866 3132 occu·

509 3176 646 3255 passent
658 3177 693 3234 et
709 3169 813 3233 etiam
835 3168 1025 3235 detinerent
1046 3178 1175 3234 temere
1190 3178 1367 3255 occupata,
1379 3221 1405 3235 ..
1423 3168 1577 3235 officialis
1601 3168 1815 3250 Leodiensis,
1830 3167 1867 3233 ad

509 3294 609 3357 quem
625 3272 735 3339 dictus
751 3275 854 3338 abbas
876 3294 974 3359 super
996 3273 1061 3338 hiis
1083 3292 1253 3338 recursum
1275 3273 1400 3338 habere
1424 3274 1562 3354 curavit,
1585 3275 1706 3358 cuique
1729 3273 1776 3339 de
1798 3293 1868 3360 spo

509 3376 657 3457 liatione,
673 3376 857 3457 invasione,
881 3377 1105 3462 occupatione
1127 3397 1168 3442 ac
1190 3376 1386 3442 detentione
1402 3377 1590 3463 hujusmodi
1607 3377 1762 3462 legitime
1778 3399 1867 3444 cons·

509 3481 589 3563 titit,
601 3480 847 3546 sententialiter
862 3480 1012 3547 decrevit
1027 3480 1171 3565 majores
1186 3480 1229 3546 de
1240 3481 1457 3546 universitate
1474 3480 1624 3567 predicta
1640 3489 1675 3546 et
1692 3482 1870 3547 nonnullos

510 3585 593 3650 alios
608 3584 697 3650 dicte
714 3584 939 3650 universitatis
955 3605 1070 3650 eorum
1093 3585 1128 3649 in
1151 3586 1215 3650 hac
1230 3593 1326 3670 parte
1349 3585 1532 3671 complices
1553 3593 1589 3650 et
1617 3585 1772 3651 fautores
1794 3593 1869 3650 tunc

511 3690 710 3754 nominatim
734 3709 918 3774 expressos,
949 3710 990 3753 eo
1024 3689 1098 3774 ipso
1130 3688 1255 3754 dictam
1287 3690 1490 3754 sententiam
1521 3688 1707 3767 incurrisse,
1740 3709 1869 3755 necnon

510 3794 765 3858 universitatem
786 3792 928 3858 eandem
952 3814 992 3859 ac
1014 3792 1095 3859 dieti
1119 3793 1315 3859 monasterii
1330 3801 1365 3858 et
1381 3793 1462 3858 alias
1478 3794 1636 3859 ecclesias
1651 3792 1733 3859 dicti
1760 3792 1869 3880 oppidi

512 3897 648 3982 ejusque
672 3896 947 3983 pertinentiarum
972 3896 1043 3962 fore
1065 3896 1237 3983 supposita
1259 3896 1486 3962 ecclesiastico
1514 3895 1706 3977 interdicto,
1738 3916 1869 3962 necnon

511 4000 621 4066 dictos
651 4001 803 4085 majores,
830 4001 1013 4086 complices
1036 4008 1070 4065 et
1097 4000 1244 4066 fautores
1269 4000 1443 4067 mandavit
1469 4008 1504 4065 et
1534 4000 1615 4066 fecit
1642 3999 1870 4067 excommuni-

511 4112 607 4168 catos
635 4103 768 4189 publice
792 4103 954 4183 nunciari,
981 4124 1020 4169 ac
1044 4103 1076 4167 in
1100 4102 1227 4168 eisdem
1255 4103 1404 4168 ecclesiis
1426 4103 1547 4169 cessari
1579 4102 1715 4189 penitus
1745 4124 1766 4168 a
1793 4103 1870 4170 divi·

511 4207 563 4272 nis
580 4209 636 4291 (¹).
652 4206 775 4273 Verum
792 4207 869 4291 quia
885 4206 1074 4292 hujusmodi
1090 4227 1265 4292 processus
1280 4206 1361 4272 dicti
1378 4206 1531 4272 officialis
1546 4207 1750 4272 auctoritate
1776 4227 1870 4271 vene·

511 4311 623 4376 rabilis
647 4309 754 4376 fratris
779 4310 921 4377 nostri..
945 4310 1093 4397 episcopi
1116 4309 1311 4376 Leodiensis
1327 4310 1436 4376 minus
1448 4311 1547 4394 juste,
1569 4319 1604 4374 ut
1620 4309 1739 4375 dicunt
1756 4311 1869 4396 prefati

511 4418 614 4480 abbas
640 4426 676 4480 et
702 4423 899 4496 conventus,
927 4414 1077 4481 revocati
1104 4412 1204 4493 fuere,
1231 4435 1292 4500 pro
1319 4425 1413 4501 parte
1438 4415 1585 4499 ipsorum
1611 4423 1794 4500 propterea
1816 4414 1871 4479 fuit

513 4518 556 4583 ad
572 4519 692 4583 Sedem
717 4519 937 4604 apostolicam
959 4520 1166 4605 appellatum
1194 4538 1322 4603 nosque
1350 4538 1484 4583 causam
1508 4517 1749 4603 appellationis
1765 4519 1871 4605 hujus

512 4621 603 4689 modi
628 4631 663 4688 et
687 4623 816 4708 negocii
841 4622 1043 4709 principalis,
1067 4642 1136 4687 non
1162 4624 1318 4688 obstante
1342 4620 1432 4705 quod
1456 4642 1556 4687 causa
1580 4621 1771 4706 hujusmodi
1789 4620 1872 4707 apud

512 4725 638 4791 dictam
655 4725 775 4790 Sedem
793 4747 861 4791 non
877 4735 966 4792 esset
989 4725 1031 4791 de
1054 4726 1102 4790 sui
1126 4733 1246 4790 natura
1268 4725 1455 4803 tractanda,
1479 4724 1604 4789 dilecto
1628 4724 1699 4789 filio
1714 4726 1873 4811 magistro

544 4913 570 4944 a.
582 4897 644 4944 licet
657 4912 705 4957 rurs.

548 5169 567 5213 l.
584 5166 648 5227 l'oy.
662 5168 728 5225 Pion
745 5166 892 5215 Cartuiaire
903 5166 934 5213 de
946 5166 1061 5231 i'ablaye
1072 5167 1103 5213 da
1113 5166 1293 5219 saint-Transi.
1306 5172 1325 5215 t.
1339 5166 1359 5225 l,
1372 5181 1395 5229 p.
1407 5167 1462 5213 ild.
1473 5176 1530 5212 acte
1541 5164 1576 5210 du
1591 5166 1619 5210 ll
1632 5178 1703 5213 mars
1717 5167 1792 5216 1317.
