4409 6017
913 727 1057 809 Septilrme
1077 729 1180 794 annio.

416 872 510 939 Sedis
524 875 751 960 apostolice...

416 979 495 1043 Dat.
510 977 610 1044 Avin.
631 1000 643 1043 r
650 999 667 1063 3
685 979 751 1046 kal.
764 978 836 1064 Julii
852 1000 942 1046 anno
959 999 988 1065 7.

415 1082 453 1146 ln
471 1103 499 1147 e.
516 1103 560 1147 m.
577 1082 750 1168 preposito
767 1083 798 1149 S.
818 1081 926 1149 Marie
943 1083 1130 1170 Brugensis,
1146 1084 1369 1151 Tornacensis
1383 1083 1536 1167 diocesis,
1553 1094 1588 1151 et
1603 1088 1730 1153 cantori

366 1184 577 1250 Turonensis
593 1205 633 1251 ac
645 1186 824 1252 scolastico
840 1186 1090 1254 Cameracensis
1105 1188 1332 1255 ecclesiarum.

400 1339 462 1400 Reg.
473 1340 521 1387 Av.
537 1341 573 1398 19,
587 1341 605 1389 f.
627 1342 682 1398 462,
694 1356 719 1390 n.
739 1342 800 1389 1682
812 1357 817 1398 ;
830 1341 890 1390 Vot.
904 1346 944 1401 75,
958 1343 976 1392 1.
991 1346 1060 1403 257',
1074 1358 1100 1391 n.
1113 1344 1184 1393 1685.

415 1543 547 1626 1215.
1418 1583 1513 1647 1323,
1537 1585 1579 1629 20
1599 1563 1687 1645 juin.

411 1660 543 1727 Thome
573 1662 615 1726 de
659 1657 874 1724 Archioninis
910 1660 953 1725 de
992 1659 1085 1726 Urbe
1123 1662 1293 1730 confertur
1330 1668 1550 1733 canonicatus
1588 1668 1731 1733 ecclesie

363 1763 405 1828 B.
423 1763 531 1829 Marie
555 1761 770 1847 Tungrensis,
795 1761 993 1828 Leodiensis
1020 1764 1174 1847 diocesis,
1202 1770 1262 1833 sub
1288 1771 1525 1856 expectatione
1550 1771 1730 1857 prebende,

363 1888 435 1933 non
451 1872 608 1934 obstante
624 1866 715 1952 quod
731 1866 764 1930 in
781 1866 812 1930 S.
831 1864 982 1933 Marcelli
998 1876 1033 1932 et
1049 1868 1104 1935 SS.
1121 1868 1225 1937 Nerei
1242 1880 1277 1937 et
1291 1873 1438 1940 Achillei
1454 1875 1496 1940 de
1521 1875 1614 1942 Urbe
1630 1895 1731 1941 cano·

362 1972 506 2054 nicatus,
533 1980 567 2037 et
592 1972 625 2036 in
649 1970 769 2035 eadem
796 1970 828 2034 S.
846 1969 1000 2037 Marcelli
1025 1974 1177 2041 ecclesiis
1191 1976 1422 2045 canonicalem
1437 1980 1628 2065 portionem
1645 1980 1730 2044 obti-

362 2085 436 2155 net,
459 2075 552 2160 cujus
575 2073 710 2160 quidem
738 2074 958 2140 canonicatus
982 2077 1125 2142 ecclesie
1145 2077 1199 2143 SS.
1223 2078 1327 2147 Nerei
1353 2091 1388 2148 et
1413 2083 1557 2150 Achillei
1581 2082 1731 2148 redditus

363 2185 445 2245 octo
460 2177 532 2244 flor.
548 2178 616 2243 auri
635 2177 783 2243 valorem
800 2198 949 2243 annuum
964 2200 1034 2245 non
1050 2180 1228 2248 excedunt.

411 2282 594 2348 Personam
609 2290 714 2346 tuam.
724 2331 748 2346 ..

409 2387 488 2452 Dat.
504 2386 603 2450 Avin.
626 2405 662 2450 12
680 2383 746 2449 kal.
760 2384 832 2469 julii
848 2405 939 2451 anno
955 2406 984 2472 7.

409 2491 448 2556 In
476 2512 506 2556 e.
529 2511 573 2556 m.
600 2488 760 2574 magistro
787 2487 934 2566 Johanni
966 2491 1009 2556 de
1037 2489 1237 2578 Columpna‚
1264 2493 1502 2561 archidiacono
1533 2495 1728 2578 Vivariensi,

363 2595 499 2662 notario
523 2615 619 2680 pape,
645 2601 680 2659 et
705 2593 819 2658 abbati
846 2594 1043 2660 monasterii
1067 2596 1098 2661 S.
1122 2596 1296 2664 Laurentii
1323 2598 1402 2666 ioris
1428 2620 1541 2666 muros
1565 2600 1667 2667 Urbis
1689 2622 1728 2667 ac

367 2701 500 2767 decano
516 2698 656 2765 ecclesie
672 2697 702 2762 S.
720 2696 812 2762 Pauli
830 2696 1037 2765 Leodiensis.

401 2856 462 2915 ch.
478 2857 525 2904 Ar.
541 2855 579 2912 19,
593 2854 611 2902 f.
627 2854 676 2910 78V,
690 2868 714 2901 n.
729 2854 790 2901 1085
802 2869 807 2911 ;
821 2852 881 2903 Vat.
896 2856 935 2913 25,
950 2855 968 2903 f.
980 2856 1032 2915 38¹,
1051 2869 1077 2905 n.
1097 2857 1168 2907 1084.

411 3079 697 3162 1216-1217.
1408 3111 1500 3174 1323.
1525 3112 1543 3155 1
1561 3091 1683 3174 juillet.

410 3198 605 3265 Hominidei
636 3198 678 3263 de
711 3197 912 3284 Pappazuris
944 3198 987 3265 de
1015 3198 1109 3265 Urbe
1141 3198 1310 3266 confertur
1341 3196 1558 3264 canonicatus
1587 3196 1727 3261 ecclesie

360 3305 502 3370 Aretine
518 3305 578 3368 sub
595 3302 834 3387 expectatione
850 3304 1031 3388 prebende,
1048 3324 1116 3368 non
1146 3305 1302 3370 obstante
1327 3301 1418 3389 quod
1442 3301 1475 3366 in
1498 3300 1726 3384 Agrigentino,

359 3407 391 3472 S.
411 3405 519 3471 Marie
535 3404 568 3468 in
585 3403 647 3469 Via
656 3406 726 3469 lata
741 3404 783 3469 de
800 3404 895 3471 Urbe
912 3413 947 3471 et
959 3406 990 3471 S.
1003 3404 1112 3471 Marie
1127 3407 1170 3472 de
1185 3406 1299 3471 Aricia
1314 3414 1348 3472 et
1363 3405 1396 3470 in
1414 3402 1601 3482 Siclinensi,
1624 3404 1725 3469 Alba·

357 3512 474 3578 nensis
489 3518 524 3575 et
540 3508 763 3575 Tornacensis
778 3508 962 3591 diocesum,
979 3511 1197 3576 canonicatus
1212 3519 1247 3576 et
1262 3510 1459 3597 prebendae,
1475 3516 1510 3573 et
1525 3507 1558 3572 in
1583 3508 1614 3574 S.
1636 3507 1726 3574 Mar-

357 3618 421 3684 tini
438 3617 480 3683 de
497 3615 714 3701 Guazalungo
731 3616 841 3681 Pisani
865 3616 1035 3701 quoddam
1051 3624 1252 3702 perpetuum
1267 3616 1470 3682 beneficium
1485 3612 1616 3680 obtinet
1636 3622 1671 3679 et
1693 3614 1726 3678 in

358 3718 551 3787 Nicosiensi
568 3720 718 3785 ecclesiis
734 3722 794 3785 sub
812 3720 1050 3806 expectatione
1076 3718 1247 3805 prebende
1262 3719 1296 3783 in
1312 3717 1513 3785 canonicum
1536 3724 1588 3782 est
1611 3735 1727 3800 recep-

358 3836 424 3906 tus,
440 3844 499 3889 seu
516 3823 608 3908 quod
623 3822 742 3889 eadem
757 3823 812 3890 die
828 3826 859 3889 ei
876 3824 1020 3910 dignitas
1048 3843 1173 3890 vacans
1193 3844 1252 3889 seu
1266 3832 1424 3890 vacatura
1446 3823 1479 3887 in
1503 3822 1621 3887 eadem
1644 3822 1726 3885 Are-

357 3930 432 3994 tina
448 3927 592 3993 ecclesia
606 3935 776 3993 reservata
793 3935 854 3994 est.

404 4031 625 4115 suffragantia
640 4031 711 4095 tibi.
721 4082 741 4093 ..

406 4136 483 4201 Dat.
500 4136 598 4199 Avin.
616 4135 768 4201 kalendis
780 4136 851 4220 julii
868 4156 959 4201 anno
977 4153 1005 4218 7.

405 4235 445 4299 In
473 4257 501 4298 e.
530 4256 575 4299 m.
604 4235 763 4319 magistro
791 4234 937 4313 Johanni
966 4234 1008 4299 de
1036 4233 1236 4320 Columpna‚
1261 4235 1497 4301 archidiacono
1531 4235 1724 4320 Vivariensi,

357 4338 492 4404 notario
508 4358 605 4424 pape,
621 4347 655 4403 et
672 4340 703 4404 S.
718 4339 890 4404 Laurentii
902 4339 981 4403 ioris
991 4358 1104 4403 muros
1115 4337 1216 4404 Urbis
1228 4337 1315 4404 etde
1328 4337 1575 4424 Campoleonis,
1585 4341 1724 4406 Aretine

357 4443 513 4522 diocesis,
529 4442 810 4508 monasteriorum
834 4442 1019 4507 abbatibus

392 4598 454 4657 Reg.
470 4601 517 4645 Ax.
534 4600 572 4655 18,
586 4598 603 4645 1.
619 4599 667 4644 322
679 4613 684 4654 ;
698 4598 757 4645 Vat.
773 4601 810 4656 75,
823 4598 841 4645 i.
859 4600 913 4656 133,
928 4611 953 4645 n.
969 4598 1038 4645 1357.

408 4818 505 4876 1217.
523 4806 700 4873 -Eidem
714 4807 908 4872 Hominidei
933 4815 1118 4872 reservatur
1139 4806 1282 4891 dignitas
1293 4806 1335 4871 ad
1346 4806 1561 4871 collationem
1575 4806 1722 4891 episcopi

356 4914 491 4980 Aretini
509 4914 541 4976 in
559 4912 700 4977 ecclesia
723 4912 873 4992 Aretina,
890 4932 956 4975 non
974 4913 1130 4977 obstante
1146 4911 1276 4995 quod...
1302 4910 1421 4975 eadem
1443 4910 1498 4975 die
1522 4911 1563 4976 de
1587 4911 1722 4976 canoni-

357 5030 440 5086 catu
456 5021 517 5083 sub
534 5018 770 5101 expectatione
786 5018 954 5104 prebende
971 5014 1112 5083 ecclesie
1135 5015 1273 5079 Aretine
1289 5014 1318 5078 ei
1334 5014 1502 5099 provisum
1520 5022 1580 5078 est.

407 5121 603 5207 Apostolice
619 5121 752 5186 Sedis...
