4409 6017
513 713 575 779 388
1064 713 1191 781 Sirilne
1211 715 1314 782 annes.

515 862 705 947 Fumensis,
722 864 926 932 Morinensis
940 864 1092 946 diocesis,
1108 874 1269 932 vacantes
1282 886 1344 952 per
1358 865 1620 953 resignationem
1637 865 1809 953 Aymerici
1826 865 1856 934 de

515 964 821 1055 Rechignevoysin.

557 1071 611 1137 Ad
627 1072 757 1139 illorum
773 1074 1044 1160 provisionem...

558 1175 637 1242 Dat.
652 1177 752 1244 Avin.
771 1198 788 1263 5
804 1200 885 1245 non.
901 1180 1049 1245 octobris
1063 1199 1153 1245 anno
1171 1184 1200 1246 6.

558 1274 608 1345 In‘
625 1301 655 1347 e.
681 1302 726 1348 m.
756 1282 916 1369 episcopo
948 1281 1170 1368 Foroiuliensi
1202 1291 1238 1348 et
1267 1284 1401 1350 decano
1432 1282 1642 1352 Pictavensis
1672 1307 1716 1353 ac
1746 1286 1859 1353 Andre

514 1382 695 1467 Porcherii,
711 1385 875 1452 canonico
890 1386 1146 1471 Andegavensis
1161 1387 1391 1454 ecclesiarum.

547 1522 607 1584 Reg.
622 1525 670 1572 Av.
684 1525 721 1583 16,
733 1524 752 1572 f.
765 1525 795 1571 89
813 1541 819 1581 ;
832 1524 891 1572 Vat.
904 1526 943 1584 73,
955 1525 973 1573 f.
986 1526 1037 1584 391,
1049 1539 1075 1572 n.
1087 1526 1127 1573 11.

559 1711 707 1795 1008.
1527 1754 1623 1816 1321,
1642 1754 1684 1818 15
1699 1738 1830 1802 octobre.

556 1827 725 1913 Mathildi,
742 1832 913 1899 comitisse
928 1833 1144 1899 Atrebatensi
1169 1842 1204 1899 et
1227 1834 1419 1921 Burgrmdie
1436 1837 1588 1904 Palatine
1615 1847 1651 1905 et
1675 1840 1812 1907 domine
1830 1839 1861 1905 de

512 1932 642 2017 Salinis,
659 1935 848 2021 indulgetur
862 1945 901 2002 ut
915 1937 1158 2003 monasterium
1184 1959 1335 2005 sororum
1363 1939 1564 2008 inclusamm
1589 1942 1720 2009 ordinis
1735 1944 1767 2011 S.
1783 1943 1861 2010 Clare

511 2037 546 2102 in
561 2038 642 2105 villa
657 2039 700 2105 de
716 2040 748 2106 S.
769 2041 975 2124 Andomaro,
994 2040 1198 2109 Morinensis
1225 2044 1379 2126 diocesis,
1395 2065 1415 2111 a
1440 2047 1655 2133 progenitore
1679 2068 1743 2115 suo
1765 2049 1861 2115 funda-

513 2150 597 2224 tum,
614 2143 740 2229 ingredi
757 2147 879 2212 valeat.

559 2247 759 2315 Devotionis
774 2256 865 2316 tue...

557 2354 637 2419 Dat.
652 2353 753 2421 Avin.
769 2353 813 2420 id.
830 2356 977 2423 octobris
992 2378 1083 2424 anno
1101 2362 1130 2423 6.

545 2490 606 2551 Reg.
618 2492 666 2540 Ar.
679 2492 716 2550 16,
729 2491 808 2549 1.·19;
821 2491 880 2541 vat.
893 2495 932 2554 73,
945 2494 962 2543 f.
976 2495 1016 2556 48,
1028 2509 1054 2545 n.
1068 2497 1107 2545 72.

558 2682 707 2770 1009.
1523 2723 1619 2784 1321,
1636 2723 1680 2786 25
1696 2706 1830 2770 octobre.

555 2805 735 2889 Bernard0,
772 2813 854 2872 nato
886 2804 1025 2870 Amoldi
1057 2802 1238 2887 Mulhardi,
1269 2806 1439 2872 confertur
1476 2806 1696 2872 canonicatus
1735 2806 1864 2874 ecclesie

511 2912 543 2976 S.
561 2909 669 2976 Marie
692 2912 734 2977 de
749 2909 957 2995 Aquisgrani,
974 2907 1170 2975 Leodiensis
1189 2909 1340 2991 diocesis,
1356 2911 1417 2975 sub
1442 2910 1678 2994 expectatione
1694 2910 1863 2996 prebende,

511 3035 580 3080 non
596 3017 753 3081 obstante
769 3012 861 3099 quod
876 3013 909 3077 in
926 3013 1067 3078 ecclesia
1091 3012 1378 3100 Heynspergensi,
1403 3013 1493 3080 dicte
1517 3012 1670 3095 diocesis,
1698 3015 1863 3080 canonica·

512 3126 587 3184 tum
602 3128 637 3184 et
652 3119 859 3206 prebendam
876 3118 1018 3183 obtinet.

556 3222 739 3289 Laudabile
754 3221 1031 3287 testimonium...

555 3326 635 3393 Dat.
651 3327 752 3392 Avin.
770 3328 788 3391 8
805 3324 871 3390 kal.
887 3325 1080 3389 novembris
1097 3344 1188 3390 anno
1207 3329 1235 3390 ό.

556 3429 596 3495 In
612 3452 641 3497 e.
657 3452 702 3495 m.
719 3430 880 3517 episcopo
896 3427 1081 3493 Brixinensi
1106 3436 1140 3493 et
1156 3427 1194 3494 B.
1212 3426 1321 3494 Marie
1337 3436 1371 3492 et
1388 3428 1418 3492 S.
1436 3427 1576 3493 Servatii
1593 3427 1864 3513 Trajectensium,

513 3532 708 3600 Leodiensis
723 3533 875 3613 diocesiS,
892 3531 1108 3597 ecclesiarum
1124 3530 1269 3598 decanis.

544 3672 605 3732 Reg.
617 3673 665 3721 Ar,
681 3673 718 3730 15,
730 3673 748 3720 f.
761 3671 823 3726 4233
837 3670 895 3719 Vat.
910 3671 948 3729 73,
961 3670 979 3718 f.
992 3672 1043 3729 57¹,
1056 3684 1081 3718 n.
1095 3670 1150 3717 104.

557 3856 700 3937 1010.
1477 3885 1571 3947 1321,
1591 3884 1628 3928 11
1647 3866 1828 3929 novembre.

555 3972 688 4053 Bentio,
703 3978 785 4036 nato
801 3970 970 4056 quondam
995 3970 1120 4053 Pagani
1144 3968 1297 4048 Thealdi,
1314 3967 1483 4034 confertur
1497 3968 1717 4034 canonicatus
1732 3965 1862 4033 ecclesie

512 4076 733 4160 Senogiensis,
750 4072 1002 4140 Cameracensis
1017 4073 1171 4155 diocesis,
1188 4073 1249 4138 sub
1266 4072 1503 4159 expectatione
1519 4070 1702 4158 prebende.

556 4180 757 4244 Litterarum
774 4178 991 4243 scientiam...

558 4284 636 4348 Dat,
652 4282 751 4347 Avin.
770 4303 787 4366 3
805 4281 849 4348 id.
865 4281 1057 4348 novembris
1074 4301 1165 4346 anno
1184 4285 1212 4347 6.

557 4385 596 4450 In
618 4408 647 4451 e.
672 4407 717 4451 m.
733 4385 846 4451 abbati
862 4384 1056 4451 monasterii
1074 4384 1104 4450 S.
1128 4383 1251 4449 Gilleni
1268 4384 1301 4448 in
1318 4382 1422 4464 Cella,
1445 4382 1698 4447 Cameracensis
1724 4379 1863 4457 diocesis

422 4511 428 4525 ·
511 4499 545 4555 et
570 4489 769 4555 cancellario
797 4488 1019 4574 Lingonensis
1046 4509 1086 4554 ac
1104 4486 1235 4554 Buxolo
1255 4488 1298 4554 de
1316 4486 1448 4568 Parma,
1465 4485 1629 4552 canonico
1653 4482 1863 4552 Tomacensis

512 4593 738 4673 ecclesiarum,
754 4593 931 4677 capellano
947 4614 1044 4680 pape.

545 4731 605 4792 Beg.
617 4732 665 4779 Av.
685 4732 721 4789 16,
736 4730 753 4779 1.
766 4733 813 4779 217
826 4747 832 4789 ;
854 4731 911 4779 liat.
924 4733 961 4790 73,
975 4732 993 4779 f.
1010 4733 1063 4790 1011,
1077 4744 1101 4778 n.
1121 4732 1176 4778 266.

559 4922 691 5005 1011.
1478 4955 1574 5017 1321,
1590 4936 1635 4999 18
1649 4935 1824 5000 novembre.

557 5041 800 5108 Executoribus
816 5040 993 5105 mandatur
1008 5047 1173 5125 quatenus
1188 5037 1357 5123 inquirant
1384 5038 1425 5103 de
1448 5038 1604 5124 dampnis
1619 5058 1640 5103 a
1655 5036 1675 5115 J
1678 5038 1806 5103 ohanne
1823 5029 1855 5094 de

514 5145 598 5209 Pinu
615 5146 647 5210 in
663 5145 789 5212 diocesi
806 5142 1038 5210 Cameracensi
1055 5143 1166 5209 illatis.
