4409 6017
900 753 1057 819 Deuxibme
1077 753 1180 818 annea.
1672 757 1722 822 181

386 910 516 994 pensatio
544 918 583 975 ut
611 930 688 976 cum
715 925 927 992 quacumque
956 904 1105 985 muliere,
1136 903 1216 969 dum
1246 912 1360 969 tamen
1388 903 1527 970 oriunda
1552 904 1596 970 de
1623 926 1726 990 regno

309 1030 318 1101 j·
387 1011 504 1079 Francie
529 1034 599 1079 non
611 1013 733 1079 existat
749 1031 813 1076 nec
828 1018 951 1075 terram
967 1009 1091 1075 habeat
1107 1009 1140 1073 in
1156 1007 1287 1089 eodem,
1299 1028 1369 1073 non
1385 1010 1541 1074 obstante
1556 1010 1656 1074 tertio
1668 1017 1725 1075 aut

309 1129 319 1136 '
384 1126 481 1201 quarto
496 1116 599 1202 gradu
615 1114 922 1201 consanguinitatis,
938 1112 1189 1179 matrimonium
1202 1114 1400 1180 contrahere
1417 1114 1537 1179 valeat.

309 1201 311 1307 ἶ
411 1219 490 1285 Cum
506 1241 699 1286 summus...

409 1324 481 1389 Dat.
497 1324 598 1390 Avin.
616 1326 634 1389 8
652 1322 695 1389 id.
710 1323 821 1388 martii
838 1342 929 1388 anno
945 1343 974 1387 2.

309 1435 316 1524 ¹,
401 1459 451 1522 lep.
462 1462 512 1509 nv.
525 1463 578 1521 irs,
591 1462 610 1509 r.
627 1462 683 1516 raa:
698 1460 756 1510 vat.
770 1462 811 1518 aa,
823 1459 841 1509 r.
856 1462 912 1517 rra,
925 1476 949 1508 n.
960 1462 1015 1508 sur.

404 1646 521 1729 488.
1388 1659 1500 1745 [1318,
1517 1662 1539 1723 8
1554 1658 1677 1744 altars}

405 1764 570 1851 Philippo,
586 1764 655 1849 regi
683 1763 834 1846 Francie,
850 1765 1002 1853 scribitur
1027 1764 1134 1830 forma
1158 1764 1289 1850 papalis·
1312 1762 1439 1829 consilii
1464 1761 1533 1827 dati
1558 1763 1726 1827 Avinione

372 1868 627 1950 procuratoribus
643 1869 709 1934 suis
724 1877 759 1934 et
776 1867 1033 1933 Flandrensibus
1048 1887 1148 1953 super
1162 1867 1393 1933 securitatibus
1408 1865 1500 1952 pacis
1516 1864 1681 1931 Flandrie.

404 2081 420 2119 a
437 2057 620 2122 Carissimo
635 2057 668 2121 in
686 2056 820 2122 Christo
837 2058 906 2122 filio
922 2058 1088 2143 Philipp0,
1105 2058 1173 2142 regi
1192 2058 1330 2124 Francie
1356 2066 1390 2123 et
1418 2056 1569 2123 Navarre
1597 2058 1725 2122 illustri.

366 2163 441 2226 Orta
456 2161 500 2226 de
515 2169 604 2226 terra
619 2160 752 2243 veritas,
769 2161 921 2227 falsitatis
936 2163 1056 2242 emula,
1067 2161 1290 2247 simplicitatis
1306 2162 1413 2227 amica
1424 2181 1493 2226 non
1506 2162 1608 2226 habet
1624 2182 1725 2246 angn-

365 2265 410 2329 los
426 2285 490 2329 nec
506 2265 591 2329 latet
607 2265 667 2329 sub
684 2264 809 2344 modi0,
826 2263 884 2329 sed
901 2265 932 2328 in
956 2266 1046 2329 omni
1064 2266 1113 2330 sui
1130 2274 1227 2351 parte
1252 2266 1439 2330 consistens
1463 2264 1593 2344 eadem,
1610 2265 1726 2330 variari

362 2368 489 2455 refugit,
502 2368 635 2433 alterari
650 2368 783 2448 refellit,
793 2367 998 2453 duplicitatis
1015 2370 1105 2451 lugat
1123 2370 1302 2449 involucra,
1315 2369 1402 2434 fictis
1417 2390 1452 2433 se
1465 2368 1568 2434 obicit
1584 2376 1618 2433 et
1628 2369 1727 2433 simu-

361 2473 435 2537 latis
449 2479 608 2557 patenter
623 2472 764 2537 obsistit.
782 2471 859 2555 Quo
876 2472 913 2536 lit
930 2481 966 2536 ut
982 2493 1055 2552 nos,
1073 2473 1128 2557 qui
1146 2474 1225 2557 ejus,
1243 2473 1297 2556 qui
1314 2472 1378 2553 via,
1394 2472 1515 2537 veritas
1531 2479 1582 2537 est
1598 2481 1632 2537 et
1648 2471 1727 2553 vita,

358 2596 483 2656 sumus,
499 2576 581 2641 licet
596 2576 763 2656 immeriti,
779 2576 850 2640 sola
866 2595 925 2641 sua
939 2574 1135 2660 dignatione
1151 2576 1275 2656 vicarii,
1286 2576 1320 2641 in
1335 2577 1464 2641 actibus
1479 2576 1602 2641 nostris
1617 2577 1728 2641 lucem

358 2687 394 2744 et
409 2679 589 2744 veritatem
606 2687 767 2759 amantes,
780 2699 838 2744 eos
850 2679 1017 2744 interdurn
1030 2701 1070 2744 ex
1083 2700 1182 2746 causa
1191 2680 1332 2744 velimus
1341 2664 1533 2760 multorum,
1545 2700 1726 2764 eorumque

360 2781 539 2868 presertim
552 2783 608 2867 qui
624 2781 744 2847 exinde
759 2790 951 2868 tanguntur,
967 2784 1170 2849 comunicari
1188 2784 1325 2865 noticie,
1337 2804 1380 2848 ne
1390 2783 1500 2866 lingue
1512 2783 1727 2867 malignitatis

360 2887 491 2951 astucia
516 2886 564 2951 eis
590 2886 765 2951 detrahere
780 2888 892 2952 valeat
908 2894 965 2952 aut
980 2907 1095 2952 eorum
1112 2887 1336 2953 substanciam
1352 2906 1411 2972 per
1426 2895 1618 2952 commenta
1633 2908 1726 2951 men-

357 2990 446 3055 dacii
464 2991 672 3055 obumbrare.
691 2989 877 3076 Eapropter
893 2991 1070 3055 veritatem
1086 2990 1261 3077 subscripti
1278 2990 1419 3076 negocii,
1436 2990 1526 3074 quod
1550 2991 1664 3074 utique
1691 3000 1726 3056 te

358 3093 539 3177 contingit,
556 3092 590 3157 in
614 3101 672 3158 tue
697 3093 901 3159 celsitudinis
928 3094 1080 3180 cupimus
1104 3094 1311 3160 noticionem
1327 3093 1457 3160 adduci.
1474 3092 1575 3159 Nosti
1592 3094 1726 3177 quidem

356 3196 450 3280 quod
462 3195 589 3261 dudum
603 3196 690 3262 inter
701 3205 746 3277 te,
758 3217 848 3262 nunc
859 3218 972 3280 regem
985 3197 1125 3263 Francie
1136 3205 1170 3262 et
1183 3197 1345 3277 Navarre,
1359 3206 1439 3262 tunc
1451 3218 1531 3262 vero
1543 3218 1644 3281 regna
1658 3199 1727 3283 ipsa

358 3300 503 3364 Francie
519 3308 554 3364 et
571 3298 721 3365 Navarre
737 3310 919 3386 regentem,
937 3323 977 3365 ex
993 3310 1088 3387 parte
1115 3322 1190 3381 una,
1207 3309 1241 3365 et
1265 3301 1424 3366 dilectum
1449 3301 1553 3366 filium
1578 3302 1725 3365 nobilem

358 3406 468 3467 virum
488 3403 684 3485 Robertnm,
700 3406 860 3469 comitem
886 3425 927 3470 ac
950 3406 1211 3470 communitates
1228 3404 1392 3485 Flandrie,
1408 3425 1506 3490 super
1530 3404 1724 3487 quibusdam

354 3507 505 3573 articulis
521 3508 613 3592 pacis
630 3508 711 3573 olim
727 3509 815 3573 inter
831 3509 919 3573 clare
936 3509 1097 3574 memorie
1115 3508 1317 3595 Philippum,
1332 3529 1445 3592 regem
1470 3507 1619 3587 Francie,
1632 3509 1726 3593 geni-

355 3621 466 3675 torem
485 3622 591 3689 tuum,
607 3611 687 3677 dum
706 3612 815 3677 adhuc
840 3612 979 3692 viveret,
996 3632 1036 3677 ac
1062 3614 1222 3678 comitem
1247 3621 1281 3677 et
1308 3612 1531 3677 comunitates
1557 3612 1727 3697 predictos

355 3715 449 3792 inite,
466 3736 508 3778 ex
534 3716 648 3790 altera,
665 3716 763 3781 certis
788 3716 1068 3781 conventionibus
1095 3716 1228 3795 habitis,
1254 3724 1365 3802 partes
1391 3715 1462 3801 ipse
1488 3735 1550 3801 pro
1579 3736 1726 3781 conven-

356 3820 507 3885 tionibus
524 3819 732 3904 complendis
747 3819 873 3884 eisdem
889 3831 923 3883 et
940 3820 1175 3884 inviolabiliter
1191 3818 1417 3899 observandis,
1429 3818 1507 3884 dare
1523 3826 1557 3884 et
1580 3826 1726 3905 prestare

356 3924 443 3987 tales
469 3921 613 3986 invicem
644 3922 830 3986 securitatis
864 3924 990 3986 litteras
1021 3943 1085 4005 que
1116 3923 1277 3988 deberent
1309 3922 1461 3988 sufficere
1491 3923 1726 4007 promiserunt.

359 4025 514 4109 Cumque
530 4025 746 4109 postmodum
763 4026 853 4090 dicte
869 4035 980 4111 partes
996 4046 1093 4110 snper
1108 4026 1294 4111 prestandis
1311 4035 1345 4089 et
1361 4026 1558 4111 recipiendis
1570 4026 1726 4091 securita-

360 4131 448 4194 tibus
467 4129 546 4213 ipsis
563 4128 765 4193 concordare
775 4150 842 4192 non
853 4138 1001 4214 possent,
1018 4130 1153 4193 tandem
1171 4138 1283 4194 actum
1294 4129 1406 4193 extitit
1417 4130 1626 4195 concorditer
1642 4131 1728 4195 inter

359 4233 429 4297 illas
454 4232 547 4315 qnod
570 4230 652 4294 infra
668 4232 748 4295 certi
766 4232 926 4316 temporis
942 4233 1084 4317 spatium
1102 4253 1218 4296 earum
1234 4233 1382 4315 quelibet
1406 4243 1634 4317 procuratores
1650 4253 1727 4298 suos

361 4349 391 4400 ct
410 4334 601 4400 nuntiusad
615 4344 762 4399 nostram
779 4336 980 4420 presentiam
997 4336 1179 4416 mitterent,
1193 4344 1354 4415 nostrum,
1366 4357 1430 4420 que
1442 4357 1540 4421 super
1551 4337 1616 4402 hoc
1628 4337 1727 4401 debe·
1816 4322 1818 4325 ⁵

309 4472 310 4517 p
360 4454 432 4504 rent
459 4438 657 4504 securitates
682 4440 1034 4517 sufficere,c01rsiliurrr
1059 4440 1239 4504 audituros.
1260 4440 1404 4505 Demum
1433 4463 1513 4506 vero
1536 4462 1594 4527 per
1617 4451 1728 4527 partes

362 4545 493 4608 easdem
520 4544 788 4627 procuratoribus
804 4544 870 4607 suis
886 4554 919 4607 et
937 4544 1060 4608 nuntiis
1076 4544 1118 4608 ad
1134 4553 1282 4608 nostram
1299 4554 1436 4629 propter
1449 4547 1512 4610 hoc
1525 4546 1726 4631 presentiam

362 4647 547 4724 destinatis,
564 4656 794 4730 procuratores
817 4648 949 4710 comitis
966 4658 1000 4712 et
1024 4649 1304 4713 communitatum
1329 4649 1550 4734 predictarum
1574 4649 1642 4713 dari
1667 4649 1727 4713 sibi

365 4771 418 4833 per
441 4761 575 4835 partem
591 4758 684 4814 tuam
701 4751 840 4814 alteram
857 4772 898 4814 ex
915 4751 1107 4836 subscriptis
1124 4752 1353 4817 securitatibus
1377 4753 1554 4837 petierunt,
1571 4752 1727 4816 videlicet

312 4881 318 4916 r
368 4855 451 4936 quod
464 4862 504 4918 tu
524 4874 622 4939 super
639 4854 782 4939 ipsarum
800 4856 1061 4919 conventionum
1079 4856 1312 4922 observatione
1327 4865 1362 4922 te
1372 4857 1555 4943 apostolice
1567 4856 1641 4921 Sedi
1655 4859 1728 4921 sub-

369 4959 516 5023 mitteres
544 4965 579 5021 et
604 4958 645 5023 ad
677 4959 919 5024 observandum
949 4959 1020 5023 illas
1047 4968 1170 5024 extunc
1197 4981 1257 5045 per
1282 4962 1404 5027 Sedem
1438 4961 1729 5045 condempnareris

372 5061 508 5127 eandem
524 5069 559 5125 et
576 5061 609 5126 in
626 5071 670 5141 te,
687 5063 711 5127 si
737 5064 978 5127 conventiones
995 5084 1060 5127 non
1089 5065 1283 5129 observares
1299 5065 1435 5130 forsitan
1459 5065 1654 5142 antedictas
1671 5085 1730 5149 per

377 5163 489 5229 Sedern
510 5165 615 5259 ipsam
637 5166 994 5232 excommunicationis
1018 5167 1219 5231 sententiam
1235 5169 1445 5261 proferretur.
1463 5170 1526 5247 vel,
1543 5169 1568 5232 si
1584 5168 1644 5232 tibi
1661 5189 1728 5239 norr

318 5249 329 5434 l

309 5519 324 5591 l
