4409 6017
516 696 556 762 32
1059 697 1207 764 Premiere
1228 696 1330 762 anna

560 845 671 928 106.
1539 863 1633 945 1316,
1654 881 1675 944 5
1696 862 1833 928 octobre.

557 966 576 1043 J
580 965 704 1032 ohanni
720 965 763 1030 de
779 965 973 1044 Saubaudia,
985 966 1106 1031 clerico
1121 964 1285 1032 Guidonis
1297 964 1340 1031 de
1352 964 1566 1047 castellione,
1581 965 1715 1032 comitis
1727 966 1759 1029 S.
1771 963 1874 1040 Pauli,

515 1069 700 1135 buticularii
726 1068 875 1150 Francie,
891 1069 1059 1134 confertur
1082 1069 1301 1135 canonicatus
1325 1070 1466 1135 ecclesie
1490 1069 1522 1136 S.
1539 1069 1714 1136 Benedicti
1738 1071 1771 1133 le
1796 1066 1875 1132 Bes-

514 1183 611 1240 torne
628 1173 827 1253 Parisiensis,
843 1176 1081 1239 nonobstante
1096 1173 1187 1257 quod
1204 1174 1237 1238 in
1254 1174 1394 1240 ecclesia
1410 1174 1442 1239 S.
1460 1172 1607 1239 Matthei
1626 1173 1653 1237 F
1654 1172 1875 1254 oulliacensis,

515 1266 749 1344 Arabianensis
765 1277 915 1358 diocesis,
932 1278 1166 1343 canonicatum
1183 1286 1218 1343 et
1233 1277 1439 1363 prebendam
1456 1278 1597 1343 obtinet.

560 1382 632 1447 Tue
648 1382 807 1447 merita...

559 1486 637 1551 Dat.
653 1486 752 1551 Axin.
770 1507 787 1569 3
804 1505 883 1550 non.
900 1485 1047 1551 octobris
1062 1505 1152 1550 anno
1172 1506 1198 1550 1.

560 1589 598 1653 In
617 1611 644 1654 e.
661 1610 705 1653 nr.
722 1589 882 1675 episcopo
899 1588 1071 1654 Parisiensi
1098 1597 1133 1654 et
1156 1588 1383 1654 Aurelianensi
1406 1611 1445 1655 ac
1461 1590 1492 1655 S.
1511 1587 1661 1655 Marcelli
1675 1590 1773 1675 juxta
1790 1588 1877 1655 Pan‘-

516 1692 583 1758 sius
600 1693 734 1758 decanis
750 1693 974 1763 ecclesiarum.

549 1832 607 1892 ltcg.
622 1833 668 1879 Ax.
685 1835 707 1890 2,
718 1832 734 1878 f.
748 1833 808 1878 lau:
824 1830 881 1878 l'at.
894 1833 932 1880 63.
945 1832 962 1879 f.
979 1833 1031 1889 119,
1045 1845 1069 1877 n.
1082 1833 1137 1878 :auu

561 1995 669 2076 107.
1535 2009 1630 2092 1316,
1653 2027 1674 2089 5
1697 2010 1835 2073 octobre.

557 2111 717 2177 Gaufrido
741 2110 850 2176 Belles
873 2111 1041 2178 confertur
1064 2112 1281 2177 canonicatus
1305 2111 1446 2177 ecclesie
1469 2112 1500 2177 S.
1517 2111 1639 2177 Verani
1655 2112 1698 2178 de
1718 2111 1874 2196 Jargolio,

514 2214 761 2281 Aurelianensis
777 2214 927 2295 diocesis,
944 2219 1004 2281 sub
1020 2215 1257 2301 expectatione
1272 2216 1453 2301 prebende,
1470 2214 1739 2281 consideratione
1752 2215 1875 2281 Guido-

514 2320 565 2384 nis
581 2319 623 2384 de
646 2317 860 2398 Castellione,
880 2319 1013 2383 comitis
1033 2329 1045 2353 ‘¹
1067 2319 1098 2383 S.
1117 2319 1220 2399 Pauli,
1237 2319 1423 2384 buticularii
1453 2318 1603 2399 Francie,
1624 2339 1695 2383 non
1721 2321 1874 2385 obstante

514 2423 603 2509 quod
620 2424 653 2487 in
669 2422 810 2489 ecclesia
826 2421 863 2487 B.
881 2421 989 2487 Marie
1004 2423 1046 2488 de
1063 2422 1219 2488 Condeto
1242 2422 1479 2489 canonicatum
1501 2431 1536 2488 et
1558 2423 1777 2508 prebendam,
1793 2424 1874 2488 etin

514 2528 649 2613 capellis
665 2534 848 2592 castrorum
864 2526 906 2591 de
917 2527 1060 2592 Avesnis
1072 2537 1107 2591 et
1122 2527 1164 2592 de
1178 2526 1297 2607 Encra,
1309 2525 1559 2592 Cameracensis
1571 2534 1606 2591 et
1617 2527 1875 2592 Ambianensis⁶

515 2631 695 2711 diocesnm,
712 2630 873 2715 quasdam
888 2639 1067 2716 perpetuas
1084 2630 1286 2716 capellanias
1302 2631 1443 2695 obtinet.

561 2734 633 2799 Tue
649 2734 808 2799 merita...

560 2839 638 2903 Dat.
651 2838 749 2901 Avin.
768 2857 785 2921 3
802 2857 881 2902 non.
898 2838 1045 2903 octobris
1060 2858 1151 2903 arno
1172 2858 1197 2903 1.

560 2943 600 3007 ln
616 2963 644 3006 e.
661 2963 705 3005 nr.
722 2941 852 3006 decano
868 2949 902 3006 et
918 2941 1153 3007 archidiacono
1170 2940 1458 3025 Belgentiacensis
1473 2948 1508 3005 et
1521 2940 1679 3025 magistro
1697 2940 1826 3008 Parisio
1838 2943 1880 3007 de

516 3046 642 3124 Gessia,
659 3044 823 3110 canonico
838 3045 977 3110 ecclesie
996 3045 1254 3110 Aurelianensis

550 3185 611 3244 Reg.
624 3185 671 3231 Ax.
684 3186 705 3242 3,
720 3185 737 3232 1.
751 3188 797 3232 ab?
807 3201 812 3234 ι
824 3181 881 3229 l'at.
895 3184 934 3235 63,
947 3184 964 3229 f.
981 3185 1043 3238 lbllv,
1058 3198 1082 3230 n.
1096 3185 1151 3230 373.

562 3351 671 3433 108.
1548 3362 1644 3444 1316,
1657 3383 1682 3445 5
1696 3363 1836 3441 octobre.

561 3468 724 3554 Magistro
741 3467 877 3552 Hugoni
894 3467 985 3532 dicto
1002 3465 1134 3545 Paliart,
1151 3467 1262 3549 legum
1277 3463 1463 3550 professori,
1480 3465 1649 3530 confertur
1661 3465 1881 3533 canonicatus

516 3573 655 3640 ecclesie
671 3571 901 3651 Tornacensis,
917 3573 978 3636 sub
994 3569 1230 3655 expectatione
1246 3569 1425 3653 prebende,
1436 3569 1703 3635 consideratione
1714 3569 1881 3636 Guidonis

517 3676 558 3743 de
582 3675 793 3754 Castellione,
817 3674 949 3739 comitis
971 3674 1002 3738 S.
1027 3672 1130 3751 Pauli,
1145 3672 1329 3737 buticularii
1354 3671 1504 3753 Francie,
1520 3694 1590 3738 non
1615 3675 1772 3738 obstante
1788 3674 1880 3758 quod

518 3780 550 3844 in
568 3777 763 3859 Morinensi,
780 3778 810 3843 S.
828 3776 917 3842 Petri
933 3777 975 3842 de
990 3777 1079 3854 Aria,
1093 3775 1124 3839 S.
1139 3775 1230 3840 Pauli
1247 3795 1286 3840 ac
1301 3775 1344 3840 de
1360 3773 1500 3841 Lilleriis
1516 3797 1648 3841 necnon
1666 3775 1879 3862 Pinquignia-

518 3882 607 3948 censi
623 3882 780 3961 ecclesiis,
799 3880 1000 3945 Morinensis
1015 3889 1050 3944 et
1065 3878 1311 3944 Atrebatensis‘
1325 3877 1507 3960 diocesurn,
1523 3879 1741 3946 canonicatus
1753 3890 1789 3947 et
1805 3903 1879 3968 pre-

519 3985 644 4050 bendas
660 3985 801 4050 obtinet.

563 4088 764 4153 Litterarum
778 4087 939 4173 peritia...

561 4190 640 4256 Dat.
656 4190 755 4256 Asin.
773 4212 790 4274 3
808 4210 887 4255 non.
904 4187 1050 4255 octobris
1065 4209 1156 4253 anno
1176 4209 1202 4252 1.

562 4292 602 4357 In
618 4315 647 4358 e.
663 4315 708 4359 m.
723 4294 835 4365 abbati
851 4292 1042 4358 monasterii
1057 4291 1344 4375 Aequicinctensis
1360 4298 1394 4355 et
1409 4292 1579 4377 preposito
1595 4295 1735 4360 ecclesie
1746 4295 1777 4361 S.
1789 4296 1877 4362 Petri

518 4396 561 4462 de
577 4397 704 4478 Duac0,
721 4396 950 4462 Atrebatensis
966 4395 1116 4476 diocesis
1133 4416 1172 4460 ac
1184 4393 1418 4460 archidiacono
1432 4394 1615 4461 Parisiensi.

551 4536 612 4596 Reg.
624 4536 672 4583 Ax.
686 4537 708 4595 3,
721 4535 739 4584 1.
754 4538 765 4582 1
778 4550 783 4592 ;
796 4535 855 4583 l'at.
865 4536 902 4594 63,
916 4535 933 4583 1.
947 4535 1012 4593 laer,
1024 4547 1049 4582 n.
1062 4533 1118 4581 385.

563 4698 673 4781 109.
1554 4712 1648 4794 1316,
1657 4733 1682 4796 5
1696 4719 1834 4784 octobre.

561 4816 708 4894 Johanni
733 4816 774 4881 de
802 4815 967 4881 Medunta
989 4814 1158 4880 confertur
1180 4813 1396 4880 canonicatus
1419 4815 1558 4881 ecclesie
1582 4816 1613 4881 S.
1629 4818 1812 4887 Audomari
1835 4823 1875 4888 de

519 4918 668 5000 Lilleriis,
685 4917 887 4984 Morinensis
908 4918 1058 4999 diocesis,
1074 4920 1135 4984 sub
1158 4918 1392 5005 expectatione
1415 4920 1593 5004 prebende,
1610 4922 1875 4992 consideratione

552 5140 577 5173 a.
594 5124 724 5172 canonicis
735 5140 785 5188 req.
799 5125 821 5171 11
828 5140 846 5171 r.
868 5153 889 5158 -
902 5124 924 5171 b.
936 5124 1127 5173 Aurelianensis
1137 5138 1189 5186 rep.
1207 5123 1302 5171 lac-
1314 5137 1334 5170 c.
1342 5121 1503 5183 1111111111
1514 5125 1703 5175 Ambianensis.
