4409 6017
419 688 506 756 LXVI
1003 681 1184 747 Fornulaire

419 840 473 894 lica
493 836 597 901 scripta
617 833 786 887 mandamus
804 841 946 896 quatenus
966 847 1015 884 vos
1035 832 1079 884 vel
1099 831 1158 884 duo
1177 842 1226 885 aut
1246 849 1317 885 unus
1337 843 1469 898 vestrum
1488 850 1540 898 per
1559 851 1609 886 vos
1631 835 1677 887 vel
1697 834 1749 887 aliu

421 925 473 970 seu
489 917 568 979 alios,
588 916 673 969 etiam
690 914 713 966 si
732 915 787 966 sint
807 924 883 965 extra
903 913 964 965 loca
982 915 1011 966 in
1029 912 1133 975 quibus
1152 912 1281 977 deputati
1299 914 1365 966 estis
1384 925 1600 967 conservatores
1618 925 1648 968 et
1665 914 1749 979 judici

420 998 537 1065 prefatis
555 999 667 1050 decano
687 1007 714 1049 et
735 996 858 1058 capitulo
877 994 1051 1047 Tomacensi
1070 994 1198 1047 efficacis
1238 995 1411 1048 detensionis
1452 995 1577 1061 presidio
1609 995 1749 1049 assistent<

419 1097 477 1134 non
493 1078 661 1145 permittatis
679 1096 727 1131 eos
744 1094 829 1140 super
845 1077 987 1140 premissis
1004 1076 1040 1129 ab
1057 1075 1168 1129 eisdem
1195 1079 1239 1130 vel
1267 1077 1492 1142 quibuscumque
1520 1077 1583 1130 aliis
1610 1088 1749 1143 occupato

419 1161 481 1225 bus,
503 1160 705 1223 detentoribus,
727 1158 963 1217 molestatoribus,
977 1156 1229 1222 -presumptoribus
1253 1168 1280 1211 et
1303 1158 1512 1220 injuriatoribus
1536 1158 1664 1212 indebite
1686 1160 1749 1211 molt

421 1242 475 1295 tari
499 1245 543 1296 vel
569 1243 610 1295 eis
635 1240 801 1304 gravamina
826 1257 876 1293 seu
903 1241 1026 1304 dampna
1053 1239 1098 1291 vel
1121 1239 1236 1302 injurias
1257 1240 1382 1306 irrogari,
1402 1241 1504 1294 tacturi
1524 1240 1607 1296 dictis
1627 1241 1735 1295 decano

420 1322 552 1387 capitulo,
571 1339 638 1375 cum
656 1323 692 1375 ab
713 1324 753 1376 eis
771 1333 820 1375 aut
837 1321 1066 1385 procuratoribus
1086 1319 1145 1373 suis
1165 1324 1210 1375 vel
1231 1338 1329 1375 eorum
1349 1322 1443 1387 aliquo
1463 1323 1573 1377 fueritis
1591 1322 1725 1388 requisiti,
1743 1340 1749 1375 t

420 1405 552 1470 predictis
575 1416 603 1457 et
623 1404 684 1458 aliis
705 1405 833 1468 personis
854 1404 1025 1467 quibuslibet
1046 1420 1133 1467 super
1166 1403 1342 1457 restitutione
1375 1404 1515 1457 dictorum
1548 1416 1712 1470 castrorum,
1733 1423 1749 1458 v

420 1492 518 1552 larum,
542 1487 685 1548 casalium,
708 1499 855 1548 terrarum,
879 1485 1098 1550 possessiontun,
1120 1484 1314 1551 vassallorum,
1341 1486 1495 1551 hominum,
1519 1486 1634 1550 jurium,
1660 1485 1748 1550 jurisdi

420 1566 529 1620 tionum
552 1584 585 1620 ac
609 1568 749 1621 bonorum
772 1566 958 1622 immobilium
981 1576 1008 1620 et
1031 1566 1188 1632 mobilium,
1212 1566 1374 1621 reddituum
1393 1585 1508 1633 quoque
1529 1586 1564 1623 ac
1584 1579 1749 1634 proventum

420 1665 556 1702 censuum
577 1660 603 1703 et
622 1649 742 1703 aliorum
761 1665 1004 1713 quorumcumque
1022 1649 1164 1701 bonomm
1180 1666 1297 1703 suorum
1313 1667 1426 1703 necnon
1441 1651 1478 1704 de
1494 1650 1669 1715 quibuslibet
1683 1651 1749 1703 mole

420 1732 473 1796 tiis,
492 1732 599 1795 injuriis
616 1742 702 1795 atque
719 1732 850 1797 dampnis
867 1731 1045 1795 presentibus
1063 1741 1090 1783 et
1111 1732 1221 1797 futuris,
1237 1733 1266 1785 in
1280 1731 1333 1786 illis
1349 1732 1481 1787 videlicet
1494 1748 1550 1797 que
1563 1732 1723 1797 judicialem
1733 1749 1749 1784 n

420 1814 533 1878 quirunt
553 1814 716 1877 indaginem
733 1815 770 1867 de
787 1815 882 1878 plano,
900 1815 962 1867 sine
980 1813 1097 1876 strepitu
1127 1823 1155 1867 et
1172 1812 1265 1878 ligura
1281 1814 1386 1878 judicii,
1405 1815 1434 1867 in
1450 1814 1512 1869 aliis
1528 1831 1597 1868 vero
1615 1823 1696 1880 prout
1710 1830 1749 1877 qiu

421 1896 484 1951 litas
508 1897 632 1962 ipsorum
656 1897 789 1962 exegerit,
813 1897 918 1958 justitie
941 1897 1191 1962 complementum,
1212 1908 1398 1962 occupatores
1419 1915 1470 1950 seu
1492 1897 1663 1960 detentores,
1682 1899 1749 1950 mole

420 1987 524 2031 tatores
542 1995 593 2031 seu
610 1989 820 2042 presumptores
839 1989 866 2033 et
884 1979 1061 2041 injuriatores
1078 1979 1244 2040 hujusmodi
1264 1996 1377 2032 necnon
1397 1979 1618 2033 contradictores
1639 1977 1749 2043 quoslibe

421 2070 448 2113 et
475 2060 605 2125 rebelles,
632 2061 835 2123 cujuscumque
862 2061 1015 2122 dignitatis.
1043 2069 1143 2126 status,
1160 2060 1267 2114 ordinis
1284 2061 1328 2114 vel
1345 2060 1513 2116 conditionis
1530 2061 1680 2125 extiterint,
1695 2074 1749 2125 quat

420 2144 580 2207 documque
607 2153 633 2195 et
658 2143 892 2206 quotiesetunque
917 2140 1081 2205 expedierit,
1102 2159 1153 2208 per
1172 2159 1323 2196 censuram
1341 2142 1571 2208 ecclesiasticam,
1592 2141 1747 2209 appellatiou

419 2221 583 2287 postposita,
608 2222 824 2284 compescendo,
848 2222 978 2273 invocato
1002 2223 1039 2274 ad
1061 2220 1116 2274 hoc
1136 2221 1160 2273 si
1180 2240 1253 2287 opus
1275 2224 1359 2275 luerit
1382 2223 1486 2278 auxilio
1507 2223 1617 2278 brachii
1638 2222 1749 2278 sequani

455 2321 513 2356 non
534 2303 712 2356 obstantibus
735 2303 824 2356 felicis
847 2303 1049 2355 recordationis
1073 2303 1214 2356 Boniiacii
1241 2321 1314 2368 pape
1342 2304 1421 2365 Vlll,
1449 2304 1658 2367 predecessoris
1682 2300 1749 2357 nostri

418 2403 476 2450 qua
490 2396 609 2439 cavetur
624 2402 661 2438 ne
678 2385 787 2447 judices
804 2394 831 2438 et
848 2394 1061 2438 conservatores
1080 2403 1097 2436 a
1120 2386 1194 2438 Sede
1212 2386 1339 2449 deputati
1355 2386 1489 2453 predicta,
1499 2396 1580 2440 extra
1596 2385 1749 2440 civitatens

419 2467 555 2522 diocesim
578 2467 607 2519 in
630 2467 731 2531 quibus
755 2467 882 2531 deputati
905 2468 1008 2520 fuerint
1033 2478 1132 2520 contra
1144 2484 1340 2530 quoscumque
1355 2467 1511 2532 procedere
1525 2468 1586 2522 sive
1597 2466 1647 2522 alii
1658 2466 1700 2521 vel
1712 2461 1749 2517 alii

418 2548 494 2602 vices
513 2566 579 2601 suas
596 2550 773 2602 committere
793 2559 841 2600 aut
859 2548 968 2612 aliquos
986 2549 1061 2600 ultra
1080 2566 1168 2601 unam
1197 2549 1303 2601 dietam
1330 2567 1348 2602 a
1376 2549 1436 2602 fine
1462 2549 1585 2603 diocesis
1615 2546 1749 2603 eorumden

418 2631 530 2686 trahere
549 2642 722 2696 presumant,
741 2647 791 2683 seu
811 2631 888 2694 quod
905 2632 942 2684 de
960 2629 1021 2685 aliis
1041 2647 1128 2694 quam
1143 2631 1179 2683 de
1191 2630 1351 2684 manifestis
1365 2631 1472 2694 injuriis
1487 2640 1513 2684 et
1527 2631 1664 2684 molestiis
1676 2625 1748 2683 etalii

419 2731 475 2778 que
497 2713 660 2776 judicialem
683 2712 846 2775 indaginem
871 2712 995 2775 exigunt,
1017 2713 1098 2775 penis
1120 2712 1149 2764 in
1166 2729 1214 2765 eos
1231 2713 1255 2765 si
1271 2729 1353 2766 secus
1370 2713 1480 2775 egerint
1495 2721 1524 2766 et
1541 2713 1571 2766 in
1587 2712 1616 2765 id
1631 2721 1749 2778 procurat

419 2807 461 2849 tes
484 2793 609 2860 adjectis,
631 2804 845 2847 conservatores
867 2811 898 2845 se
919 2793 1080 2847 nullatenus
1101 2794 1295 2860 intromittant,
1320 2804 1348 2846 et
1371 2805 1429 2846 tam
1452 2794 1489 2847 de
1511 2793 1624 2848 duabus
1646 2786 1749 2846 dietisit

420 2876 540 2930 concilio
567 2875 702 2939 generali,
731 2874 886 2927 dummodo
913 2875 987 2926 ultra
1015 2876 1129 2928 tertiam
1144 2878 1190 2929 vel
1206 2882 1338 2939 quartam
1354 2875 1468 2941 dietam,
1485 2874 1587 2939 aliquis
1604 2884 1682 2928 extra
1697 2886 1749 2926 suan

419 2957 562 3011 civitatem
588 2967 615 3010 et
640 2956 776 3010 diocesim
803 2955 970 3009 auctoritate
994 2957 1172 3020 presentium
1191 2973 1248 3010 non
1266 2956 1401 3021 trahatur,
1421 2972 1507 3020 quam
1524 2955 1587 3016 aliis
1605 2956 1749 3020 quibuscuu

418 3056 474 3103 que
499 3038 745 3092 constitutionibus
770 3055 787 3091 a
806 3038 1054 3102 predecessoribus
1079 3037 1183 3092 nostris
1203 3039 1339 3092 Romanis
1358 3038 1539 3103 pontificibus
1556 3047 1617 3091 tam
1632 3038 1670 3091 de
1684 3033 1749 3100 judic

417 3122 472 3175 bus
492 3120 632 3184 delegatis
659 3137 746 3185 quam
767 3120 1011 3173 conservatoribus
1031 3130 1079 3172 aut
1099 3120 1163 3173 aliis
1178 3120 1268 3185 editis,
1282 3137 1339 3185 que
1353 3130 1446 3174 vestre
1460 3131 1575 3185 possent
1589 3120 1619 3174 in
1633 3121 1686 3173 hac
1697 3124 1749 3183 part

418 3202 604 3266 jurisdictioni
631 3213 678 3255 aut
705 3201 838 3265 potestati
865 3200 982 3265 ejusque
1009 3201 1098 3255 libero
1120 3201 1253 3255 exercitio
1282 3202 1497 3266 quomodolibet
1525 3201 1650 3268 obviare,
1678 3215 1723 3254 seu
1746 3214 1749 3245 ε

419 3282 560 3348 aliquibus
588 3284 775 3336 communiter
801 3282 846 3337 vel
873 3282 984 3337 divisim
1011 3301 1028 3335 a
1047 3282 1176 3348 predicta
1195 3285 1229 3337 sit
1248 3285 1323 3338 Sede
1342 3284 1483 3339 indultum
1498 3283 1578 3349 quod
1594 3296 1749 3338 excommun

419 3365 484 3432 cari,
501 3366 637 3430 suspendi
652 3366 704 3425 vel,
714 3366 843 3419 interdici
858 3383 908 3418 seu
924 3377 1004 3419 extra
1019 3366 1063 3419 vel
1078 3366 1154 3419 ultra
1179 3377 1256 3419 certa
1280 3368 1342 3420 loca
1367 3366 1405 3420 ad
1427 3366 1565 3429 judicium
1589 3364 1698 3421 evocari
1718 3380 1749 3417 no

419 3448 527 3512 possint
545 3465 597 3511 per
614 3449 721 3502 litteras
741 3448 911 3510 apostolicas
929 3465 987 3501 non
1004 3448 1143 3501 facientes
1163 3451 1279 3513 plenam
1299 3459 1326 3502 et
1346 3465 1510 3513 expressam
1527 3466 1561 3503 ac
1580 3449 1617 3504 de
1637 3448 1749 3503 verbor

418 3531 536 3583 verbum
563 3530 600 3583 de
628 3530 737 3583 indulto
765 3530 927 3592 hujusmodi
953 3529 1132 3583 mentionem
1147 3530 1191 3583 vel
1207 3531 1333 3593 qualibet
1348 3531 1403 3584 alia
1417 3531 1596 3594 indulgentia
1609 3530 1685 3584 dicte
1698 3526 1749 3583 Sed

418 3610 546 3674 generali
567 3611 612 3663 vel
635 3612 758 3675 speciali,
782 3612 985 3675 cujuscumque
1007 3611 1113 3665 tenoris
1134 3610 1242 3677 existat,
1268 3630 1319 3676 per
1342 3629 1430 3677 quam
1452 3613 1633 3676 presentibus
1656 3626 1749 3665 none

418 3709 546 3757 pressam
570 3696 614 3746 vel
639 3692 763 3746 totaliter
788 3709 845 3744 non
869 3694 1011 3756 insertam,
1036 3704 1130 3745 vestre
1157 3692 1358 3755 jurisdictionis
1386 3693 1536 3758 explicatio
1561 3694 1593 3747 in
1619 3693 1674 3747 hac
1698 3705 1749 3757 per

419 3774 512 3828 valeat
527 3774 741 3837 quomodolibet
756 3773 885 3837 impediri
900 3783 928 3825 et
941 3774 978 3826 de
992 3790 1048 3837 qua
1062 3775 1202 3838 cujusque
1218 3784 1278 3828 toto
1294 3784 1392 3828 tenore
1408 3775 1446 3828 de
1461 3775 1548 3829 verbo
1563 3776 1601 3829 ad
1617 3774 1749 3830 verbum}

419 3856 521 3910 nostris
544 3856 642 3912 litteris
663 3856 796 3909 habenda
819 3855 853 3908 sit
874 3855 981 3909 mentio
1003 3855 1142 3920 specialis.
1158 3857 1293 3909 Ceterum
1307 3858 1436 3913 volumus
1452 3866 1480 3911 et
1494 3857 1651 3923 apostolica
1664 3868 1749 3913 auctu

419 3948 477 3991 tate
495 3937 674 3990 decernimus
692 3938 768 4001 quod
788 3936 905 4001 quilibet
922 3948 1047 3990 vestnun
1065 3938 1201 4003 prosequi
1224 3941 1318 3994 valeat
1339 3939 1489 3993 articulum
1513 3940 1598 3993 etiam
1620 3955 1672 4006 per
1698 3928 1749 3986 &litt

418 4019 589 4083 inchoatum,
606 4020 736 4083 quamvis
754 4018 830 4072 idem
847 4019 984 4072 inchoans
1001 4020 1079 4072 nullo
1100 4020 1186 4073 tuerit
1218 4020 1421 4085 impedimento
1451 4022 1589 4077 canoruco
1620 4019 1749 4087 impediti

417 4101 551 4165 quodque
569 4119 586 4154 a
604 4103 672 4155 data
690 4101 864 4167 presentium
881 4104 917 4155 sit
933 4102 1013 4155 vobis
1032 4114 1058 4155 et
1077 4102 1231 4168 unicuique
1251 4115 1376 4158 vestrum
1393 4105 1422 4159 in
1441 4103 1584 4171 premissis
1601 4104 1734 4160 omnibus

419 4199 516 4236 eorum
538 4184 664 4249 singulis,
687 4185 776 4250 ceptis
800 4196 827 4238 et
848 4203 906 4239 non
927 4187 1023 4249 ceptis,
1047 4186 1228 4248 presentibus
1247 4197 1275 4241 et
1293 4186 1402 4253 futuris,
1422 4197 1592 4254 perpetuata
1609 4196 1734 4253 potestas

417 4267 573 4330 jurisdictio
589 4268 730 4334 attributa,
746 4280 777 4321 ut
793 4285 827 4321 eo
842 4268 939 4331 vigore
955 4285 1046 4333 eaque
1060 4269 1198 4322 firmitate
1214 4270 1326 4334 possitis
1341 4270 1370 4324 in
1386 4269 1530 4335 premissis
1543 4270 1677 4330 omnibus
1691 4280 1749 4335 cept

419 4357 446 4399 et
464 4364 521 4400 non
538 4349 634 4411 ceptis,
651 4348 830 4411 presentibus
848 4359 876 4403 et
892 4348 1000 4408 futuris,
1019 4359 1044 4402 et
1062 4367 1117 4413 pro
1135 4350 1268 4414 predictis
1281 4354 1453 4417 procedere,
1475 4369 1510 4407 ac
1531 4352 1556 4405 si
1575 4351 1704 4417 predicta
1722 4367 1749 4408 or

418 4437 464 4489 nia
490 4442 517 4485 et
541 4430 654 4492 singula
678 4447 774 4482 coram
798 4430 878 4483 vobis
903 4442 985 4495 cepta
1009 4431 1129 4484 fuissent
1154 4444 1180 4484 et
1202 4432 1357 4495 jurisdictio
1382 4446 1474 4486 vestra
1498 4444 1526 4487 et
1549 4432 1702 4497 cujuslibet
1721 4450 1749 4487 vt

417 4525 492 4566 trum
511 4512 539 4564 in
558 4512 691 4575 predictis
711 4513 842 4565 omnibus
861 4522 889 4565 et
908 4514 1025 4577 singulis
1044 4531 1096 4577 per
1117 4515 1280 4569 citationem
1300 4518 1345 4570 vel
1365 4516 1483 4569 modum
1504 4515 1592 4571 alium
1612 4526 1749 4583 perpetua

418 4592 542 4653 legitime
564 4594 706 4656 extitisset,
729 4595 929 4649 constitutione
950 4595 1076 4659 predicta
1099 4613 1184 4660 super
1205 4597 1449 4650 conservatoribus
1473 4608 1501 4650 et
1523 4598 1579 4651 alia
1601 4596 1727 4663 qualibet

417 4673 588 4725 contrarium
608 4675 684 4726 edita
702 4692 761 4727 non
779 4676 918 4728 obstante.

453 4753 559 4807 Datum
579 4757 718 4810 :lviiiione
737 4756 867 4809 kalendis
886 4760 999 4819 augusti
1018 4774 1093 4812 anno
1115 4760 1204 4814 tertio.
