<?xml version="1.0" encoding="UTF-8"?>
<!DOCTYPE html PUBLIC "-//W3C//DTD XHTML 1.0 Transitional//EN"
    "http://www.w3.org/TR/xhtml1/DTD/xhtml1-transitional.dtd">
<html xmlns="http://www.w3.org/1999/xhtml" xml:lang="en" lang="en">
 <head>
  <title>
</title>
<meta http-equiv="Content-Type" content="text/html;charset=utf-8" />
  <meta name='ocr-system' content='tesseract 3.04.00' />
  <meta name='ocr-capabilities' content='ocr_page ocr_carea ocr_par ocr_line ocrx_word'/>
</head>
<body>
  <div class='ocr_page' id='page_1' title='image "./lettresdejeanxx00xxiigoog_0361.png"; bbox 0 0 4409 6017; ppageno 0'>
   <div class='ocr_carea' id='block_1_1' title="bbox 906 717 1728 787">
    <p class='ocr_par' dir='ltr' id='par_1_1' title="bbox 906 717 1728 787">
     <span class='ocr_line' id='line_1_1' title="bbox 906 717 1728 787; baseline 0.005 -4"><span class='ocrx_word' id='word_1_1' title='bbox 906 717 1066 783; x_wconf 77' lang='lat' dir='ltr'>Troisitme</span> <span class='ocrx_word' id='word_1_2' title='bbox 1086 717 1189 784; x_wconf 76' lang='lat' dir='ltr'>annea.</span> <span class='ocrx_word' id='word_1_3' title='bbox 1669 723 1728 787; x_wconf 84' lang='lat'>275</span> 
     </span>
    </p>
   </div>
   <div class='ocr_carea' id='block_1_2' title="bbox 308 864 1729 5005">
    <p class='ocr_par' dir='ltr' id='par_1_2' title="bbox 308 864 1729 5005">
     <span class='ocr_line' id='line_1_2' title="bbox 358 864 1728 955; baseline 0.004 -24"><span class='ocrx_word' id='word_1_4' title='bbox 358 864 463 932; x_wconf 88' lang='lat' dir='ltr'>dictis</span> <span class='ocrx_word' id='word_1_5' title='bbox 498 866 622 932; x_wconf 87' lang='lat' dir='ltr'>referre</span> <span class='ocrx_word' id='word_1_6' title='bbox 645 875 810 947; x_wconf 89' lang='lat' dir='ltr'>curarent,</span> <span class='ocrx_word' id='word_1_7' title='bbox 840 866 921 933; x_wconf 90' lang='lat' dir='ltr'>illud</span> <span class='ocrx_word' id='word_1_8' title='bbox 945 887 1087 953; x_wconf 84' lang='lat' dir='ltr'>percos</span> <span class='ocrx_word' id='word_1_9' title='bbox 1111 867 1276 954; x_wconf 89' lang='lat' dir='ltr'>acceptari</span> <span class='ocrx_word' id='word_1_10' title='bbox 1302 878 1483 955; x_wconf 85' lang='lat' dir='ltr'>sperantes.</span> <span class='ocrx_word' id='word_1_11' title='bbox 1508 870 1728 938; x_wconf 82' lang='lat' dir='ltr'>Postmodum</span> 
     </span>
     <span class='ocr_line' id='line_1_3' title="bbox 357 970 1729 1061; baseline 0.004 -27"><span class='ocrx_word' id='word_1_12' title='bbox 357 989 455 1051; x_wconf 92' lang='lat' dir='ltr'>vero,</span> <span class='ocrx_word' id='word_1_13' title='bbox 473 990 552 1036; x_wconf 92' lang='lat' dir='ltr'>cum</span> <span class='ocrx_word' id='word_1_14' title='bbox 568 970 703 1046; x_wconf 79' lang='lat' dir='ltr'>comitis</span> <span class='ocrx_word' id='word_1_15' title='bbox 718 978 752 1036; x_wconf 90' lang='lat' dir='ltr'>et</span> <span class='ocrx_word' id='word_1_16' title='bbox 768 970 1014 1037; x_wconf 89' lang='lat' dir='ltr'>comunitatum</span> <span class='ocrx_word' id='word_1_17' title='bbox 1035 971 1262 1058; x_wconf 89' lang='lat' dir='ltr'>predictorum</span> <span class='ocrx_word' id='word_1_18' title='bbox 1287 972 1373 1039; x_wconf 90' lang='lat' dir='ltr'>circa</span> <span class='ocrx_word' id='word_1_19' title='bbox 1388 982 1540 1059; x_wconf 89' lang='lat' dir='ltr'>pretacta</span> <span class='ocrx_word' id='word_1_20' title='bbox 1556 976 1729 1061; x_wconf 86' lang='lat' dir='ltr'>responsio</span> 
     </span>
     <span class='ocr_line' id='line_1_4' title="bbox 359 1072 1729 1163; baseline 0.004 -24"><span class='ocrx_word' id='word_1_21' title='bbox 359 1072 561 1156; x_wconf 81' lang='lat' dir='ltr'>tardaretur,</span> <span class='ocrx_word' id='word_1_22' title='bbox 576 1074 704 1142; x_wconf 90' lang='lat' dir='ltr'>eisdem</span> <span class='ocrx_word' id='word_1_23' title='bbox 719 1075 835 1142; x_wconf 92' lang='lat' dir='ltr'>comiti</span> <span class='ocrx_word' id='word_1_24' title='bbox 852 1082 887 1141; x_wconf 91' lang='lat' dir='ltr'>et</span> <span class='ocrx_word' id='word_1_25' title='bbox 903 1076 1165 1142; x_wconf 91' lang='lat' dir='ltr'>comunitatibus</span> <span class='ocrx_word' id='word_1_26' title='bbox 1179 1096 1240 1163; x_wconf 88' lang='lat' dir='ltr'>per</span> <span class='ocrx_word' id='word_1_27' title='bbox 1254 1085 1364 1144; x_wconf 91' lang='lat' dir='ltr'>certos</span> <span class='ocrx_word' id='word_1_28' title='bbox 1386 1078 1521 1143; x_wconf 88' lang='lat' dir='ltr'>nuntios</span> <span class='ocrx_word' id='word_1_29' title='bbox 1552 1087 1587 1144; x_wconf 90' lang='lat' dir='ltr'>et</span> <span class='ocrx_word' id='word_1_30' title='bbox 1603 1080 1729 1146; x_wconf 81' lang='lat' dir='ltr'>litteras</span> 
     </span>
     <span class='ocr_line' id='line_1_5' title="bbox 360 1176 1729 1265; baseline 0.006 -23"><span class='ocrx_word' id='word_1_31' title='bbox 360 1185 496 1243; x_wconf 89' lang='lat' dir='ltr'>nostras</span> <span class='ocrx_word' id='word_1_32' title='bbox 511 1197 577 1262; x_wconf 89' lang='lat' dir='ltr'>que</span> <span class='ocrx_word' id='word_1_33' title='bbox 592 1177 679 1245; x_wconf 92' lang='lat' dir='ltr'>circa</span> <span class='ocrx_word' id='word_1_34' title='bbox 693 1178 867 1245; x_wconf 91' lang='lat' dir='ltr'>dationem</span> <span class='ocrx_word' id='word_1_35' title='bbox 881 1176 961 1245; x_wconf 88' lang='lat' dir='ltr'>dicti</span> <span class='ocrx_word' id='word_1_36' title='bbox 978 1179 1107 1245; x_wconf 90' lang='lat' dir='ltr'>consilii</span> <span class='ocrx_word' id='word_1_37' title='bbox 1132 1200 1191 1265; x_wconf 91' lang='lat' dir='ltr'>per</span> <span class='ocrx_word' id='word_1_38' title='bbox 1216 1200 1278 1246; x_wconf 91' lang='lat' dir='ltr'>nos</span> <span class='ocrx_word' id='word_1_39' title='bbox 1302 1189 1378 1247; x_wconf 91' lang='lat' dir='ltr'>acta</span> <span class='ocrx_word' id='word_1_40' title='bbox 1393 1181 1525 1247; x_wconf 82' lang='lat' dir='ltr'>fuerant</span> <span class='ocrx_word' id='word_1_41' title='bbox 1541 1183 1729 1250; x_wconf 84' lang='lat' dir='ltr'>curavimus</span> 
     </span>
     <span class='ocr_line' id='line_1_6' title="bbox 362 1280 1726 1371; baseline 0.003 -25"><span class='ocrx_word' id='word_1_42' title='bbox 362 1280 519 1347; x_wconf 88' lang='lat' dir='ltr'>seriosius</span> <span class='ocrx_word' id='word_1_43' title='bbox 534 1280 700 1365; x_wconf 89' lang='lat' dir='ltr'>intimare,</span> <span class='ocrx_word' id='word_1_44' title='bbox 712 1282 803 1368; x_wconf 92' lang='lat' dir='ltr'>ipsos</span> <span class='ocrx_word' id='word_1_45' title='bbox 817 1284 1009 1349; x_wconf 88' lang='lat' dir='ltr'>laborantes</span> <span class='ocrx_word' id='word_1_46' title='bbox 1035 1282 1193 1349; x_wconf 86' lang='lat' dir='ltr'>inducere</span> <span class='ocrx_word' id='word_1_47' title='bbox 1209 1283 1253 1350; x_wconf 92' lang='lat' dir='ltr'>ad</span> <span class='ocrx_word' id='word_1_48' title='bbox 1267 1283 1495 1371; x_wconf 88' lang='lat' dir='ltr'>recipiendum</span> <span class='ocrx_word' id='word_1_49' title='bbox 1512 1288 1726 1353; x_wconf 85' lang='lat' dir='ltr'>securitatem</span> 
     </span>
     <span class='ocr_line' id='line_1_7' title="bbox 309 1383 1727 1476; baseline 0.005 -27"><span class='ocrx_word' id='word_1_50' title='bbox 309 1401 310 1414; x_wconf 61' lang='lat'>¹</span> <span class='ocrx_word' id='word_1_51' title='bbox 363 1383 554 1469; x_wconf 85' lang='lat' dir='ltr'>hujusmodi</span> <span class='ocrx_word' id='word_1_52' title='bbox 566 1387 664 1469; x_wconf 81' lang='lat' dir='ltr'>juxta</span> <span class='ocrx_word' id='word_1_53' title='bbox 679 1385 856 1452; x_wconf 91' lang='lat' dir='ltr'>consilium</span> <span class='ocrx_word' id='word_1_54' title='bbox 882 1386 929 1452; x_wconf 92' lang='lat' dir='ltr'>eis</span> <span class='ocrx_word' id='word_1_55' title='bbox 953 1385 1099 1453; x_wconf 92' lang='lat' dir='ltr'>dandam</span> <span class='ocrx_word' id='word_1_56' title='bbox 1127 1395 1161 1452; x_wconf 92' lang='lat' dir='ltr'>et</span> <span class='ocrx_word' id='word_1_57' title='bbox 1183 1388 1432 1454; x_wconf 84' lang='lat' dir='ltr'>observantiam</span> <span class='ocrx_word' id='word_1_58' title='bbox 1448 1388 1537 1456; x_wconf 89' lang='lat' dir='ltr'>dicte</span> <span class='ocrx_word' id='word_1_59' title='bbox 1554 1392 1655 1476; x_wconf 83' lang='lat' dir='ltr'>pacis,</span> <span class='ocrx_word' id='word_1_60' title='bbox 1672 1392 1727 1475; x_wconf 93' lang='lat' dir='ltr'>qui</span> 
     </span>
     <span class='ocr_line' id='line_1_8' title="bbox 309 1421 1726 1580; baseline 0.008 -34"><span class='ocrx_word' id='word_1_61' title='bbox 309 1421 315 1546; x_wconf 72' lang='lat' dir='ltr'>i</span> <span class='ocrx_word' id='word_1_62' title='bbox 366 1487 549 1555; x_wconf 86' lang='lat' dir='ltr'>inductioni</span> <span class='ocrx_word' id='word_1_63' title='bbox 564 1495 678 1555; x_wconf 88' lang='lat' dir='ltr'>nostre</span> <span class='ocrx_word' id='word_1_64' title='bbox 693 1488 882 1574; x_wconf 88' lang='lat' dir='ltr'>hujusmodi</span> <span class='ocrx_word' id='word_1_65' title='bbox 898 1490 1110 1575; x_wconf 86' lang='lat' dir='ltr'>acquiescere</span> <span class='ocrx_word' id='word_1_66' title='bbox 1125 1491 1315 1573; x_wconf 91' lang='lat' dir='ltr'>noluerunt,</span> <span class='ocrx_word' id='word_1_67' title='bbox 1331 1514 1394 1559; x_wconf 91' lang='lat' dir='ltr'>nec</span> <span class='ocrx_word' id='word_1_68' title='bbox 1418 1503 1606 1580; x_wconf 89' lang='lat' dir='ltr'>propterea,</span> <span class='ocrx_word' id='word_1_69' title='bbox 1627 1514 1726 1580; x_wconf 90' lang='lat' dir='ltr'>prop-</span> 
     </span>
     <span class='ocr_line' id='line_1_9' title="bbox 309 1551 1727 1682; baseline 0.004 -26"><span class='ocrx_word' id='word_1_70' title='bbox 309 1551 314 1656; x_wconf 76' lang='lat' dir='ltr'>i</span> <span class='ocrx_word' id='word_1_71' title='bbox 367 1599 414 1656; x_wconf 89' lang='lat' dir='ltr'>ter</span> <span class='ocrx_word' id='word_1_72' title='bbox 427 1592 547 1677; x_wconf 89' lang='lat' dir='ltr'>ingens</span> <span class='ocrx_word' id='word_1_73' title='bbox 573 1600 608 1657; x_wconf 91' lang='lat' dir='ltr'>et</span> <span class='ocrx_word' id='word_1_74' title='bbox 623 1591 792 1660; x_wconf 90' lang='lat' dir='ltr'>intensum</span> <span class='ocrx_word' id='word_1_75' title='bbox 813 1593 1014 1660; x_wconf 90' lang='lat' dir='ltr'>desiderium</span> <span class='ocrx_word' id='word_1_76' title='bbox 1029 1594 1120 1679; x_wconf 92' lang='lat' dir='ltr'>quod</span> <span class='ocrx_word' id='word_1_77' title='bbox 1136 1595 1179 1661; x_wconf 90' lang='lat' dir='ltr'>ad</span> <span class='ocrx_word' id='word_1_78' title='bbox 1194 1594 1284 1661; x_wconf 90' lang='lat' dir='ltr'>dicte</span> <span class='ocrx_word' id='word_1_79' title='bbox 1301 1597 1392 1682; x_wconf 86' lang='lat' dir='ltr'>pacis</span> <span class='ocrx_word' id='word_1_80' title='bbox 1408 1599 1655 1663; x_wconf 89' lang='lat' dir='ltr'>observantiam</span> <span class='ocrx_word' id='word_1_81' title='bbox 1672 1618 1727 1680; x_wconf 88' lang='lat' dir='ltr'>ge-</span> 
     </span>
     <span class='ocr_line' id='line_1_10' title="bbox 370 1696 1727 1786; baseline 0.004 -26"><span class='ocrx_word' id='word_1_82' title='bbox 370 1698 520 1763; x_wconf 89' lang='lat' dir='ltr'>rebamus</span> <span class='ocrx_word' id='word_1_83' title='bbox 544 1706 579 1762; x_wconf 90' lang='lat' dir='ltr'>et</span> <span class='ocrx_word' id='word_1_84' title='bbox 604 1698 760 1781; x_wconf 82' lang='lat' dir='ltr'>gerimus,</span> <span class='ocrx_word' id='word_1_85' title='bbox 787 1718 807 1763; x_wconf 98' lang='lat' dir='ltr'>a</span> <span class='ocrx_word' id='word_1_86' title='bbox 837 1697 944 1784; x_wconf 91' lang='lat' dir='ltr'>ceptis</span> <span class='ocrx_word' id='word_1_87' title='bbox 974 1696 1173 1780; x_wconf 88' lang='lat' dir='ltr'>destitimus,</span> <span class='ocrx_word' id='word_1_88' title='bbox 1201 1698 1261 1764; x_wconf 91' lang='lat' dir='ltr'>sed</span> <span class='ocrx_word' id='word_1_89' title='bbox 1285 1697 1364 1785; x_wconf 92' lang='lat' dir='ltr'>ipsis</span> <span class='ocrx_word' id='word_1_90' title='bbox 1389 1700 1500 1786; x_wconf 89' lang='lat' dir='ltr'>potius</span> <span class='ocrx_word' id='word_1_91' title='bbox 1525 1701 1727 1779; x_wconf 84' lang='lat' dir='ltr'>insistentes,</span> 
     </span>
     <span class='ocr_line' id='line_1_11' title="bbox 371 1800 1728 1888; baseline 0.002 -24"><span class='ocrx_word' id='word_1_92' title='bbox 371 1819 440 1864; x_wconf 92' lang='lat' dir='ltr'>curn</span> <span class='ocrx_word' id='word_1_93' title='bbox 463 1811 556 1867; x_wconf 92' lang='lat' dir='ltr'>certa</span> <span class='ocrx_word' id='word_1_94' title='bbox 580 1800 634 1868; x_wconf 89' lang='lat' dir='ltr'>die</span> <span class='ocrx_word' id='word_1_95' title='bbox 656 1809 769 1887; x_wconf 88' lang='lat' dir='ltr'>partes</span> <span class='ocrx_word' id='word_1_96' title='bbox 793 1800 864 1886; x_wconf 88' lang='lat' dir='ltr'>ipse</span> <span class='ocrx_word' id='word_1_97' title='bbox 890 1800 980 1887; x_wconf 91' lang='lat' dir='ltr'>apud</span> <span class='ocrx_word' id='word_1_98' title='bbox 1003 1801 1252 1887; x_wconf 87' lang='lat' dir='ltr'>Compendium</span> <span class='ocrx_word' id='word_1_99' title='bbox 1266 1802 1515 1885; x_wconf 91' lang='lat' dir='ltr'>convenissent,</span> <span class='ocrx_word' id='word_1_100' title='bbox 1533 1803 1653 1869; x_wconf 88' lang='lat' dir='ltr'>iterato</span> <span class='ocrx_word' id='word_1_101' title='bbox 1670 1823 1728 1888; x_wconf 90' lang='lat' dir='ltr'>per</span> 
     </span>
     <span class='ocr_line' id='line_1_12' title="bbox 373 1902 1727 1991; baseline 0.001 -24"><span class='ocrx_word' id='word_1_102' title='bbox 373 1902 491 1971; x_wconf 87' lang='lat' dir='ltr'>litteras</span> <span class='ocrx_word' id='word_1_103' title='bbox 507 1915 541 1971; x_wconf 91' lang='lat' dir='ltr'>et</span> <span class='ocrx_word' id='word_1_104' title='bbox 567 1904 704 1972; x_wconf 88' lang='lat' dir='ltr'>nuntios</span> <span class='ocrx_word' id='word_1_105' title='bbox 727 1906 889 1991; x_wconf 89' lang='lat' dir='ltr'>speciales</span> <span class='ocrx_word' id='word_1_106' title='bbox 904 1914 1015 1991; x_wconf 90' lang='lat' dir='ltr'>partes</span> <span class='ocrx_word' id='word_1_107' title='bbox 1039 1905 1126 1991; x_wconf 88' lang='lat' dir='ltr'>ipsas</span> <span class='ocrx_word' id='word_1_108' title='bbox 1141 1906 1185 1972; x_wconf 92' lang='lat' dir='ltr'>ad</span> <span class='ocrx_word' id='word_1_109' title='bbox 1199 1927 1319 1991; x_wconf 91' lang='lat' dir='ltr'>pacem</span> <span class='ocrx_word' id='word_1_110' title='bbox 1333 1915 1512 1974; x_wconf 88' lang='lat' dir='ltr'>tractatam</span> <span class='ocrx_word' id='word_1_111' title='bbox 1528 1908 1727 1973; x_wconf 85' lang='lat' dir='ltr'>servandam</span> 
     </span>
     <span class='ocr_line' id='line_1_13' title="bbox 374 2008 1726 2096; baseline 0.002 -25"><span class='ocrx_word' id='word_1_112' title='bbox 374 2015 402 2072; x_wconf 91' lang='lat' dir='ltr'>et</span> <span class='ocrx_word' id='word_1_113' title='bbox 413 2008 620 2096; x_wconf 88' lang='lat' dir='ltr'>recipiendas</span> <span class='ocrx_word' id='word_1_114' title='bbox 635 2009 790 2093; x_wconf 90' lang='lat' dir='ltr'>utrinque</span> <span class='ocrx_word' id='word_1_115' title='bbox 804 2009 1001 2075; x_wconf 89' lang='lat' dir='ltr'>securitates</span> <span class='ocrx_word' id='word_1_116' title='bbox 1015 2010 1208 2096; x_wconf 88' lang='lat' dir='ltr'>prehabitas</span> <span class='ocrx_word' id='word_1_117' title='bbox 1224 2010 1382 2077; x_wconf 90' lang='lat' dir='ltr'>inducere</span> <span class='ocrx_word' id='word_1_118' title='bbox 1398 2012 1632 2092; x_wconf 89' lang='lat' dir='ltr'>laboravimus,</span> <span class='ocrx_word' id='word_1_119' title='bbox 1643 2011 1726 2076; x_wconf 92' lang='lat' dir='ltr'>mul-</span> 
     </span>
     <span class='ocr_line' id='line_1_14' title="bbox 374 2110 1726 2200; baseline 0.004 -25"><span class='ocrx_word' id='word_1_120' title='bbox 374 2110 409 2177; x_wconf 89' lang='lat' dir='ltr'>tis</span> <span class='ocrx_word' id='word_1_121' title='bbox 422 2112 482 2178; x_wconf 90' lang='lat' dir='ltr'>viis</span> <span class='ocrx_word' id='word_1_122' title='bbox 497 2122 533 2178; x_wconf 91' lang='lat' dir='ltr'>et</span> <span class='ocrx_word' id='word_1_123' title='bbox 547 2112 732 2179; x_wconf 90' lang='lat' dir='ltr'>rationibus</span> <span class='ocrx_word' id='word_1_124' title='bbox 747 2113 796 2179; x_wconf 92' lang='lat' dir='ltr'>eis</span> <span class='ocrx_word' id='word_1_125' title='bbox 810 2113 1001 2199; x_wconf 87' lang='lat' dir='ltr'>propositis,</span> <span class='ocrx_word' id='word_1_126' title='bbox 1018 2134 1082 2199; x_wconf 89' lang='lat' dir='ltr'>que</span> <span class='ocrx_word' id='word_1_127' title='bbox 1098 2115 1179 2180; x_wconf 89' lang='lat' dir='ltr'>alias</span> <span class='ocrx_word' id='word_1_128' title='bbox 1195 2134 1253 2179; x_wconf 91' lang='lat' dir='ltr'>eos</span> <span class='ocrx_word' id='word_1_129' title='bbox 1269 2114 1359 2199; x_wconf 89' lang='lat' dir='ltr'>ipsos</span> <span class='ocrx_word' id='word_1_130' title='bbox 1385 2116 1429 2182; x_wconf 91' lang='lat' dir='ltr'>ad</span> <span class='ocrx_word' id='word_1_131' title='bbox 1445 2115 1726 2200; x_wconf 89' lang='lat' dir='ltr'>acquiescendum</span> 
     </span>
     <span class='ocr_line' id='line_1_15' title="bbox 374 2214 1727 2304; baseline 0.004 -26"><span class='ocrx_word' id='word_1_132' title='bbox 374 2214 400 2280; x_wconf 92' lang='lat' dir='ltr'>in</span> <span class='ocrx_word' id='word_1_133' title='bbox 414 2217 477 2282; x_wconf 90' lang='lat' dir='ltr'>hac</span> <span class='ocrx_word' id='word_1_134' title='bbox 491 2225 587 2303; x_wconf 89' lang='lat' dir='ltr'>parte</span> <span class='ocrx_word' id='word_1_135' title='bbox 602 2217 743 2283; x_wconf 91' lang='lat' dir='ltr'>consilio</span> <span class='ocrx_word' id='word_1_136' title='bbox 758 2225 875 2283; x_wconf 92' lang='lat' dir='ltr'>nostro</span> <span class='ocrx_word' id='word_1_137' title='bbox 891 2216 1047 2283; x_wconf 89' lang='lat' dir='ltr'>inducere</span> <span class='ocrx_word' id='word_1_138' title='bbox 1062 2216 1267 2298; x_wconf 87' lang='lat' dir='ltr'>debuissent,</span> <span class='ocrx_word' id='word_1_139' title='bbox 1277 2219 1491 2304; x_wconf 70' lang='lat' dir='ltr'>quibuslicet</span> <span class='ocrx_word' id='word_1_140' title='bbox 1506 2227 1624 2304; x_wconf 86' lang='lat' dir='ltr'>gentes</span> <span class='ocrx_word' id='word_1_141' title='bbox 1639 2220 1727 2304; x_wconf 88' lang='lat' dir='ltr'>regie</span> 
     </span>
     <span class='ocr_line' id='line_1_16' title="bbox 309 2321 1725 2438; baseline 0.001 -51"><span class='ocrx_word' id='word_1_142' title='bbox 309 2331 316 2438; x_wconf 55' lang='lat' dir='ltr'>l</span> <span class='ocrx_word' id='word_1_143' title='bbox 373 2321 613 2408; x_wconf 81' lang='lat' dir='ltr'>respondissent</span> <span class='ocrx_word' id='word_1_144' title='bbox 627 2342 663 2387; x_wconf 89' lang='lat' dir='ltr'>se</span> <span class='ocrx_word' id='word_1_145' title='bbox 678 2329 811 2407; x_wconf 90' lang='lat' dir='ltr'>paratas</span> <span class='ocrx_word' id='word_1_146' title='bbox 826 2329 964 2407; x_wconf 90' lang='lat' dir='ltr'>propter</span> <span class='ocrx_word' id='word_1_147' title='bbox 977 2321 1201 2388; x_wconf 88' lang='lat' dir='ltr'>reverentiam</span> <span class='ocrx_word' id='word_1_148' title='bbox 1217 2330 1366 2389; x_wconf 89' lang='lat' dir='ltr'>nostram</span> <span class='ocrx_word' id='word_1_149' title='bbox 1382 2345 1421 2389; x_wconf 93' lang='lat' dir='ltr'>ac</span> <span class='ocrx_word' id='word_1_150' title='bbox 1437 2331 1575 2409; x_wconf 91' lang='lat' dir='ltr'>propter</span> <span class='ocrx_word' id='word_1_151' title='bbox 1596 2322 1725 2389; x_wconf 90' lang='lat' dir='ltr'>deside·</span> 
     </span>
     <span class='ocr_line' id='line_1_17' title="bbox 309 2423 1727 2512; baseline 0.001 -23"><span class='ocrx_word' id='word_1_152' title='bbox 309 2449 311 2456; x_wconf 94' lang='lat'>·</span> <span class='ocrx_word' id='word_1_153' title='bbox 372 2424 446 2491; x_wconf 86' lang='lat' dir='ltr'>rium</span> <span class='ocrx_word' id='word_1_154' title='bbox 476 2425 648 2490; x_wconf 91' lang='lat' dir='ltr'>intensum</span> <span class='ocrx_word' id='word_1_155' title='bbox 673 2424 785 2509; x_wconf 90' lang='lat' dir='ltr'>regnis</span> <span class='ocrx_word' id='word_1_156' title='bbox 814 2432 850 2490; x_wconf 92' lang='lat' dir='ltr'>et</span> <span class='ocrx_word' id='word_1_157' title='bbox 879 2423 1020 2491; x_wconf 91' lang='lat' dir='ltr'>subditis</span> <span class='ocrx_word' id='word_1_158' title='bbox 1046 2425 1133 2510; x_wconf 89' lang='lat' dir='ltr'>regis</span> <span class='ocrx_word' id='word_1_159' title='bbox 1163 2425 1312 2511; x_wconf 84' lang='lat' dir='ltr'>ejusdem</span> <span class='ocrx_word' id='word_1_160' title='bbox 1343 2427 1480 2511; x_wconf 91' lang='lat' dir='ltr'>parandi</span> <span class='ocrx_word' id='word_1_161' title='bbox 1513 2426 1661 2512; x_wconf 89' lang='lat' dir='ltr'>quietem</span> <span class='ocrx_word' id='word_1_162' title='bbox 1693 2436 1727 2491; x_wconf 89' lang='lat' dir='ltr'>et</span> 
     </span>
     <span class='ocr_line' id='line_1_18' title="bbox 371 2528 1728 2617; baseline 0 -21"><span class='ocrx_word' id='word_1_163' title='bbox 371 2548 494 2615; x_wconf 87' lang='lat' dir='ltr'>pacem,</span> <span class='ocrx_word' id='word_1_164' title='bbox 506 2548 639 2595; x_wconf 91' lang='lat' dir='ltr'>necnon</span> <span class='ocrx_word' id='word_1_165' title='bbox 662 2535 799 2615; x_wconf 89' lang='lat' dir='ltr'>propter</span> <span class='ocrx_word' id='word_1_166' title='bbox 822 2528 994 2614; x_wconf 91' lang='lat' dir='ltr'>ingentem</span> <span class='ocrx_word' id='word_1_167' title='bbox 1019 2537 1054 2594; x_wconf 93' lang='lat' dir='ltr'>et</span> <span class='ocrx_word' id='word_1_168' title='bbox 1071 2529 1258 2596; x_wconf 85' lang='lat' dir='ltr'>ferventem</span> <span class='ocrx_word' id='word_1_169' title='bbox 1282 2530 1441 2596; x_wconf 86' lang='lat' dir='ltr'>affectum</span> <span class='ocrx_word' id='word_1_170' title='bbox 1463 2551 1563 2616; x_wconf 89' lang='lat' dir='ltr'>quern</span> <span class='ocrx_word' id='word_1_171' title='bbox 1585 2552 1642 2596; x_wconf 89' lang='lat' dir='ltr'>rex</span> <span class='ocrx_word' id='word_1_172' title='bbox 1659 2532 1728 2617; x_wconf 89' lang='lat' dir='ltr'>ipse</span> 
     </span>
     <span class='ocr_line' id='line_1_19' title="bbox 370 2631 1727 2721; baseline 0 -22"><span class='ocrx_word' id='word_1_173' title='bbox 370 2631 487 2699; x_wconf 88' lang='lat' dir='ltr'>babere</span> <span class='ocrx_word' id='word_1_174' title='bbox 512 2631 695 2699; x_wconf 91' lang='lat' dir='ltr'>dinoscitur</span> <span class='ocrx_word' id='word_1_175' title='bbox 720 2632 762 2699; x_wconf 90' lang='lat' dir='ltr'>ad</span> <span class='ocrx_word' id='word_1_176' title='bbox 789 2633 962 2717; x_wconf 87' lang='lat' dir='ltr'>negotium</span> <span class='ocrx_word' id='word_1_177' title='bbox 992 2632 1094 2699; x_wconf 89' lang='lat' dir='ltr'>Terre</span> <span class='ocrx_word' id='word_1_178' title='bbox 1126 2634 1259 2716; x_wconf 84' lang='lat' dir='ltr'>Sancte,</span> <span class='ocrx_word' id='word_1_179' title='bbox 1289 2634 1485 2701; x_wconf 90' lang='lat' dir='ltr'>securitates</span> <span class='ocrx_word' id='word_1_180' title='bbox 1511 2643 1660 2721; x_wconf 90' lang='lat' dir='ltr'>prestare</span> <span class='ocrx_word' id='word_1_181' title='bbox 1692 2643 1727 2700; x_wconf 90' lang='lat' dir='ltr'>et</span> 
     </span>
     <span class='ocr_line' id='line_1_20' title="bbox 308 2735 1727 2825; baseline 0.002 -24"><span class='ocrx_word' id='word_1_182' title='bbox 308 2749 311 2780; x_wconf 75' lang='lat'>³</span> <span class='ocrx_word' id='word_1_183' title='bbox 370 2736 513 2823; x_wconf 88' lang='lat' dir='ltr'>recipere</span> <span class='ocrx_word' id='word_1_184' title='bbox 537 2756 619 2821; x_wconf 89' lang='lat' dir='ltr'>quas</span> <span class='ocrx_word' id='word_1_185' title='bbox 639 2735 806 2821; x_wconf 86' lang='lat' dir='ltr'>prefatum</span> <span class='ocrx_word' id='word_1_186' title='bbox 829 2745 982 2803; x_wconf 90' lang='lat' dir='ltr'>nostrum</span> <span class='ocrx_word' id='word_1_187' title='bbox 1003 2737 1179 2803; x_wconf 90' lang='lat' dir='ltr'>consilium</span> <span class='ocrx_word' id='word_1_188' title='bbox 1204 2738 1403 2825; x_wconf 90' lang='lat' dir='ltr'>designarat,</span> <span class='ocrx_word' id='word_1_189' title='bbox 1420 2759 1496 2824; x_wconf 89' lang='lat' dir='ltr'>pars</span> <span class='ocrx_word' id='word_1_190' title='bbox 1519 2748 1633 2805; x_wconf 89' lang='lat' dir='ltr'>tamen</span> <span class='ocrx_word' id='word_1_191' title='bbox 1659 2739 1727 2804; x_wconf 87' lang='lat' dir='ltr'>dic-</span> 
     </span>
     <span class='ocr_line' id='line_1_21' title="bbox 369 2837 1727 2924; baseline 0 -18"><span class='ocrx_word' id='word_1_192' title='bbox 369 2849 478 2907; x_wconf 90' lang='lat' dir='ltr'>torum</span> <span class='ocrx_word' id='word_1_193' title='bbox 503 2837 757 2905; x_wconf 90' lang='lat' dir='ltr'>Flandrensium</span> <span class='ocrx_word' id='word_1_194' title='bbox 784 2840 957 2924; x_wconf 91' lang='lat' dir='ltr'>respondit</span> <span class='ocrx_word' id='word_1_195' title='bbox 976 2861 1012 2905; x_wconf 91' lang='lat' dir='ltr'>se</span> <span class='ocrx_word' id='word_1_196' title='bbox 1036 2840 1079 2907; x_wconf 93' lang='lat' dir='ltr'>ad</span> <span class='ocrx_word' id='word_1_197' title='bbox 1104 2841 1169 2908; x_wconf 93' lang='lat' dir='ltr'>hoc</span> <span class='ocrx_word' id='word_1_198' title='bbox 1195 2862 1263 2907; x_wconf 91' lang='lat' dir='ltr'>non</span> <span class='ocrx_word' id='word_1_199' title='bbox 1290 2843 1414 2909; x_wconf 90' lang='lat' dir='ltr'>habere</span> <span class='ocrx_word' id='word_1_200' title='bbox 1437 2842 1643 2908; x_wconf 90' lang='lat' dir='ltr'>mandatum.</span> <span class='ocrx_word' id='word_1_201' title='bbox 1662 2843 1727 2906; x_wconf 89' lang='lat' dir='ltr'>De·</span> 
     </span>
     <span class='ocr_line' id='line_1_22' title="bbox 369 2942 1727 3033; baseline 0 -22"><span class='ocrx_word' id='word_1_202' title='bbox 369 2965 458 3011; x_wconf 91' lang='lat' dir='ltr'>rnurn</span> <span class='ocrx_word' id='word_1_203' title='bbox 485 2962 550 3008; x_wconf 93' lang='lat' dir='ltr'>nos</span> <span class='ocrx_word' id='word_1_204' title='bbox 573 2942 787 3009; x_wconf 91' lang='lat' dir='ltr'>attendentes</span> <span class='ocrx_word' id='word_1_205' title='bbox 812 2943 903 3028; x_wconf 90' lang='lat' dir='ltr'>quod</span> <span class='ocrx_word' id='word_1_206' title='bbox 923 2953 1115 3028; x_wconf 88' lang='lat' dir='ltr'>treugarum</span> <span class='ocrx_word' id='word_1_207' title='bbox 1135 2944 1292 3011; x_wconf 90' lang='lat' dir='ltr'>initarum</span> <span class='ocrx_word' id='word_1_208' title='bbox 1308 2946 1395 3013; x_wconf 91' lang='lat' dir='ltr'>inter</span> <span class='ocrx_word' id='word_1_209' title='bbox 1421 2954 1534 3031; x_wconf 90' lang='lat' dir='ltr'>partes</span> <span class='ocrx_word' id='word_1_210' title='bbox 1560 2946 1727 3033; x_wconf 90' lang='lat' dir='ltr'>predictas</span> 
     </span>
     <span class='ocr_line' id='line_1_23' title="bbox 367 3046 1727 3134; baseline 0 -21"><span class='ocrx_word' id='word_1_211' title='bbox 367 3048 441 3114; x_wconf 88' lang='lat' dir='ltr'>linis</span> <span class='ocrx_word' id='word_1_212' title='bbox 464 3047 613 3114; x_wconf 87' lang='lat' dir='ltr'>instabat</span> <span class='ocrx_word' id='word_1_213' title='bbox 636 3046 731 3113; x_wconf 91' lang='lat' dir='ltr'>acin</span> <span class='ocrx_word' id='word_1_214' title='bbox 758 3054 889 3113; x_wconf 91' lang='lat' dir='ltr'>attente</span> <span class='ocrx_word' id='word_1_215' title='bbox 905 3046 1181 3115; x_wconf 88' lang='lat' dir='ltr'>considerationis</span> <span class='ocrx_word' id='word_1_216' title='bbox 1204 3049 1394 3134; x_wconf 89' lang='lat' dir='ltr'>indaginem</span> <span class='ocrx_word' id='word_1_217' title='bbox 1410 3049 1616 3116; x_wconf 89' lang='lat' dir='ltr'>deducentes</span> <span class='ocrx_word' id='word_1_218' title='bbox 1632 3050 1727 3114; x_wconf 92' lang='lat' dir='ltr'>innu-</span> 
     </span>
     <span class='ocr_line' id='line_1_24' title="bbox 365 3150 1728 3239; baseline 0.001 -23"><span class='ocrx_word' id='word_1_219' title='bbox 365 3172 458 3217; x_wconf 90' lang='lat' dir='ltr'>mera</span> <span class='ocrx_word' id='word_1_220' title='bbox 472 3153 563 3217; x_wconf 90' lang='lat' dir='ltr'>mala</span> <span class='ocrx_word' id='word_1_221' title='bbox 578 3171 642 3217; x_wconf 91' lang='lat' dir='ltr'>nec</span> <span class='ocrx_word' id='word_1_222' title='bbox 657 3150 754 3216; x_wconf 87' lang='lat' dir='ltr'>facile</span> <span class='ocrx_word' id='word_1_223' title='bbox 769 3152 1065 3218; x_wconf 90' lang='lat' dir='ltr'>commemoranda</span> <span class='ocrx_word' id='word_1_224' title='bbox 1080 3153 1291 3238; x_wconf 89' lang='lat' dir='ltr'>presentibus</span> <span class='ocrx_word' id='word_1_225' title='bbox 1306 3174 1371 3238; x_wconf 91' lang='lat' dir='ltr'>que</span> <span class='ocrx_word' id='word_1_226' title='bbox 1381 3153 1507 3219; x_wconf 89' lang='lat' dir='ltr'>dudum</span> <span class='ocrx_word' id='word_1_227' title='bbox 1518 3175 1559 3218; x_wconf 88' lang='lat' dir='ltr'>ex</span> <span class='ocrx_word' id='word_1_228' title='bbox 1571 3154 1728 3239; x_wconf 89' lang='lat' dir='ltr'>preterita</span> 
     </span>
     <span class='ocr_line' id='line_1_25' title="bbox 361 3255 1726 3342; baseline -0.001 -20"><span class='ocrx_word' id='word_1_229' title='bbox 361 3276 479 3340; x_wconf 86' lang='lat' dir='ltr'>guerra</span> <span class='ocrx_word' id='word_1_230' title='bbox 495 3263 729 3342; x_wconf 89' lang='lat' dir='ltr'>provenerant,</span> <span class='ocrx_word' id='word_1_231' title='bbox 744 3263 779 3320; x_wconf 95' lang='lat' dir='ltr'>et</span> <span class='ocrx_word' id='word_1_232' title='bbox 803 3275 868 3340; x_wconf 91' lang='lat' dir='ltr'>que</span> <span class='ocrx_word' id='word_1_233' title='bbox 883 3264 1041 3341; x_wconf 88' lang='lat' dir='ltr'>poterant</span> <span class='ocrx_word' id='word_1_234' title='bbox 1064 3255 1282 3342; x_wconf 88' lang='lat' dir='ltr'>imposterum</span> <span class='ocrx_word' id='word_1_235' title='bbox 1299 3257 1522 3322; x_wconf 89' lang='lat' dir='ltr'>verisimiliter</span> <span class='ocrx_word' id='word_1_236' title='bbox 1539 3257 1726 3341; x_wconf 89' lang='lat' dir='ltr'>provenire,</span> 
     </span>
     <span class='ocr_line' id='line_1_26' title="bbox 361 3359 1726 3447; baseline -0.001 -21"><span class='ocrx_word' id='word_1_237' title='bbox 361 3369 395 3426; x_wconf 91' lang='lat' dir='ltr'>et</span> <span class='ocrx_word' id='word_1_238' title='bbox 411 3359 563 3446; x_wconf 90' lang='lat' dir='ltr'>ingentia</span> <span class='ocrx_word' id='word_1_239' title='bbox 578 3359 633 3445; x_wconf 91' lang='lat' dir='ltr'>pia</span> <span class='ocrx_word' id='word_1_240' title='bbox 648 3379 751 3445; x_wconf 89' lang='lat' dir='ltr'>opera</span> <span class='ocrx_word' id='word_1_241' title='bbox 766 3379 831 3444; x_wconf 88' lang='lat' dir='ltr'>que</span> <span class='ocrx_word' id='word_1_242' title='bbox 847 3360 1009 3446; x_wconf 90' lang='lat' dir='ltr'>impedita</span> <span class='ocrx_word' id='word_1_243' title='bbox 1025 3360 1156 3426; x_wconf 85' lang='lat' dir='ltr'>fuerant</span> <span class='ocrx_word' id='word_1_244' title='bbox 1180 3370 1215 3425; x_wconf 89' lang='lat' dir='ltr'>et</span> <span class='ocrx_word' id='word_1_245' title='bbox 1231 3360 1500 3447; x_wconf 88' lang='lat' dir='ltr'>impediebantur</span> <span class='ocrx_word' id='word_1_246' title='bbox 1516 3381 1554 3426; x_wconf 92' lang='lat' dir='ltr'>ac</span> <span class='ocrx_word' id='word_1_247' title='bbox 1570 3369 1726 3446; x_wconf 88' lang='lat' dir='ltr'>poterant</span> 
     </span>
     <span class='ocr_line' id='line_1_27' title="bbox 361 3462 1726 3551; baseline 0.001 -23"><span class='ocrx_word' id='word_1_248' title='bbox 361 3463 515 3550; x_wconf 90' lang='lat' dir='ltr'>impediri</span> <span class='ocrx_word' id='word_1_249' title='bbox 542 3462 718 3530; x_wconf 92' lang='lat' dir='ltr'>occasione</span> <span class='ocrx_word' id='word_1_250' title='bbox 744 3464 906 3550; x_wconf 91' lang='lat' dir='ltr'>predicta,</span> <span class='ocrx_word' id='word_1_251' title='bbox 922 3464 1174 3530; x_wconf 90' lang='lat' dir='ltr'>considerantes</span> <span class='ocrx_word' id='word_1_252' title='bbox 1200 3465 1333 3551; x_wconf 91' lang='lat' dir='ltr'>insuper</span> <span class='ocrx_word' id='word_1_253' title='bbox 1357 3465 1456 3550; x_wconf 91' lang='lat' dir='ltr'>quod,</span> <span class='ocrx_word' id='word_1_254' title='bbox 1473 3467 1597 3549; x_wconf 89' lang='lat' dir='ltr'>absque</span> <span class='ocrx_word' id='word_1_255' title='bbox 1621 3473 1726 3529; x_wconf 90' lang='lat' dir='ltr'>trans·</span> 
     </span>
     <span class='ocr_line' id='line_1_28' title="bbox 359 3566 1726 3654; baseline -0.001 -20"><span class='ocrx_word' id='word_1_256' title='bbox 359 3567 533 3653; x_wconf 89' lang='lat' dir='ltr'>gressione</span> <span class='ocrx_word' id='word_1_257' title='bbox 553 3566 733 3652; x_wconf 88' lang='lat' dir='ltr'>juramenti</span> <span class='ocrx_word' id='word_1_258' title='bbox 757 3567 887 3653; x_wconf 87' lang='lat' dir='ltr'>prestiti</span> <span class='ocrx_word' id='word_1_259' title='bbox 912 3568 947 3633; x_wconf 95' lang='lat' dir='ltr'>in</span> <span class='ocrx_word' id='word_1_260' title='bbox 973 3589 1056 3654; x_wconf 89' lang='lat' dir='ltr'>pace</span> <span class='ocrx_word' id='word_1_261' title='bbox 1082 3567 1242 3654; x_wconf 92' lang='lat' dir='ltr'>predicta,</span> <span class='ocrx_word' id='word_1_262' title='bbox 1266 3569 1424 3635; x_wconf 90' lang='lat' dir='ltr'>securitas</span> <span class='ocrx_word' id='word_1_263' title='bbox 1448 3568 1636 3653; x_wconf 88' lang='lat' dir='ltr'>hujusmodi</span> <span class='ocrx_word' id='word_1_264' title='bbox 1662 3589 1726 3653; x_wconf 89' lang='lat' dir='ltr'>que</span> 
     </span>
     <span class='ocr_line' id='line_1_29' title="bbox 359 3670 1727 3758; baseline 0 -20"><span class='ocrx_word' id='word_1_265' title='bbox 359 3692 380 3738; x_wconf 94' lang='lat' dir='ltr'>a</span> <span class='ocrx_word' id='word_1_266' title='bbox 408 3681 481 3738; x_wconf 91' lang='lat' dir='ltr'>tarn</span> <span class='ocrx_word' id='word_1_267' title='bbox 505 3670 658 3757; x_wconf 89' lang='lat' dir='ltr'>personis</span> <span class='ocrx_word' id='word_1_268' title='bbox 682 3671 884 3753; x_wconf 90' lang='lat' dir='ltr'>solennibus,</span> <span class='ocrx_word' id='word_1_269' title='bbox 900 3672 1049 3752; x_wconf 91' lang='lat' dir='ltr'>literatis,</span> <span class='ocrx_word' id='word_1_270' title='bbox 1062 3671 1280 3757; x_wconf 89' lang='lat' dir='ltr'>prudentibus</span> <span class='ocrx_word' id='word_1_271' title='bbox 1302 3693 1488 3758; x_wconf 90' lang='lat' dir='ltr'>magneque</span> <span class='ocrx_word' id='word_1_272' title='bbox 1518 3672 1727 3738; x_wconf 88' lang='lat' dir='ltr'>auctoritatis</span> 
     </span>
     <span class='ocr_line' id='line_1_30' title="bbox 360 3774 1724 3864; baseline -0.003 -22"><span class='ocrx_word' id='word_1_273' title='bbox 360 3775 439 3842; x_wconf 89' lang='lat' dir='ltr'>viris</span> <span class='ocrx_word' id='word_1_274' title='bbox 449 3775 485 3842; x_wconf 93' lang='lat' dir='ltr'>in</span> <span class='ocrx_word' id='word_1_275' title='bbox 497 3774 694 3841; x_wconf 92' lang='lat' dir='ltr'>sublimibus</span> <span class='ocrx_word' id='word_1_276' title='bbox 705 3774 921 3861; x_wconf 86' lang='lat' dir='ltr'>dignitatibus</span> <span class='ocrx_word' id='word_1_277' title='bbox 931 3784 966 3842; x_wconf 91' lang='lat' dir='ltr'>et</span> <span class='ocrx_word' id='word_1_278' title='bbox 977 3774 1096 3842; x_wconf 85' lang='lat' dir='ltr'>officiis</span> <span class='ocrx_word' id='word_1_279' title='bbox 1107 3775 1299 3843; x_wconf 90' lang='lat' dir='ltr'>constitutis</span> <span class='ocrx_word' id='word_1_280' title='bbox 1308 3780 1493 3864; x_wconf 87' lang='lat' dir='ltr'>approbata</span> <span class='ocrx_word' id='word_1_281' title='bbox 1503 3777 1609 3841; x_wconf 86' lang='lat' dir='ltr'>fuerat</span> <span class='ocrx_word' id='word_1_282' title='bbox 1624 3786 1646 3854; x_wconf 73' lang='lat'>⁰,</span> <span class='ocrx_word' id='word_1_283' title='bbox 1658 3796 1724 3839; x_wconf 92' lang='lat' dir='ltr'>non</span> 
     </span>
     <span class='ocr_line' id='line_1_31' title="bbox 359 3877 1725 3968; baseline -0.001 -22"><span class='ocrx_word' id='word_1_284' title='bbox 359 3888 495 3968; x_wconf 90' lang='lat' dir='ltr'>poterat</span> <span class='ocrx_word' id='word_1_285' title='bbox 522 3877 738 3965; x_wconf 90' lang='lat' dir='ltr'>probabiliter</span> <span class='ocrx_word' id='word_1_286' title='bbox 763 3881 857 3945; x_wconf 92' lang='lat' dir='ltr'>velut</span> <span class='ocrx_word' id='word_1_287' title='bbox 879 3880 990 3945; x_wconf 91' lang='lat' dir='ltr'>minus</span> <span class='ocrx_word' id='word_1_288' title='bbox 1016 3879 1186 3945; x_wconf 87' lang='lat' dir='ltr'>sufficiens</span> <span class='ocrx_word' id='word_1_289' title='bbox 1210 3882 1363 3960; x_wconf 87' lang='lat' dir='ltr'>recusari,</span> <span class='ocrx_word' id='word_1_290' title='bbox 1379 3880 1594 3946; x_wconf 89' lang='lat' dir='ltr'>attendentes</span> <span class='ocrx_word' id='word_1_291' title='bbox 1624 3882 1725 3948; x_wconf 89' lang='lat' dir='ltr'>etiam</span> 
     </span>
     <span class='ocr_line' id='line_1_32' title="bbox 358 3983 1725 4072; baseline -0.001 -22"><span class='ocrx_word' id='word_1_292' title='bbox 358 3983 461 4070; x_wconf 92' lang='lat' dir='ltr'>quod,</span> <span class='ocrx_word' id='word_1_293' title='bbox 474 3984 573 4068; x_wconf 83' lang='lat' dir='ltr'>juxta</span> <span class='ocrx_word' id='word_1_294' title='bbox 588 4002 757 4048; x_wconf 92' lang='lat' dir='ltr'>sacrorum</span> <span class='ocrx_word' id='word_1_295' title='bbox 778 4004 955 4066; x_wconf 92' lang='lat' dir='ltr'>canonum,</span> <span class='ocrx_word' id='word_1_296' title='bbox 972 3984 998 4048; x_wconf 89' lang='lat' dir='ltr'>si</span> <span class='ocrx_word' id='word_1_297' title='bbox 1027 3984 1073 4049; x_wconf 89' lang='lat' dir='ltr'>ita</span> <span class='ocrx_word' id='word_1_298' title='bbox 1098 3984 1140 4048; x_wconf 90' lang='lat' dir='ltr'>ad</span> <span class='ocrx_word' id='word_1_299' title='bbox 1164 3984 1311 4069; x_wconf 90' lang='lat' dir='ltr'>singulos</span> <span class='ocrx_word' id='word_1_300' title='bbox 1337 3993 1467 4069; x_wconf 86' lang='lat' dir='ltr'>spectat</span> <span class='ocrx_word' id='word_1_301' title='bbox 1494 3985 1669 4072; x_wconf 90' lang='lat' dir='ltr'>episcopos</span> <span class='ocrx_word' id='word_1_302' title='bbox 1692 3987 1725 4050; x_wconf 92' lang='lat' dir='ltr'>in</span> 
     </span>
     <span class='ocr_line' id='line_1_33' title="bbox 358 4085 1722 4176; baseline 0.001 -23"><span class='ocrx_word' id='word_1_303' title='bbox 358 4085 608 4176; x_wconf 87' lang='lat' dir='ltr'>episcopatibus</span> <span class='ocrx_word' id='word_1_304' title='bbox 631 4085 697 4152; x_wconf 91' lang='lat' dir='ltr'>suis</span> <span class='ocrx_word' id='word_1_305' title='bbox 723 4107 782 4153; x_wconf 90' lang='lat' dir='ltr'>sua</span> <span class='ocrx_word' id='word_1_306' title='bbox 804 4087 1032 4172; x_wconf 89' lang='lat' dir='ltr'>jurisdictione</span> <span class='ocrx_word' id='word_1_307' title='bbox 1057 4109 1096 4154; x_wconf 91' lang='lat' dir='ltr'>ac</span> <span class='ocrx_word' id='word_1_308' title='bbox 1124 4095 1292 4172; x_wconf 85' lang='lat' dir='ltr'>potestate</span> <span class='ocrx_word' id='word_1_309' title='bbox 1323 4108 1536 4173; x_wconf 91' lang='lat' dir='ltr'>compescere</span> <span class='ocrx_word' id='word_1_310' title='bbox 1557 4090 1649 4176; x_wconf 90' lang='lat' dir='ltr'>pacis</span> <span class='ocrx_word' id='word_1_311' title='bbox 1677 4090 1722 4154; x_wconf 84' lang='lat' dir='ltr'>fe·</span> 
     </span>
     <span class='ocr_line' id='line_1_34' title="bbox 358 4191 1725 4278; baseline -0.001 -18"><span class='ocrx_word' id='word_1_312' title='bbox 358 4194 450 4275; x_wconf 90' lang='lat' dir='ltr'>dera,</span> <span class='ocrx_word' id='word_1_313' title='bbox 462 4192 655 4276; x_wconf 89' lang='lat' dir='ltr'>juramento</span> <span class='ocrx_word' id='word_1_314' title='bbox 665 4191 790 4257; x_wconf 91' lang='lat' dir='ltr'>vallata</span> <span class='ocrx_word' id='word_1_315' title='bbox 801 4192 969 4278; x_wconf 89' lang='lat' dir='ltr'>precipue,</span> <span class='ocrx_word' id='word_1_316' title='bbox 983 4213 1051 4257; x_wconf 92' lang='lat' dir='ltr'>non</span> <span class='ocrx_word' id='word_1_317' title='bbox 1062 4199 1244 4272; x_wconf 86' lang='lat' dir='ltr'>servantes,</span> <span class='ocrx_word' id='word_1_318' title='bbox 1256 4201 1291 4256; x_wconf 90' lang='lat' dir='ltr'>et</span> <span class='ocrx_word' id='word_1_319' title='bbox 1303 4193 1351 4257; x_wconf 91' lang='lat' dir='ltr'>sic</span> <span class='ocrx_word' id='word_1_320' title='bbox 1364 4193 1471 4257; x_wconf 89' lang='lat' dir='ltr'>multo</span> <span class='ocrx_word' id='word_1_321' title='bbox 1483 4194 1588 4277; x_wconf 86' lang='lat' dir='ltr'>magis</span> <span class='ocrx_word' id='word_1_322' title='bbox 1605 4194 1647 4259; x_wconf 92' lang='lat' dir='ltr'>ad</span> <span class='ocrx_word' id='word_1_323' title='bbox 1663 4213 1725 4259; x_wconf 94' lang='lat' dir='ltr'>nos</span> 
     </span>
     <span class='ocr_line' id='line_1_35' title="bbox 358 4291 1726 4381; baseline 0 -22"><span class='ocrx_word' id='word_1_324' title='bbox 358 4294 414 4379; x_wconf 90' lang='lat' dir='ltr'>qui</span> <span class='ocrx_word' id='word_1_325' title='bbox 435 4291 617 4379; x_wconf 88' lang='lat' dir='ltr'>potestatis</span> <span class='ocrx_word' id='word_1_326' title='bbox 641 4292 849 4378; x_wconf 89' lang='lat' dir='ltr'>plenitudine</span> <span class='ocrx_word' id='word_1_327' title='bbox 873 4294 1040 4378; x_wconf 82' lang='lat' dir='ltr'>fungimur</span> <span class='ocrx_word' id='word_1_328' title='bbox 1054 4295 1151 4359; x_wconf 90' lang='lat' dir='ltr'>nobis</span> <span class='ocrx_word' id='word_1_329' title='bbox 1178 4298 1305 4360; x_wconf 87' lang='lat' dir='ltr'>exalto</span> <span class='ocrx_word' id='word_1_330' title='bbox 1332 4316 1500 4377; x_wconf 89' lang='lat' dir='ltr'>concesse,</span> <span class='ocrx_word' id='word_1_331' title='bbox 1518 4296 1726 4381; x_wconf 84' lang='lat' dir='ltr'>singulariter</span> 
     </span>
     <span class='ocr_line' id='line_1_36' title="bbox 357 4395 1725 4484; baseline 0 -20"><span class='ocrx_word' id='word_1_332' title='bbox 357 4397 529 4484; x_wconf 89' lang='lat' dir='ltr'>pertinere</span> <span class='ocrx_word' id='word_1_333' title='bbox 539 4395 723 4462; x_wconf 89' lang='lat' dir='ltr'>dinoscitur</span> <span class='ocrx_word' id='word_1_334' title='bbox 734 4396 767 4461; x_wconf 92' lang='lat' dir='ltr'>in</span> <span class='ocrx_word' id='word_1_335' title='bbox 778 4397 953 4463; x_wconf 88' lang='lat' dir='ltr'>universali</span> <span class='ocrx_word' id='word_1_336' title='bbox 967 4398 1115 4464; x_wconf 86' lang='lat' dir='ltr'>Ecclesia</span> <span class='ocrx_word' id='word_1_337' title='bbox 1125 4406 1290 4464; x_wconf 74' lang='lat' dir='ltr'>cunctare</span> <span class='ocrx_word' id='word_1_338' title='bbox 1306 4399 1566 4482; x_wconf 85' lang='lat' dir='ltr'>congregatione</span> <span class='ocrx_word' id='word_1_339' title='bbox 1577 4399 1725 4464; x_wconf 86' lang='lat' dir='ltr'>fidelium</span> 
     </span>
     <span class='ocr_line' id='line_1_37' title="bbox 358 4500 1726 4588; baseline -0.001 -20"><span class='ocrx_word' id='word_1_340' title='bbox 358 4522 475 4570; x_wconf 92' lang='lat' dir='ltr'>eorum</span> <span class='ocrx_word' id='word_1_341' title='bbox 496 4500 676 4588; x_wconf 91' lang='lat' dir='ltr'>reprimere</span> <span class='ocrx_word' id='word_1_342' title='bbox 692 4510 727 4565; x_wconf 89' lang='lat' dir='ltr'>et</span> <span class='ocrx_word' id='word_1_343' title='bbox 743 4500 907 4566; x_wconf 82' lang='lat' dir='ltr'>refrenare</span> <span class='ocrx_word' id='word_1_344' title='bbox 924 4510 1063 4567; x_wconf 87' lang='lat' dir='ltr'>conatus</span> <span class='ocrx_word' id='word_1_345' title='bbox 1087 4502 1141 4586; x_wconf 92' lang='lat' dir='ltr'>qui</span> <span class='ocrx_word' id='word_1_346' title='bbox 1159 4502 1249 4587; x_wconf 87' lang='lat' dir='ltr'>pacis</span> <span class='ocrx_word' id='word_1_347' title='bbox 1267 4502 1377 4567; x_wconf 78' lang='lat' dir='ltr'>t&#39;erlera</span> <span class='ocrx_word' id='word_1_348' title='bbox 1394 4502 1587 4586; x_wconf 73' lang='lat' dir='ltr'>irrlrirrgrrnt⁶</span> <span class='ocrx_word' id='word_1_349' title='bbox 1603 4524 1662 4568; x_wconf 91' lang='lat' dir='ltr'>seu</span> <span class='ocrx_word' id='word_1_350' title='bbox 1678 4502 1726 4566; x_wconf 89' lang='lat' dir='ltr'>ni·</span> 
     </span>
     <span class='ocr_line' id='line_1_38' title="bbox 358 4604 1727 4691; baseline -0.001 -19"><span class='ocrx_word' id='word_1_351' title='bbox 358 4615 477 4672; x_wconf 92' lang='lat' dir='ltr'>tuntur</span> <span class='ocrx_word' id='word_1_352' title='bbox 501 4604 678 4690; x_wconf 85' lang='lat' dir='ltr'>infringere</span> <span class='ocrx_word' id='word_1_353' title='bbox 703 4625 743 4670; x_wconf 93' lang='lat' dir='ltr'>ac</span> <span class='ocrx_word' id='word_1_354' title='bbox 765 4606 955 4691; x_wconf 88' lang='lat' dir='ltr'>juramenta</span> <span class='ocrx_word' id='word_1_355' title='bbox 970 4626 1069 4691; x_wconf 91' lang='lat' dir='ltr'>super</span> <span class='ocrx_word' id='word_1_356' title='bbox 1081 4606 1159 4690; x_wconf 91' lang='lat' dir='ltr'>ipsis</span> <span class='ocrx_word' id='word_1_357' title='bbox 1175 4606 1346 4671; x_wconf 87' lang='lat' dir='ltr'>firmandis</span> <span class='ocrx_word' id='word_1_358' title='bbox 1361 4607 1499 4691; x_wconf 88' lang='lat' dir='ltr'>prestita</span> <span class='ocrx_word' id='word_1_359' title='bbox 1514 4614 1641 4671; x_wconf 89' lang='lat' dir='ltr'>temere</span> <span class='ocrx_word' id='word_1_360' title='bbox 1657 4607 1727 4672; x_wconf 84' lang='lat' dir='ltr'>rio·</span> 
     </span>
     <span class='ocr_line' id='line_1_39' title="bbox 358 4708 1727 4795; baseline 0.001 -20"><span class='ocrx_word' id='word_1_361' title='bbox 358 4713 438 4792; x_wconf 88' lang='lat' dir='ltr'>lare,</span> <span class='ocrx_word' id='word_1_362' title='bbox 460 4709 676 4775; x_wconf 84' lang='lat' dir='ltr'>advertentes</span> <span class='ocrx_word' id='word_1_363' title='bbox 697 4708 831 4795; x_wconf 90' lang='lat' dir='ltr'>insuper</span> <span class='ocrx_word' id='word_1_364' title='bbox 855 4712 1033 4776; x_wconf 91' lang='lat' dir='ltr'>nonnullas</span> <span class='ocrx_word' id='word_1_365' title='bbox 1055 4712 1135 4776; x_wconf 88' lang='lat' dir='ltr'>alias</span> <span class='ocrx_word' id='word_1_366' title='bbox 1161 4710 1428 4777; x_wconf 91' lang='lat' dir='ltr'>circumstantias</span> <span class='ocrx_word' id='word_1_367' title='bbox 1453 4732 1534 4795; x_wconf 92' lang='lat' dir='ltr'>quas</span> <span class='ocrx_word' id='word_1_368' title='bbox 1562 4713 1647 4777; x_wconf 89' lang='lat' dir='ltr'>circa</span> <span class='ocrx_word' id='word_1_369' title='bbox 1663 4712 1727 4777; x_wconf 75' lang='lat' dir='ltr'>laec</span> 
     </span>
     <span class='ocr_line' id='line_1_40' title="bbox 359 4812 1727 4902; baseline -0.001 -21"><span class='ocrx_word' id='word_1_370' title='bbox 359 4812 587 4881; x_wconf 88' lang='lat' dir='ltr'>attendendas</span> <span class='ocrx_word' id='word_1_371' title='bbox 614 4812 703 4896; x_wconf 89' lang='lat' dir='ltr'>juste</span> <span class='ocrx_word' id='word_1_372' title='bbox 734 4814 1011 4880; x_wconf 91' lang='lat' dir='ltr'>considerationis</span> <span class='ocrx_word' id='word_1_373' title='bbox 1049 4814 1220 4899; x_wconf 87' lang='lat' dir='ltr'>diligentia</span> <span class='ocrx_word' id='word_1_374' title='bbox 1257 4815 1445 4899; x_wconf 89' lang='lat' dir='ltr'>persuadet,</span> <span class='ocrx_word' id='word_1_375' title='bbox 1477 4825 1613 4902; x_wconf 88' lang='lat' dir='ltr'>propter</span> <span class='ocrx_word' id='word_1_376' title='bbox 1645 4837 1727 4901; x_wconf 91' lang='lat' dir='ltr'>quas</span> 
     </span>
     <span class='ocr_line' id='line_1_41' title="bbox 358 4915 1726 5005; baseline 0.001 -22"><span class='ocrx_word' id='word_1_377' title='bbox 358 4917 599 5005; x_wconf 88' lang='lat' dir='ltr'>premissorum</span> <span class='ocrx_word' id='word_1_378' title='bbox 613 4915 706 5002; x_wconf 86' lang='lat' dir='ltr'>pacis</span> <span class='ocrx_word' id='word_1_379' title='bbox 715 4926 750 4984; x_wconf 91' lang='lat' dir='ltr'>et</span> <span class='ocrx_word' id='word_1_380' title='bbox 762 4917 1026 5003; x_wconf 89' lang='lat' dir='ltr'>juramentorum</span> <span class='ocrx_word' id='word_1_381' title='bbox 1043 4918 1255 4983; x_wconf 91' lang='lat' dir='ltr'>observantia</span> <span class='ocrx_word' id='word_1_382' title='bbox 1282 4918 1434 5004; x_wconf 83' lang='lat' dir='ltr'>prolecto</span> <span class='ocrx_word' id='word_1_383' title='bbox 1459 4918 1580 4988; x_wconf 85' lang='lat' dir='ltr'>insidet</span> <span class='ocrx_word' id='word_1_384' title='bbox 1601 4927 1635 4984; x_wconf 92' lang='lat' dir='ltr'>et</span> <span class='ocrx_word' id='word_1_385' title='bbox 1651 4919 1726 4984; x_wconf 91' lang='lat' dir='ltr'>insi-</span> 
     </span>
    </p>
   </div>
   <div class='ocr_carea' id='block_1_3' title="bbox 392 5144 1122 5208">
    <p class='ocr_par' dir='ltr' id='par_1_3' title="bbox 392 5144 1122 5208">
     <span class='ocr_line' id='line_1_42' title="bbox 392 5144 1122 5208; baseline 0.001 -14"><span class='ocrx_word' id='word_1_386' title='bbox 392 5163 418 5197; x_wconf 86' lang='lat' dir='ltr'>a.</span> <span class='ocrx_word' id='word_1_387' title='bbox 431 5147 518 5194; x_wconf 82' lang='lat' dir='ltr'>iuerat</span> <span class='ocrx_word' id='word_1_388' title='bbox 530 5159 638 5208; x_wconf 68' lang='lat' dir='ltr'>arcaque</span> <span class='ocrx_word' id='word_1_389' title='bbox 651 5160 701 5208; x_wconf 68' lang='lat' dir='ltr'>reg.</span> <span class='ocrx_word' id='word_1_390' title='bbox 714 5172 746 5184; x_wconf 94' lang='lat'>-</span> <span class='ocrx_word' id='word_1_391' title='bbox 758 5144 781 5195; x_wconf 79' lang='lat' dir='ltr'>a.</span> <span class='ocrx_word' id='word_1_392' title='bbox 793 5146 938 5206; x_wconf 77' lang='lat' dir='ltr'>infringunt</span> <span class='ocrx_word' id='word_1_393' title='bbox 953 5160 1061 5208; x_wconf 73' lang='lat' dir='ltr'>ararique</span> <span class='ocrx_word' id='word_1_394' title='bbox 1072 5160 1122 5206; x_wconf 72' lang='lat' dir='ltr'>rap.</span> 
     </span>
    </p>
   </div>
   <div class='ocr_carea' id='block_1_4' title="bbox 0 0 2210 6017">
    <p class='ocr_par' dir='ltr' id='par_1_4' title="bbox 0 0 2210 6017">
     <span class='ocr_line' id='line_1_43' title="bbox 0 0 2210 6017; baseline 0 2"><span class='ocrx_word' id='word_1_395' title='bbox 0 0 2210 6017; x_wconf 95' lang='lat' dir='ltr'> </span> 
     </span>
    </p>
   </div>
  </div>
 </body>
</html>
