4409 6017
916 700 1084 779 Quatribme
1106 701 1208 766 annae.
1682 704 1743 767 327

417 848 545 934 805.
1425 866 1582 944 1320,¹18
1596 885 1700 929 enarr.

416 967 565 1035 Liberto
589 968 632 1034 de
659 967 810 1044 Landris,
833 966 998 1034 canonico
1025 966 1215 1048 Leodiensi,
1238 966 1462 1033 committitur
1487 986 1587 1032 causa
1610 976 1744 1032 vertens

403 1081 466 1138 iter
481 1077 642 1139 abbatem
657 1083 692 1138 et
708 1082 914 1139 conventum
930 1071 1124 1138 monasterii
1135 1071 1168 1138 S.
1184 1070 1360 1153 Trudonis,
1373 1066 1418 1136 Ὀ.
1435 1071 1467 1137 S.
1484 1069 1533 1150 Β,
1550 1070 1744 1137 Leodiensis

403 1177 534 1257 iocesis,
547 1198 588 1242 ex
605 1197 670 1243 una
694 1187 799 1262 parte,
816 1185 850 1241 et
865 1175 1100 1241 universitates
1116 1166 1268 1240 villarum
1294 1175 1336 1240 de
1362 1174 1500 1240 Halleer
1519 1175 1550 1238 le
1566 1171 1683 1253 Grant,
1702 1174 1743 1238 de

404 1290 485 1347 :eest
501 1282 614 1347 Sancti
631 1280 795 1359 lobannis
814 1280 906 1346 etde
928 1278 1091 1365 Wanghe,
1109 1300 1150 1344 ex
1165 1280 1281 1359 altera,
1298 1298 1396 1365 super
1416 1278 1613 1363 quibusdam
1628 1277 1745 1343 annuis

403 1387 546 1452 ensibus.

422 1489 610 1575 Conquesti
628 1499 739 1555 sunt...

423 1592 506 1659 Dat.
522 1594 622 1659 Avin.
643 1614 679 1678 15
697 1593 762 1659 kal.
778 1593 890 1679 aprilis
905 1612 994 1658 anno
1010 1615 1041 1676 4.

410 1732 530 1792 original
541 1747 593 1781 aux
605 1732 729 1781 Archires
739 1731 772 1781 de
783 1718 866 1781 l'l'ltat
884 1734 898 1779 ir
922 1730 1031 1788 Haaselt,
1051 1730 1154 1777 obantes
1170 1729 1203 1778 de
1223 1729 1402 1781 Salat-Trond.
1418 1758 1449 1765 -
1461 1731 1526 1790 Piot,
1549 1731 1698 1780 (lanuto-re
1714 1730 1745 1777 de

404 1814 499 1878 abbaye
510 1813 541 1861 de
552 1814 734 1875 &rar-rrum,
746 1822 765 1863 t.
779 1814 798 1872 l,
812 1829 836 1877 p.
849 1816 896 1862 452
908 1815 1013 1875 (texte).

420 1986 542 2068 806.
1453 2023 1470 2065 r
1497 2021 1539 2065 20
1566 1999 1699 2065 davril.

419 2106 542 2183 Azoni,
571 2113 654 2171 nato
680 2104 801 2171 nobilis
827 2103 888 2168 viri
916 2102 1044 2170 Giberti
1069 2104 1112 2169 de
1137 2103 1295 2188 Corrigia,
1326 2022 1495 2170 confertui
1525 2053 1744 2170 canonicatus

403 2209 521 2275 :closie
539 2208 734 2276 Leodiensis
748 2211 808 2275 sub
825 2208 1062 2293 expectatione
1078 2208 1258 2295 prebende,
1286 2229 1353 2274 non
1377 2211 1534 2275 obstante
1557 2209 1646 2294 quod
1663 2209 1695 2272 in
1711 2208 1743 2271 S.

403 2313 532 2379 ιοηηίηἰ
560 2314 602 2379 de
628 2313 749 2398 Burgo,
775 2312 962 2378 Parmensis
986 2312 1161 2393 diocesis⁰,
1178 2313 1421 2398 preposituram
1444 2335 1484 2379 ac
1511 2314 1544 2378 in
1571 2312 1743 2378 Parisiensi

403 2419 530 2483 :clesiis
546 2418 782 2484 canonicatum
798 2426 833 2482 et
849 2416 1056 2502 prebendam
1072 2418 1213 2483 obtinet.

418 2521 496 2587 Tua
511 2533 546 2587 et
561 2534 727 2589 tuorum...

420 2627 503 2694 Dat.
519 2628 619 2693 Avin.
638 2632 655 2692 6
672 2627 714 2693 id.
732 2627 844 2713 aprilis
860 2647 949 2693 anno
966 2652 996 2713 4.

421 2730 463 2797 In
480 2753 510 2797 e.
526 2754 571 2798 m.
582 2732 696 2798 abbati
710 2732 903 2798 monasterii
919 2732 951 2798 S.
968 2730 987 2809 J
990 2733 1087 2798 acobi
1104 2730 1300 2798 Leodiensis
1315 2739 1350 2797 et
1364 2730 1536 2817 preposito
1553 2729 1740 2796 Novarien-

404 2857 420 2901 s
436 2857 477 2902 ac
489 2835 729 2902 Bartholomeo
744 2836 785 2901 de
803 2833 1041 2918 Mairaonibus‚
1057 2836 1221 2903 canonico
1237 2834 1256 2916 J
1259 2836 1415 2903 anuensis
1429 2836 1655 2902 ecclesiarum.

407 2973 472 3036 neg.
484 2972 544 3024 rat.
558 2975 594 3034 ro,
608 2974 701 3033 cauo,
713 2988 738 3024 n.
752 2976 807 3025 ero.

420 3139 540 3224 807.
1433 3175 1526 3239 1320,
1545 3176 1586 3222 10
1601 3156 1697 3223 avril.

424 3258 596 3346 Episcopo
611 3257 760 3327 Ostiensi
784 3260 961 3328 mandatur
977 3267 1141 3349 quatenus
1167 3259 1318 3348 perficiat
1345 3262 1630 3350 permutationem
1656 3262 1742 3328 inter

403 3361 577 3431 iicolinum
593 3364 636 3430 de
651 3362 767 3432 Canali
783 3375 818 3432 et
835 3366 1057 3433 Bertholdum
1072 3365 1115 3432 de
1131 3365 1259 3447 Canali,
1275 3367 1317 3431 de
1333 3365 1606 3433 archidiaconatu
1622 3367 1741 3452 Perga-

403 3470 494 3550 1ensi,
511 3490 531 3534 a
546 3469 638 3534 dicto
654 3468 825 3550 Nicolin0,
842 3481 877 3536 et
893 3472 990 3558 plebe
1007 3471 1038 3537 S.
1056 3469 1284 3536 Bartholornei
1298 3469 1340 3534 de
1354 3471 1511 3536 Rivoalto
1527 3473 1569 3537 de
1582 3471 1741 3551 VenetiiS,

405 3576 569 3640 astellane
597 3573 749 3656 diocesis,
775 3596 795 3640 a
819 3575 912 3641 dicto
938 3574 1124 3641 Bertholdo
1155 3573 1340 3658 resignatis,
1363 3595 1432 3640 non
1463 3578 1618 3641 obstante
1652 3575 1741 3660 quod

403 3678 556 3744 sicolinus
571 3677 604 3741 in
622 3676 807 3744 Morinensi
824 3688 858 3744 et
875 3678 1052 3744 S.Martini
1069 3678 1283 3758 Turonensis,
1301 3686 1335 3743 et
1352 3676 1555 3745 Bertholdus
1570 3680 1604 3744 in
1623 3679 1741 3744 eadem

404 3783 592 3868 ergamensi
609 3791 643 3847 et
659 3782 690 3849 S.
708 3783 839 3848 Nazarii
859 3782 1124 3851 Mediolanensis
1140 3782 1358 3848 canonicatus
1373 3792 1408 3847 et
1423 3782 1620 3868 prebendas
1637 3782 1741 3848 idem-

403 3913 442 3957 ue
460 3889 664 3957 Bertholdus
680 3889 713 3952 in
730 3889 784 3954 SS.
802 3887 935 3954 Nazarii
951 3896 986 3953 et
1003 3886 1092 3952 Celsi
1109 3886 1151 3952 de
1168 3885 1323 3971 VirganO,
1340 3886 1573 3971 Pergamensis
1587 3886 1740 3967 diocesis,

403 3996 575 4062 lericatum
591 4003 626 4060 et
641 4000 842 4080 perpetuum
858 3991 1061 4057 beneficium
1077 3989 1245 4069 obtinent,
1262 4010 1395 4056 necnon
1413 3989 1446 4056 N
1451 3990 1589 4056 icolinus
1601 3978 1645 4054 'in
1663 3990 1739 4054 Per-

404 4100 525 4166 rmensi
554 4102 614 4164 sub
641 4098 876 4184 expectatione
902 4095 1071 4183 prebende
1099 4095 1133 4159 in
1159 4094 1358 4159 canonicum
1385 4102 1437 4161 est
1462 4105 1617 4182 receptus
1644 4106 1678 4160 et
1706 4096 1739 4160 in

403 4256 408 4270 .
426 4203 566 4269 Martini
583 4200 732 4267 ecclesiis
744 4201 816 4285 jam
840 4200 939 4265 dictis
954 4198 1211 4285 preposituram,
1226 4198 1296 4263 sine
1312 4218 1400 4279 cura,
1416 4208 1583 4285 expectat,
1600 4207 1635 4264 et
1649 4199 1740 4283 quod

403 4309 485 4375 ictus
503 4305 680 4372 Nicolinus
696 4304 729 4368 in
745 4304 881 4369 defectu
896 4303 999 4369 etatis
1015 4302 1130 4368 existit
1146 4303 1205 4387 (24
1221 4302 1328 4384 aun).

419 4411 507 4476 Cum
523 4409 679 4475 dilecti...

418 4515 499 4579 Dat.
515 4512 648 4597 Arin4
666 4511 708 4577 id.
724 4512 836 4597 aprilis
853 4532 943 4576 anuo
958 4533 989 4596 4.

410 4657 473 4716 Rea.
488 4656 547 4704 tat.
560 4658 600 4714 70,
614 4656 633 4709 i.
648 4657 713 4713 354',
728 4671 752 4702 n.
767 4656 820 4702 199.

419 4831 538 4914 808.
1428 4856 1524 4918 1520,
1541 4856 1582 4898 ro
1597 4834 1695 4899 avril.

421 4948 594 5033 Raynerio
618 4946 660 5011 de
686 4944 860 5020 Ricasulis,
888 4943 1051 5008 canonico
1076 4940 1319 5020 Cameracensi,
1346 4939 1533 5025 indulgetur
1556 4951 1591 5004 ut
1616 4940 1739 5004 fructus

410 5173 435 5205 u.
455 5158 479 5204 S.
494 5157 596 5203 lJrrnrini
607 5155 639 5201 dc
653 5155 738 5216 Burgo
752 5155 900 5201 l'arisiensis
912 5152 1078 5216 diocesiercq.
