4409 6017
454 676 514 740 622

486 840 540 905 die,
556 846 617 901 227.
633 846 694 901 228.
709 847 770 903 230,
793 847 854 902 231,
873 848 934 902 232,
953 848 1014 904 233,
1033 848 1101 905 234;

485 952 518 959 —-
531 921 592 985 ejus
605 925 719 989 mpell,
729 924 829 976 Petrus
842 925 878 977 de
892 924 1021 977 Camera.

447 1004 609 1068 Brabantia,
628 1004 719 1057 Maria
734 1005 779 1066 de,
796 1006 939 1059 comitissa
953 1007 1100 1071 Juliacen.,

483 1091 545 1139 983.

450 1170 612 1224 Braibanria
634 1171 787 1235 (Brebant),
809 1170 953 1233 Iohannes
974 1172 1019 1231 de,
1041 1187 1102 1224 can.

482 1252 562 1314 preb.
583 1253 616 1304 B.
636 1252 726 1308 Marie
746 1253 919 1305 Namurcen.
939 1264 965 1305 et
985 1252 1013 1304 S.
1035 1252 1103 1305 Lau-

483 1333 563 1385 rentii
585 1334 621 1388 de
643 1334 757 1393 Roscto,
779 1350 840 1386 cun.
862 1334 914 1386 sub
937 1350 999 1396 exp.
1022 1333 1101 1397 preb.

485 1413 517 1466 B.
537 1414 628 1466 Marie
647 1414 846 1476 Antwerpien,
864 1425 955 1466 rector
973 1414 1101 1476 parroch,

485 1497 552 1547 eccl.
572 1495 608 1546 de
626 1494 706 1556 Kays
721 1495 802 1546 etde
822 1495 920 1555 Lilct0,
939 1500 1000 1556 596,
1020 1500 1097 1548 1159.

445 1581 597 1644 Brancons‚
627 1581 771 1633 Gerardus
798 1581 843 1643 de,
871 1597 932 1633 can.
958 1581 1011 1633 sub
1039 1599 1100 1645 exp.

483 1661 562 1724 preb.
584 1663 619 1713 de
644 1662 745 1723 Fossis,
767 1673 859 1713 rector
879 1661 1009 1725 parroch.
1032 1666 1099 1717 eccl.

482 1742 518 1794 de
538 1742 673 1804 Ugheles,
696 1746 774 1797 1178.

443 1829 633 1895 Brundavilla,
663 1828 849 1883 Brandeville.

444 1910 866 1971 BraudevillelBrondavillu)‚
889 1909 1006 1970 France,
1029 1909 1094 1972 dep.

480 1990 590 2051 Meuse,
608 1989 680 2043 dioc.
698 1989 803 2042 Reims,

440 2099 473 2108 —
493 2071 631 2124 Patronus
651 2075 725 2133 eccl,
747 2072 888 2124 Robertus
907 2072 944 2123 de
962 2071 1097 2125 Curtinia-

443 2169 529 2300 Bribop
544 2232 869 2295 sur-Selnefflraunrn),
888 2233 1005 2295 France,
1024 2232 1089 2296 dep.

470 2312 718 2372 Scine-etMarne,
740 2315 812 2367 dioc.
834 2314 912 2366 Sens.

438 2426 473 2434 —
495 2398 573 2451 Eccl.
599 2399 662 2453 coll.
687 2400 714 2454 S,
740 2399 838 2459 Marie,
863 2428 895 2434 -
917 2400 1042 2451 decanus
1066 2410 1092 2451 et

472 2495 536 2530 can.
552 2479 639 2541 preb,
656 2480 822 2542 Franciscus
835 2480 871 2531 de
886 2480 1054 2542 Columpna.

437 2564 573 2631 Eranam,
593 2564 830 2627 bray-sur-selne.

436 2651 569 2713 Brebant,
590 2651 733 2713 Johannes
752 2653 797 2713 de,
817 2670 843 2704 v.
863 2652 1035 2706 Braibantia.

433 2732 526 2794 Breve,
543 2732 653 2793 Breelrr,
671 2732 783 2785 Brecht.

439 2813 671 2875 Brecntlssrece,
697 2814 814 2876 Bracae),
838 2813 984 2876 Belgique,
1008 2831 1085 2877 prov.

470 2893 588 2954 Anvers,
605 2894 676 2945 dioc.
693 2893 834 2946 Cambrai.

431 3007 464 3014 -
490 2979 620 3042 Persone,
647 2979 808 3032 Bernardus
832 2981 868 3033 de
892 2982 972 3043 Rivo,
997 2983 1089 3045 Roge-

469 3076 514 3111 rus
532 3060 660 3115 Mellerii.

436 3146 601 3196 Breedene
622 3141 813 3204 (Brennum),
839 3143 985 3206 Belgique.
1008 3161 1085 3206 prov.

474 3221 495 3270 F
499 3221 596 3272 landre
620 3221 725 3283 Occid,
750 3223 821 3279 dioc,
848 3225 981 3276 Tuurnai.

430 3335 463 3344 —
484 3307 587 3358 Rector
611 3310 688 3366 eccl..
714 3308 812 3361 Petrus
836 3312 871 3363 de
896 3312 991 3366 Ulmo.

407 3413 414 3421 ·
432 3388 546 3442 Βτόηιε
583 3388 737 3451 (Bronten),
751 3423 756 3430 ·
770 3391 948 3453 Allenragnc.

429 3495 461 3502 -
481 3468 726 3532 Arclriepiscopus.
750 3475 811 3524 717.

427 3580 459 3588 -
482 3553 558 3609 Eccl.
582 3555 760 3624 cathedralis,
781 3586 814 3593 —
835 3558 992 3620 prepositus
1017 3560 1084 3612 Rus·

467 3634 595 3697 tringhie,
611 3635 794 3689 Everhardus
807 3639 844 3690 de
857 3632 1083 3704 Wildeshusen;

464 3743 496 3749 —-
515 3731 576 3767 can.
598 3717 685 3777 preb..
705 3718 836 3770 Albertus
866 3719 1014 3783 episcopus
1034 3722 1082 3773 Pa·

464 3795 573 3852 tavien..
602 3797 783 3849 Everhardus
810 3800 846 3851 de
873 3800 1081 3858 Wildeshusun.

424 3904 456 3911 -
473 3876 550 3930 Eccl.
567 3878 595 3932 S.
613 3878 749 3944 Anscarii,
766 3909 799 3916 —
814 3883 981 3945 prepositus
998 3883 1081 3937 Ever-

463 3957 569 4008 hardus
600 3959 635 4010 de
666 3952 885 4017 Wildcshusen.

423 4070 455 4077 -
477 4042 606 4097 Ecclesia
628 4045 778 4106 collegiata
799 4046 879 4108 dioc„
904 4049 1080 4116 Hambourg.

422 4157 455 4165 -
488 4129 618 4183 Ecclesia
648 4130 728 4194 dioc,
762 4132 945 4198 Geucrslorpe.

423 4210 596 4274 Brernlenun,
615 4212 772 4266 Brcedene.

426 4297 555 4344 Brescla
582 4290 738 4354 (lirinienl
768 4294 855 4349 Italic.

425 4397 453 4404 -
475 4369 640 4434 Episcopus.
662 4379 723 4434 804,
743 4380 805 4437 895,
827 4382 887 4438 994,
909 4384 987 4432 1042.

420 4483 453 4490 -
474 4455 550 4507 Eccl.
572 4458 748 4519 cathedralis,
769 4490 801 4498 -
821 4480 881 4514 can.
901 4466 988 4527 preb,
1010 4465 1076 4519 Cre·

455 4538 550 4597 gorius
569 4538 605 4589 de
625 4539 760 4596 Civitella.

418 4649 451 4657 —
476 4622 606 4675 Ecclesia
630 4624 710 4690 dioc,
737 4627 891 4689 Limonum.

420 4735 449 4742 —
469 4725 495 4757 v.
521 4708 616 4761 Brixia
639 4712 702 4774 (de).

418 4794 581 4854 Brelagne
606 4791 787 4857 (Britannia).

420 4893 451 4901 —
473 4867 578 4932 Duces,
597 4872 724 4937 ArturuS,
743 4876 895 4936 Johannes.

928 675 1090 741 Brahantia
1110 713 1151 726 -

1173 677 1331 758 Briquebee

1158 872 1191 879 —
1219 842 1338 907 Capella
1367 843 1395 895 S.
1425 842 1522 905 Mane,
1553 871 1588 881 -
1617 843 1728 907 capell,
1753 843 1796 896 Phi·

1192 926 1283 988 lippus
1299 924 1424 979 Roberti.

1158 1006 1352 1066 Brenenowen,
1371 1005 1509 1060 BrennoV.

1160 1095 1310 1140 Brennov
1332 1086 1546 1149 (Breucorum),
1577 1087 1716 1149 Boheme,
1740 1087 1797 1142 dioc.

1190 1166 1310 1229 Prague.
1561 1223 1563 1228 ,

1158 1275 1189 1282 -
1201 1247 1408 1303 Monasterium
1426 1248 1460 1300 O.
1473 1249 1500 1303 S.
1513 1249 1544 1300 B.
1564 1279 1597 1286 —
1615 1250 1717 1317 abbas,
1735 1256 1796 1307 1600.

1157 1327 1257 1393 Breya,
1270 1328 1295 1379 N
1300 1329 1405 1383 icolaus
1424 1329 1468 1392 de,
1488 1346 1550 1385 can.
1568 1330 1739 1389 Tornacen..
1750 1337 1796 1388 119.

1154 1408 1233 1472 Brea,
1268 1412 1345 1463 locus
1377 1428 1466 1473 prope
1500 1411 1706 1475 Gordanicum,
1737 1412 1794 1467 dioc.

1192 1489 1272 1551 Ηώς,
1296 1496 1373 1545 1001.
1404 1533 1405 1537 ,

1153 1571 1232 1632 Bria,
1253 1572 1325 1624 Brie.

1152 1651 1225 1714 Bria,
1250 1653 1393 1714 Johannes
1416 1654 1461 1716 de,
1486 1658 1552 1709 cler.
1576 1656 1665 1720 Petri,
1688 1655 1796 1721 episcopi

1188 1734 1380 1793 Cameracen,
1409 1740 1486 1789 1026.

1153 1814 1260 1871 Briaco,
1290 1815 1433 1876 Johannes
1461 1817 1505 1878 de,
1534 1817 1645 1880 (forsan
1673 1819 1746 1874 idern
1770 1836 1795 1872 ac

1187 1895 1330 1956 Johannes
1345 1896 1380 1947 dc
1398 1897 1512 1959 Buaco),
1526 1914 1587 1953 can.
1601 1900 1682 1962 preb.
1694 1902 1722 1953 S.
1734 1900 1793 1953 Petri

1184 1977 1220 2027 dc
1247 1978 1339 2029 Insula
1363 1988 1389 2033 et
1413 1977 1589 2040 S.Johannis
1613 1982 1651 2033 de
1676 1982 1794 2044 Nogentu

1186 2057 1311 2116 Retrodi
1328 2075 1388 2110 can.
1404 2059 1457 2110 sub
1474 2077 1535 2122 exp.
1552 2061 1634 2124 preb.
1652 2062 1681 2117 S.
1698 2061 1794 2124 Gange

1184 2139 1232 2190 rici
1260 2139 1452 2199 cameracen..
1477 2158 1601 2204 persona
1629 2145 1666 2196 de
1695 2144 1795 2206 Hugne

1185 2217 1253 2280 hies,
1276 2229 1367 2271 rector
1389 2221 1517 2282 parroch.
1539 2225 1608 2276 eccl.
1632 2223 1670 2275 de
1692 2224 1793 2281 Artinis,

1184 2305 1261 2353 1028.

1149 2389 1223 2435 Brle
1240 2381 1339 2443 (Bria),
1358 2382 1604 2435 archidiaconatus
1624 2385 1653 2437 in
1671 2389 1739 2440 eccl.
1756 2386 1791 2436 Pa·

1186 2461 1278 2521 risien,
1303 2474 1330 2514 et
1355 2463 1383 2514 in
1409 2464 1474 2518 eccl.
1502 2464 1639 2530 Melden„
1666 2484 1692 2517 v.
1718 2467 1793 2522 Paris.

1181 2543 1294 2595 Meaux.

1146 2622 1257 2675 Brielen
1303 2623 1415 2678 Brielle.

1147 2713 1265 2760 Brlelle
1303 2705 1449 2768 (Brielen.),
1480 2706 1635 2769 Hollande,
1664 2708 1738 2763 dioc.
1766 2710 1794 2762 l'·

1178 2785 1277 2839 trecht.

1143 2895 1174 2900 -
1200 2866 1276 2919 Eccl.
1304 2868 1375 2930 coll,
1402 2896 1434 2904 -
1460 2868 1594 2927 decanus.
1625 2876 1705 2926 1122.

1141 2948 1309 3010 Brienchon,
1335 2948 1489 3002 Gaufridus
1512 2952 1556 3007 de.
1581 2969 1607 3004 v.
1636 2953 1792 3007 Brienzone.

1141 3028 1295 3084 Brienzone
1333 3031 1521 3096 (Brienchon),
1559 3031 1719 3088 Gaulridus
1754 3037 1791 3095 de,

1177 3126 1237 3162 can.
1281 3110 1497 3173 Rothornagen,
1532 3123 1627 3166 rector
1668 3117 1789 3177 parroch.

1177 3193 1243 3244 eccl.
1265 3191 1292 3241 S.
1314 3191 1412 3252 Jacobi
1431 3192 1467 3243 de
1488 3192 1611 3255 Dieppa,
1634 3200 1696 3251 511.
1719 3201 1787 3249 1323.

1140 3271 1225 3333 Brito,
1254 3272 1398 3333 Johannes
1426 3274 1566 3330 Warnerii
1605 3277 1707 3338 dictus
1736 3295 1786 3331 can.

1172 3353 1224 3404 sub
1252 3370 1314 3416 exp.
1341 3355 1421 3417 preb.
1450 3356 1477 3407 S.
1506 3357 1621 3411 Martini
1651 3359 1785 3413 Leodien.

1173 3439 1251 3486 1239.

1140 3521 1461 3580 Bringhnrst-Eslon
1487 3517 1699 3580 (Brinohpealer
1722 3521 1783 3573 alirn

1173 3593 1296 3657 Eulono),
1323 3596 1500 3658 Anglctcrrc.
1528 3599 1601 3652 dioc.
1630 3601 1752 3655 Lincoln.

1137 3702 1168 3708 -
1196 3675 1300 3726 Rector
1326 3678 1454 3739 parroch.
1482 3683 1556 3740 cccl,
1585 3681 1728 3736 Robertus
1751 3682 1779 3732 dc

1173 3757 1362 3812 Pinclrcbeke.

1136 3836 1332 3896 Brlnnlrnestur
1358 3839 1430 3892 alius
1458 3840 1572 3900 Estona,
1613 3842 1778 3905 Bringliurst-

1169 3917 1266 3969 Eston.

1135 3996 1267 4069 Briooen,
1295 3999 1494 4052 Saint·Brieuc.

1133 4079 1244 4139 Brionc‚
1277 4080 1426 4139 Robertns,
1457 4099 1518 4134 can.
1551 4085 1713 4141 Ebroicen..
1740 4090 1775 4139 30.

1136 4166 1275 4213 Brloude
1295 4161 1463 4225 (urrunnun,
1486 4164 1604 4226 Franco,
1627 4167 1691 4230 dep.
1713 4167 1777 4218 llau·

1167 4239 1297 4302 te-Ltrire,
1325 4241 1398 4295 dioc.
1426 4244 1579 4305 Clernront,
1606 4249 1670 4310 puis
1696 4250 1774 4301 Sainr⁴

1165 4319 1257 4375 Flour.

1131 4427 1163 4434 -
1192 4400 1267 4454 Eccl.
1299 4404 1360 4456 coll.
1391 4406 1416 4456 S.
1446 4405 1557 4467 Juliani,
1588 4437 1621 4446 —-
1648 4410 1772 4463 decanus.

1163 4487 1222 4544 308,
1258 4489 1341 4547 1219,
1375 4514 1407 4522 -
1440 4490 1609 4553 prepositus,
1644 4497 1726 4548 1438:
1754 4509 1774 4544 v.

1165 4561 1301 4616 Eracleus
1324 4564 1359 4617 de
1383 4567 1487 4619 Sancto
1510 4570 1660 4633 Necteri0;
1684 4573 1772 4624 —ab

1100 4666 1102 4679 ι
1163 4641 1221 4700 bas,
1245 4649 1286 4705 17,
1311 4650 1369 4705 150.
1392 4653 1450 4710 154,
1474 4655 1532 4709 155,
1556 4656 1616 4713 156,
1640 4658 1699 4715 189,
1720 4658 1771 4713 190.

1165 4728 1223 4782 192,
1244 4730 1303 4783 193,
1325 4732 1384 4787 194,
1404 4734 1462 4788 195,
1484 4735 1615 4793 198198,
1634 4739 1694 4792 199,
1712 4741 1770 4788 20οῑ

1166 4833 1198 4839 —
1217 4823 1276 4859 can.
1297 4808 1383 4868 preb,
1406 4809 1548 4863 Gerardus
1568 4813 1605 4865 dc
1626 4815 1705 4880 Cros,
1723 4817 1772 4868 Ste

1162 4885 1272 4946 plranns
1303 4888 1446 4950 Carnoris;
1478 4920 1510 4926 κ
1540 4910 1601 4947 can.
1633 4897 1687 4949 sub
1718 4914 1770 4959 exp.

418 4956 545 5012 Breucq
561 4952 707 5015 (Broennr),
729 4955 915 5018 depenrlan‘e
934 4960 970 5011 de
991 4960 1069 5013 Was·
1098 4951 1099 4961 ³
1160 4968 1246 5028 prela,
1267 4969 1406 5024 Robertus
1423 4971 1557 5034 Coyrerii.

453 5030 565 5091 quehal.
585 5033 606 5082 F
610 5049 701 5095 rance,
721 5035 785 5098 dep.
804 5038 891 5099 Nord,
911 5040 1071 5097 dioc.T0ur·
1096 5006 1099 5106 1
1126 5047 1292 5108 Briuuebec¹
1312 5051 1455 5111 Johannes
1473 5053 1516 5112 de,
1534 5072 1596 5107 can.
1617 5058 1769 5113 Abrincen..

453 5110 508 5162 nai.

1094 5185 1097 5198 ,
1158 5133 1218 5182 182.
