4409 6017
848 743 995 811 Premiere
1018 744 1121 812 annes.
1625 749 1665 813 99

363 899 523 966 rDilectis
540 899 615 965 liliis
626 949 648 965 ..
661 897 773 964 abbati
785 898 979 963 monasterii
992 906 1109 964 sancte
1119 897 1292 965 Geuovefe
1304 907 1339 965 et
1351 899 1514 965 ..decano
1526 901 1666 966 ecclesie

331 999 508 1084 hasiensis,
524 1004 667 1069 salutem
683 1012 748 1068 etc.
767 1000 884 1087 Nuper
899 1022 941 1066 ex
957 1011 1053 1088 parte
1075 1002 1189 1068 dilecti
1214 1002 1271 1067 lilii
1294 1002 1416 1069 nobilis
1438 1003 1498 1067 viri
1517 1002 1666 1084 Roberti,

329 1107 439 1173 comitis
459 1107 654 1187 Drocensis,
683 1105 900 1172 Carnotensis
922 1106 1074 1186 diocesis
1100 1106 1162 1172 fuit
1185 1107 1394 1194 propositum
1421 1127 1534 1172 coram
1558 1108 1666 1189 nobis,

328 1210 499 1293 quodlicet
514 1212 586 1297 ipse
602 1232 680 1277 cum
696 1210 800 1275 nobili
815 1210 954 1275 muliere
972 1209 1082 1275 Maria
1097 1210 1140 1275 de
1155 1210 1315 1296 Aynhen,
1332 1209 1582 1277 Cameracensis
1597 1212 1668 1277 dio-

326 1314 400 1388 cesis,
415 1314 669 1381 matrimonium
685 1334 745 1399 per
765 1316 867 1378 verba
884 1314 1088 1379 contraxerit
1111 1314 1259 1398 legitime
1275 1314 1317 1379 de
1333 1315 1478 1400 presenti
1503 1336 1542 1380 ac
1556 1316 1668 1400 huJus·

324 1417 395 1483 nodi
412 1418 666 1484 matrimonium
682 1417 715 1481 in
738 1416 823 1482 facie
839 1416 980 1482 ecclesie
996 1417 1238 1483 solennizatum
1255 1417 1353 1483 fuerit
1368 1418 1455 1482 inter
1470 1439 1538 1498 eos,
1554 1426 1668 1483 tamen

323 1521 527 1604 postmodum
542 1520 634 1586 dicta
648 1520 720 1605 eius
736 1520 877 1605 conjuge
900 1520 1123 1606 pretendente
1146 1542 1181 1585 se
1196 1522 1283 1586 velle
1306 1529 1449 1586 matrem
1471 1542 1565 1585 suam
1588 1535 1669 1586 tunc

320 1625 552 1690 consistentem
567 1624 600 1688 in
617 1623 755 1689 remotis
767 1624 917 1709 partibus
927 1623 1072 1704 visitare,
1083 1624 1220 1708 quidam
1235 1625 1305 1709 ejus
1321 1624 1569 1707 consanguinei,
1581 1625 1669 1709 prius

317 1727 498 1813 excogitata
522 1727 659 1808 malitia,
676 1726 817 1792 eandem
842 1726 885 1792 ad
910 1736 1022 1812 partes
1038 1726 1205 1808 Flandrie,
1222 1726 1310 1792 unde
1334 1726 1475 1792 traxisse
1499 1726 1671 1792 dicebatur

316 1830 482 1914 originem,
498 1829 718 1909 adduxerunt,
734 1830 776 1896 de
792 1831 967 1895 voluntate
984 1839 1097 1895 tamen
1114 1830 1217 1916 ipsius
1233 1829 1375 1910 comitis,
1388 1829 1488 1915 quiin
1501 1829 1564 1895 hac
1576 1838 1670 1916 parte

312 1932 457 1997 exhiberi
485 1932 648 1998 malitiam
674 1932 857 2017 ignorabat,
885 1932 1058 2018 ipsamque
1082 1934 1296 1999 detinuerunt
1326 1940 1362 1997 et
1385 1932 1495 1997 adhuc
1518 1932 1671 1998 detinent

311 2046 426 2100 contra
443 2036 655 2100 voluntatem
675 2035 808 2101 comitis
828 2034 1019 2121 supradicti.
1035 2036 1148 2119 Quare
1163 2058 1204 2100 ex
1220 2044 1314 2122 parte
1329 2035 1411 2100 dicti
1427 2035 1561 2101 comitis
1577 2037 1673 2103 nobis

310 2135 367 2202 fuit
380 2137 555 2203 humiliter
565 2138 789 2223 supplicatum
799 2146 836 2203 ut
848 2138 1023 2224 providere
1033 2138 1094 2204 sibi
1108 2158 1206 2224 super
1216 2138 1281 2204 hoc
1292 2137 1335 2203 de
1345 2146 1513 2224 oportuno
1525 2139 1673 2206 remedio

308 2241 533 2326 dignaremur.
546 2241 713 2325 Quocirca
728 2242 920 2307 discretioni
937 2250 1047 2307 vestre
1063 2263 1123 2329 per
1138 2242 1323 2328 apostolica
1339 2241 1462 2328 scripta
1476 2242 1674 2308 mandamus

308 2354 486 2429 quatenus,
499 2343 526 2410 si
542 2352 592 2409 est
609 2346 665 2424 ita,
682 2345 846 2429 prefatam
861 2345 1045 2427 mulierem,
1061 2345 1153 2431 quod
1167 2346 1210 2411 ad
1226 2345 1370 2411 eundem
1385 2346 1545 2412 comitem
1560 2346 1674 2412 redeat

308 2458 342 2514 et
357 2448 422 2514 sibi
438 2448 631 2534 conjugales
652 2448 792 2514 affectus
807 2449 974 2529 exhibeat,
991 2457 1027 2515 ut
1043 2457 1186 2530 tenetur,
1211 2470 1344 2515 necnon
1369 2470 1596 2535 quoscumque
1619 2450 1676 2516 de-

308 2563 462 2619 tentores
478 2553 590 2638 ipsius,
606 2553 697 2638 quod
713 2553 821 2640 ipsam
838 2554 941 2618 libere
957 2554 1000 2619 ad
1016 2554 1204 2640 predictum
1231 2554 1336 2620 virum
1361 2575 1457 2620 suum
1474 2555 1580 2621 redire
1603 2575 1676 2640 per·

309 2656 463 2737 mittant,
479 2656 665 2722 monitione
678 2657 847 2743 premissa,
860 2678 920 2744 per
935 2678 1110 2723 censuram
1122 2658 1394 2738 ecclesiasticam,
1411 2660 1540 2723 ratione
1551 2658 1674 2744 previa,

308 2759 543 2846 appellatione
574 2760 772 2846 postposita,
807 2760 1027 2846 compellatis,
1062 2781 1130 2826 non
1166 2762 1376 2827 obstantibus
1410 2771 1480 2827 tam
1514 2762 1677 2846 generalis

310 2863 450 2930 concilii
477 2883 577 2947 quam
602 2863 708 2929 felicis
734 2864 974 2930 recordationis
1000 2862 1165 2931 Bonifacii
1193 2885 1279 2951 pape
1306 2863 1404 2945 VIIl,
1435 2864 1677 2950 predecessoris

309 2967 430 3048 nostri,
441 2967 562 3052 quibus
574 2977 711 3032 cavetur
722 2988 765 3031 ne
777 2967 851 3052 quis
864 2969 949 3033 ultra
963 2967 1045 3033 duas
1061 2969 1115 3032 vel
1133 2989 1234 3034 unam
1249 2969 1357 3034 dietas
1369 2989 1428 3055 per
1443 2968 1572 3034 litteras
1584 2969 1678 3035 Sedis

312 3071 504 3157 apostolice
516 3092 534 3135 a
546 3071 611 3136 line
623 3091 681 3136 sue
693 3070 836 3136 diocesis
846 3070 1059 3156 adjudicium
1070 3082 1239 3152 evocetur,
1250 3081 1284 3138 et
1296 3073 1370 3138 aliis
1383 3059 1679 3139 constitutionibus

314 3175 582 3259 quibuscumque
606 3195 666 3260 per
697 3174 836 3260 quasin
864 3176 927 3240 hac
960 3185 1054 3262 parte
1080 3185 1191 3242 uestra
1213 3175 1401 3261 jurisdictio
1426 3176 1678 3261 quomodolibet

315 3280 428 3343 valeat
445 3277 609 3364 impediri.
627 3278 767 3362 Quodsi
795 3300 864 3344 non
881 3282 982 3344 ambo
1006 3279 1069 3345 hiis
1085 3280 1290 3364 exequendis
1310 3280 1487 3366 potueritis
1510 3280 1679 3360 interesse,

316 3383 402 3446 ulter
416 3392 567 3446 vestrum
583 3402 623 3447 ea
640 3381 876 3448 nichilominus
886 3391 1078 3468 exequatur.
1096 3384 1174 3448 Dat.
1191 3384 1291 3448 Avin.
1311 3384 1406 3468 5kal.
1419 3383 1497 3448 maii
1512 3403 1602 3448 anno
1622 3403 1679 3448 1.»

350 3520 413 3580 Reg.
427 3520 476 3565 Ar.
488 3519 511 3576 6,
523 3518 541 3565 f.
557 3519 613 3565 itt·
626 3532 631 3572 ;
644 3517 704 3566 rat.
716 3520 754 3575 65,
768 3518 786 3564 f.
799 3519 855 3574 232,
867 3532 892 3565 n.
906 3519 978 3565 2757.

362 3682 475 3767 316·
1374 3712 1468 3777 1517,
1485 3698 1528 3761 28
1543 3695 1640 3759 avril.

364 3801 532 3887 Magistro
544 3799 689 3877 Johanni
706 3799 748 3865 de
759 3798 941 3884 Ongnoles‚
952 3798 1122 3882 utriusque
1135 3799 1216 3884 juris
1227 3798 1414 3884 professori,
1428 3798 1549 3864 clerico
1565 3798 1685 3878 Caroli,

323 3906 456 3973 comitis
479 3902 630 3968 Marchie
646 3911 681 3967 et
698 3902 844 3987 Bigorre,
861 3904 1030 3968 confertur
1052 3903 1268 3968 canonicatus
1291 3902 1429 3968 ecclesie
1446 3902 1685 3976 Atrebatensis,
1730 3894 1733 3899 ’

323 4012 381 4074 sub
410 4007 646 4093 expectatione
672 4006 840 4092 prebende
869 4006 996 4089 integre
1023 4016 1057 4070 et
1085 4027 1153 4070 non
1181 4006 1403 4084 sacerdotalis,
1433 4027 1499 4071 non
1531 4008 1686 4072 obstante

324 4113 414 4197 quod
430 4111 665 4177 canonicatum
682 4120 718 4175 et
733 4110 936 4196 prebendam
961 4109 1101 4176 ecclesie
1117 4109 1338 4175 Tornacensis
1354 4109 1494 4175 obtinet.

365 4215 565 4303 Apostolice
582 4214 707 4280 Sedis...
860 4204 863 4208 ’

369 4320 448 4385 Dat.
465 4318 564 4383 Avin.
581 4342 600 4403 4
617 4318 682 4382 kal.
699 4318 776 4382 maii
794 4339 884 4382 anno
905 4338 930 4384 1.

370 4423 409 4487 ln
427 4445 456 4487 e.
473 4444 518 4488 m.
534 4422 706 4509 preposito
722 4419 913 4501 Iusulensis,
930 4421 1150 4486 Tornacensis
1174 4422 1325 4501 diocesis,
1350 4430 1384 4484 et
1407 4421 1537 4486 decano
1562 4420 1689 4485 Novio-

330 4528 451 4592 mensis
467 4547 508 4591 ac
524 4527 674 4592 Arnaldo
689 4525 732 4591 de
748 4527 779 4589 S.
796 4525 952 4605 Genesio,
965 4526 1131 4609 Aquensis
1147 4527 1310 4591 carronico
1327 4526 1550 4591 ecclesiarum.

360 4671 421 4726 lleg.
435 4671 482 4715 Au.
495 4671 517 4726 o,
530 4669 547 4716 f.
560 4671 624 4716 31¹2:
640 4668 696 4715 l'at.
710 4671 748 4716 135.
763 4670 779 4714 f.
793 4671 858 4725 295¹,
872 4683 897 4714 rr.
911 4668 982 4715 2931.

373 4845 480 4928 317.
1384 4870 1477 4932 1317,
1494 4853 1537 4914 28
1551 4834 1648 4913 avril.

374 4961 505 5026 Thome
521 4958 704 5044 Scriptoris,
721 4958 895 5041 capellano
906 4955 1068 5020 Guidonis
1085 4955 1128 5018 de
1141 4955 1355 5035 Castellione,
1368 4954 1500 5019 comitis
1517 4952 1692 5035 Blesensis‚

340 5065 499 5129 confertur
523 5062 739 5128 canonicatus
760 5061 898 5128 ecclesie
914 5060 1146 5141 TornacensiS,
1171 5061 1230 5124 sub
1255 5059 1489 5145 expectatione
1515 5058 1693 5141 prebende,

342 5185 400 5229 non
411 5169 568 5231 obstante
579 5165 668 5249 quod
679 5166 911 5251 capellaniam,
923 5163 994 5228 sine
1007 5185 1096 5241 cura,
1110 5164 1143 5226 in
1155 5173 1263 5228 castro
1273 5162 1314 5227 de
1328 5161 1450 5239 Guisia,
1464 5160 1694 5226 laudunensis
