4409 6017
929 692 1075 759 Premitre
1096 695 1198 759 annes.
1239 697 1244 704 ’
1694 699 1733 763 59

368 837 470 903 tionis
494 858 581 904 onus
603 859 771 906 assumere
796 842 983 927 impeditur,
1006 865 1106 927 grave
1124 845 1391 931 nimisperpessa
1407 853 1457 910 est
1473 854 1507 910 et
1524 847 1649 931 patitur
1664 848 1735 913 sine

368 942 617 1009 intermissione
631 942 854 1030 dispendium,
871 968 948 1012 cum
963 948 1075 1013 divine
1091 949 1242 1033 potentie
1251 948 1488 1033 braclrioquod
1505 951 1599 1015 novit
1611 971 1736 1016 cornua

365 1049 589 1133 superborum
611 1057 785 1115 conterere
808 1050 939 1135 suisque
962 1052 1120 1118 ministris
1141 1054 1212 1138 ipsa
1236 1063 1407 1119 conterere
1424 1055 1650 1139 satagentibus
1666 1076 1733 1121 non

365 1151 496 1232 deesse,
513 1154 687 1239 oportunis
710 1154 864 1219 remediis
886 1164 921 1220 et
944 1158 1091 1241 operosis
1113 1177 1152 1223 ac
1176 1157 1366 1223 efficacibus
1382 1158 1497 1224 studiis
1514 1158 1734 1238 intendemus,

365 1277 466 1343 super
482 1265 684 1345 contemptu
698 1260 938 1326 sententiarum
951 1263 1135 1348 apostolice
1149 1263 1242 1328 Sedis
1251 1273 1351 1348 atque
1365 1283 1577 1348 processuum
1588 1272 1621 1326 et
1638 1283 1736 1347 super
1778 1317 1783 1329 .

365 1383 407 1427 eo
422 1362 528 1448 quod,
545 1363 579 1428 in
595 1374 829 1453 contemptum
846 1366 989 1432 clavium
1006 1368 1037 1431 in
1054 1368 1150 1433 terris
1165 1368 1390 1433 ecclesiastico
1413 1367 1592 1433 interdicto
1615 1387 1736 1452 suppo-

365 1470 448 1550 sitis,
466 1470 594 1538 secistis
609 1481 643 1537 et
658 1474 768 1540 facitis
782 1482 944 1560 quantum
961 1475 994 1539 in
1011 1476 1107 1541 vobis
1122 1484 1173 1540 est
1188 1475 1388 1561 prophanari
1404 1472 1525 1551 divina,
1542 1480 1658 1537 contra
1676 1492 1736 1539 vos

366 1574 432 1640 ad‘
448 1597 558 1662 penas
573 1578 654 1643 alias
669 1580 852 1664 processuri
869 1601 898 1645 1).

401 1715 464 1776 Rog.
480 1715 540 1764 t'at.
555 1718 607 1774 llll,
622 1732 680 1779 pars
693 1717 797 1778 1‚r.23v,
811 1721 888 1767 11112.
909 1719 1045 1772 -1111111111,
1060 1733 1085 1767 n.
1099 1719 1246 1780 71111111).

413 1890 527 1973 188.
986 1909 1098 1995 [1516,
1117 1931 1158 1994 [4
1173 1912 1412 1998 „repatriare-28
1427 1910 1614 1998 novembre]
1636 1917 1692 1995 (¹).

413 2009 578 2091 Roberto,
595 2010 719 2090 comiti,
734 2018 768 2076 et
784 2013 970 2079 communit
992 2014 1080 2080 tibus
1095 2015 1275 2081 comitatus
1292 2014 1447 2082 Flandrie
1463 2015 1615 2083 scribitur
1630 2017 1735 2084 altera

371 2114 482 2180 littera
496 2115 737 2202 precedentem
754 2116 920 2203 corrigens
938 2119 994 2203 (²).

414 2342 431 2383 a
448 2315 567 2383 Nobili
584 2319 656 2383 viro
673 2317 833 2402 Roberto,
844 2322 970 2405 comiti,
984 2334 1018 2390 et
1035 2326 1331 2392 communitatibus
1347 2326 1522 2393 civitatum
1539 2334 1574 2392 et
1583 2326 1736 2391 villarum

375 2426 553 2492 comitatus
576 2425 741 2506 Flandrie,
763 2429 916 2514 spiritum
938 2430 1107 2514 cogitandi
1130 2452 1193 2515 que
1214 2440 1308 2498 recta
1330 2439 1407 2497 sunt
1428 2440 1463 2496 et
1484 2430 1601 2514 agendi
1619 2449 1735 2515 super·

374 2532 478 2615 baque
488 2551 559 2596 non
569 2551 695 2616 sapere,
706 2533 765 2598 sed
774 2534 954 2601 humilibus
964 2533 1257 2601 consentire.Cum
1268 2536 1370 2601 simus
1381 2535 1509 2601 cunctis
1520 2533 1643 2600 Christi
1655 2533 1735 2600 fide-

376 2634 465 2714 bbus,
489 2636 690 2722 disponente
715 2637 873 2718 Domino,
897 2639 999 2724 cujus,
1022 2639 1100 2705 licet
1125 2638 1290 2720 immeriti,
1306 2638 1396 2705 vices
1420 2638 1453 2702 in
1470 2638 1563 2703 terris
1579 2636 1734 2722 gerimus,

379 2738 408 2805 in
422 2741 596 2827 speculum
610 2742 769 2828 prepositi
786 2750 820 2808 et
832 2744 1034 2829 exemplum,
1046 2744 1132 2809 inter
1145 2752 1282 2809 cunctas
1295 2763 1371 2809 cure
1383 2750 1497 2808 nostre
1510 2741 1735 2808 solicitudines

308 2857 315 2866 ·
381 2843 616 2927 incumbentes
632 2847 688 2912 illa
703 2847 803 2913 debet
820 2868 891 2913 esse
907 2848 1064 2934 precipua
1088 2848 1173 2912 intra
1189 2847 1360 2933 precordia
1377 2846 1484 2913 cordis
1504 2846 1609 2911 nostri
1633 2852 1669 2910 ut
1692 2844 1735 2911 ad

309 2947 318 2988 ÷
380 2946 473 3016 Terre
489 2948 623 3029 Sancte,
640 2971 741 3035 quam
765 2950 916 3018 Christus
938 2952 1072 3038 proprio
1096 2952 1263 3019 dedicavit
1286 2952 1456 3037 sanguine,
1472 2954 1514 3017 ab
1538 2949 1735 3029 infidelibus

309 3067 324 3092 ·’
382 3054 479 3139 proh³
500 3056 607 3137 dolor,
631 3065 793 3141 occupate
817 3077 857 3122 ac
881 3057 1099 3142 prophanate,
1126 3056 1425 3142 recuperationem,
1451 3055 1531 3122 totis'
1554 3053 1736 3139 aspiremus

309 3166 327 3196 ³·
383 3158 547 3227 affectibus
573 3168 608 3226 et
632 3159 756 3226 viribus
781 3160 1002 3227 intendamus.
1030 3160 1081 3225 Ex
1106 3163 1228 3247 abysso
1255 3181 1377 3247 nempe
1401 3168 1436 3227 et
1461 3157 1734 3247 imperscrutabili

309 3267 322 3349 ῗ
384 3262 473 3330 din'ni
486 3264 602 3351 judicii
612 3265 788 3331 altitudine
799 3265 988 3352 retrolapsis
997 3266 1205 3352 temporibus
1217 3287 1315 3352 super
1327 3275 1452 3332 sortem
1462 3266 1627 3351 justorum
1644 3262 1734 3349 virga

309 3360 334 3403 ²·
384 3370 563 3454 pertransiit
582 3377 809 3456 peccatorum,
835 3377 869 3435 et
894 3370 927 3435 in
952 3370 1089 3437 diversis
1111 3372 1180 3456 jam
1204 3370 1392 3454 regionibus
1415 3370 1564 3437 infideles
1584 3366 1735 3435 fidelibus

309 3479 337 3507 ³
386 3476 596 3557 prevalentes
613 3474 783 3559 occupatis
799 3483 833 3539 et
850 3474 1019 3540 demolitis
1035 3475 1160 3555 castris,
1176 3475 1376 3554 civitatibus,
1399 3475 1477 3541 viris
1492 3485 1526 3541 et
1545 3478 1736 3545 mulieribus

316 3604 333 3608 -
387 3579 560 3664 captivatis,
577 3581 651 3644 loca
666 3578 780 3643 divino
796 3579 965 3662 qnondam
989 3579 1091 3644 cultui
1117 3580 1307 3665 mancipata
1331 3600 1420 3645 nunc
1444 3591 1561 3662 gentes
1580 3582 1734 3647 obtinent

388 3701 437 3765 que
453 3704 578 3749 nomen
597 3682 732 3748 Domini
750 3703 816 3746 non
835 3690 1010 3762 noverunt,
1027 3682 1114 3748 inter
1130 3705 1193 3767 que
1206 3684 1295 3749 dicte
1311 3682 1413 3748 Terre
1427 3684 1548 3751 Sancte
1561 3686 1735 3772 captivita-

309 3780 344 3817 s*
387 3791 442 3852 tem
457 3797 492 3853 et
508 3786 794 3870 miseriam,quam
810 3786 944 3852 Soldani
963 3786 1136 3851 Babilonie
1149 3788 1311 3873 oppressit
1328 3788 1444 3867 rabies,
1461 3791 1603 3875 amplius
1618 3789 1733 3874 deplo-

318 3879 344 3920 :·.·
388 3908 491 3958 ramus.
518 3892 644 3956 Verum
668 3892 746 3956 licet
771 3910 791 3954 a
816 3891 898 3955 caris
923 3891 988 3955 suis
1013 3893 1083 3955 sola
1108 3892 1228 3956 sedens
1254 3891 1371 3956 civitas
1396 3902 1510 3959 sancta
1535 3894 1613 3957 olim
1636 3896 1735 3979 plena

309 3984 347 4025 ³
388 3999 507 4081 populo,
525 3996 613 4061 facta
629 3995 722 4080 quasi
738 3995 847 4074 vidua,
871 4003 952 4059 tunc
968 3994 1104 4059 domina
1126 3996 1286 4074 gentium,
1304 3996 1458 4081 princeps
1481 3998 1735 4082 provinciarum,

387 4096 534 4165 destituta
550 4099 696 4166 subsidio
712 4109 746 4163 et
762 4099 911 4163 humano
927 4119 1038 4164 carere
1051 4099 1173 4164 auxilio
1186 4100 1385 4176 crederetur,
1400 4100 1453 4163 ille
1466 4110 1579 4165 tamen
1593 4102 1648 4186 qui
1661 4123 1735 4167 eam

386 4222 433 4270 suo
455 4205 618 4289 sanguine
643 4203 850 4269 consecravit
874 4203 1052 4288 multisque
1076 4203 1228 4288 prevenit
1244 4204 1426 4268 bonoribus
1453 4214 1486 4269 et
1510 4226 1551 4268 ex
1567 4205 1737 4290 insperato

309 4229 353 4402 i
384 4309 483 4394 sepius
525 4309 641 4393 priscis
671 4308 821 4373 visitavit
851 4307 1058 4392 temporibus
1096 4329 1135 4372 ac
1173 4308 1295 4372 crebris
1332 4309 1530 4393 temperavit
1561 4309 1735 4385 miraculis,

309 4401 331 4491 'f'
382 4413 465 4498 cuius
480 4433 600 4477 manus
616 4432 827 4497 nequaquam
840 4410 1008 4475 abreviata
1024 4410 1145 4490 existit,
1167 4411 1200 4474 in
1228 4411 1392 4476 concilio‘
1410 4410 1538 4475 Vienne
1556 4412 1736 4477 novissime

309 4429 341 4662 Ι
381 4518 554 4593 celebrato
578 4515 757 4580 clarissime
781 4515 941 4578 memorie
959 4514 1160 4598 Philippum,
1185 4513 1334 4592 Francie,
1359 4524 1393 4579 et
1425 4515 1643 4590 Ludovicum,
1668 4516 1737 4595 eius

309 4618 324 4696 ',
380 4620 489 4697 lilium,
521 4618 672 4684 ⁴Yavarre
703 4638 805 4700 reges
841 4618 1092 4701 carissimosque
1125 4618 1209 4682 lilios
1241 4628 1370 4683 nostros
1403 4618 1572 4697 Karolum,
1605 4619 1737 4701 Valesii,

312 4719 322 4804 i
407 4814 431 4844 n.
443 4806 468 4846 ct
484 4814 533 4858 req.
550 4826 578 4832 -
592 4798 613 4844 b.
626 4797 701 4859 pntlr
716 4814 765 4858 rep.
780 4814 841 4844 --1.
855 4798 961 4844 consilio
975 4813 1023 4856 1111.

309 4881 312 4932 l
386 4911 526 4918 -..--,
547 4913 853 4920 ,η--ῂ-
877 4915 929 4920 -
947 4914 1084 4921 ,---

309 5009 312 5024 .
411 4980 430 5027 l.
444 4977 509 5038 Vox.
522 4993 548 5025 n.
563 4979 615 5035 1811,
630 4986 689 5024 note
698 4981 719 5025 l.
728 4983 789 5026 -2,
803 4979 964 5027 (111111110111
976 4985 1000 5027 11
1013 4980 1145 5028 additions
1156 4981 1187 5028 111
1200 4997 1262 5044 porc
1274 4983 1354 5030 sonno
1364 4999 1369 5030 :
1380 4984 1403 5031 11
1414 4998 1480 5046 pape
1493 4986 1581 5032 imino
1593 4985 1739 5048 dnmntagc

376 5075 418 5105 ¹eur
436 5061 472 5106 les¹
484 5058 640 5121 prdpumtit's
653 5059 685 5107 «le
698 5060 722 5107 la
733 5061 846 5109 croisade
862 5062 1006 5125 pnoclamee
1020 5078 1053 5111 au
1070 5064 1168 5111 concile
1183 5065 1214 5112 111Ι
1232 5065 1330 5112 11111111
1342 5072 1368 5113 ct
1376 5065 1440 5113 dont
1453 5067 1476 5113 la
1489 5067 1618 5123 gnorrodo
1628 5068 1739 5116 1111111111

374 5141 523 5205 crnperhait
533 5140 559 5187 ln
571 5140 726 5189 rrialisation.
