4409 6017
882 710 1008 780 Siribme
1028 712 1131 778 auree.
1627 713 1690 778 399

393 862 502 927 uimus
517 861 679 942 obtinere,
695 861 757 927 nisi
782 861 872 946 quod
887 881 947 946 per
973 882 1050 926 suos
1074 858 1211 925 nuntios
1235 879 1320 944 quos
1334 859 1378 926 ad
1392 869 1427 926 te
1443 860 1608 927 destinare
1624 861 1689 926 dis·

393 974 486 1030 uerat
502 973 538 1029 et
554 966 588 1029 in
604 965 817 1031 confectione
844 964 1050 1051 presentium
1074 963 1281 1049 arripuerant
1307 964 1370 1029 iter
1393 985 1499 1046 suum,
1515 964 1575 1031 tibi
1592 985 1690 1051 super

394 1090 420 1135 ,o
435 1069 588 1155 predicto
604 1091 697 1135 suam
713 1069 843 1155 plenius
858 1068 1022 1155 panderet
1037 1070 1259 1134 voluntatem.
1277 1066 1330 1132 De
1345 1068 1564 1153 petitionibus
1575 1076 1688 1134 autem

408 1193 470 1258 per
484 1172 611 1238 dictum
630 1175 787 1238 abbatem
812 1171 932 1239 oblatis
956 1161 1188 1258 expedivimus
1213 1159 1305 1255 quas
1318 1163 1559 1237 convenienter
1580 1173 1689 1258 potui-

393 1298 412 1357 s,
434 1276 519 1342 sicut
542 1276 693 1361 ejusdem
718 1276 848 1342 abbatis
873 1276 992 1341 relatio
1023 1275 1277 1359 litterarumque
1311 1295 1410 1360 super
1433 1274 1497 1340 illis
1521 1277 1690 1341 concessis

393 1400 431 1445 es
454 1380 584 1465 plenius
609 1382 814 1445 reserabunt.
839 1378 953 1444 Gratia
978 1378 1042 1443 Dei
1067 1378 1111 1444 sit
1135 1386 1258 1444 tecum.
1286 1377 1367 1444 Dat.
1392 1378 1493 1444 Avin.
1518 1378 1585 1446 kal.
1610 1380 1688 1445 maii

394 1506 421 1551 o
438 1489 467 1550 6.
484 1506 501 1547 n

393 1637 426 1684 g.
439 1622 498 1673 Vct.
515 1624 568 1684 lll,
581 1623 599 1671 i.
614 1624 665 1682 7³¹,
678 1637 703 1672 u.
719 1623 776 1674 280.

394 1807 522 1890 047.
1419 1846 1515 1911 1322,
1530 1848 1552 1912 4
1569 1832 1646 1896 mai.

393 1927 507 1995 dathie
532 1927 623 1994 dicto
647 1930 688 1995 de
716 1928 825 1994 Ponte
851 1927 894 1993 de
920 1927 1077 2013 Trajecto
1112 1928 1283 1995 confertur
1309 1932 1527 1997 canonicatus
1551 1934 1689 1999 ecclesie

393 2032 584 2114 boniensis,
608 2031 859 2098 Cameracensis
883 2032 1036 2114 diocesis,
1063 2036 1124 2098 sub
1154 2033 1391 2119 expectatione
1418 2036 1597 2120 prebende,
1623 2058 1690 2102 non

393 2146 488 2203 tante
504 2138 594 2223 quod
609 2145 720 2203 rector
736 2137 876 2203 ecclesie
892 2157 951 2202 seu
966 2138 1096 2223 capelle
1112 2137 1143 2202 S.
1162 2136 1347 2222 Evergisilii
1358 2137 1592 2223 Trajectensis,
1606 2140 1690 2206 Leo-

393 2241 456 2307 rsis
472 2241 624 2323 diocesis,
640 2240 764 2308 existit.

393 2345 558 2412 ’robitatis
573 2354 671 2411 tue...

393 2453 455 2516 lat.
471 2450 570 2516 Avin.
587 2473 606 2535 4
623 2469 702 2516 non.
718 2447 797 2514 maii
813 2469 902 2515 anno
919 2454 948 2515 6.

394 2576 415 2619 n
443 2575 473 2620 e.
498 2576 542 2620 m.
558 2553 769 2620 Viconiensis
794 2562 829 2618 et
856 2553 885 2619 S.
901 2552 921 2631 J
925 2553 1067 2620 ohannis
1094 2552 1357 2636 Valencinensis,
1382 2554 1632 2622 Cameracensis
1657 2567 1691 2623 et

395 2660 564 2724 ebatensis
579 2659 762 2742 diocesum,
778 2658 1057 2724 monasteriorum
1081 2657 1257 2724 abbatibus
1283 2679 1322 2725 ac
1338 2658 1483 2726 Ricardo
1498 2660 1541 2725 de
1556 2661 1692 2726 Anibal-

410 2763 576 2829 canonico
592 2762 763 2828 Remensi.

394 2916 428 2960 ξ.
441 2905 488 2948 xv.
503 2903 538 2958 m,
552 2902 569 2948 f.
583 2903 658 2951 icor:
673 2901 731 2949 Vat.
747 2903 786 2959 73,
798 2900 818 2950 r.
833 2900 890 2956 253,
903 2914 928 2948 n.
941 2902 996 2947 nr.

393 3098 530 3276 ilidlltkgo
553 3212 595 3277 de
612 3210 761 3290 Rebeke,
778 3213 890 3294 legum
906 3208 1095 3296 professori,
1119 3208 1289 3275 confertur
1313 3133 1693 3297 canoniscjaiis4edncidsie

393 3316 548 3381 :verensis
563 3319 623 3380 sub
639 3316 874 3401 expectatione
890 3314 1068 3399 prebende,
1081 3334 1150 3378 non
1166 3314 1326 3378 obstante
1342 3313 1432 3397 quod
1449 3313 1483 3377 in
1500 3313 1692 3399 Senogiensi

393 3420 586 3485 buthosensi
603 3419 761 3500 ecclesiis,
778 3418 1028 3484 Cameracensis
1043 3416 1196 3498 diocesis,
1212 3417 1430 3482 canonicatus
1454 3425 1488 3482 et
1506 3419 1694 3503 prebendas

394 3524 479 3589 inet.

394 3630 581 3693 ,itteramm
597 3629 777 3694 scientia...

394 3734 459 3798 )at.
474 3733 574 3799 Avin.
591 3756 610 3818 4
627 3753 705 3799 non.
722 3733 799 3797 maii
817 3753 906 3798 anno
924 3737 952 3798 6.

397 3857 419 3901 n
447 3857 476 3902 e.
492 3858 537 3901 m.
553 3835 762 3902 Viconiensis
785 3844 820 3901 et
846 3839 880 3902 S.
905 3835 1069 3914 Johannis
1092 3833 1343 3900 Valencinensis
1366 3855 1407 3900 ac
1433 3835 1464 3900 S.
1491 3835 1636 3901 Amandi
1661 3837 1694 3900 in

393 3942 462 4005 ›ula
485 3941 763 4005 monasteriorum
786 3941 972 4020 abbatibus
989 3938 1251 4019 Cameracensis
1266 3939 1498 4004 Atrebatensis
1515 3947 1550 4003 et
1568 3938 1694 4004 Torna-

393 4045 444 4109 1sis
460 4044 643 4109 diocesum.

393 4196 429 4242 eg.
441 4185 488 4230 Ar.
505 4185 540 4239 lli,
554 4184 571 4231 f.
588 4185 634 4229 432
647 4199 652 4230 :
666 4182 724 4230 val.
738 4184 775 4235 73.
789 4182 807 4231 f.
820 4184 890 4240 256v,
904 4198 930 4231 n.
945 4185 1000 4229 722.

393 4379 529 4462 l049.
1430 4411 1522 4473 1322.
1538 4415 1559 4477 4
1576 4395 1653 4460 mai.

393 4498 512 4565 lacobo
521 4497 563 4562 de
577 4494 751 4560 Melbodio
764 4493 932 4559 confertur
947 4493 1164 4559 canonicatus
1179 4496 1319 4561 ecclesie
1330 4495 1360 4559 S.
1373 4496 1487 4559 Amati
1501 4495 1695 4578 Duacensis,

393 4601 569 4668 ebatensis
583 4599 735 4678 diocesis,
752 4619 820 4663 non
837 4601 992 4663 obstante
1008 4599 1099 4681 quod
1122 4599 1155 4664 in
1174 4598 1357 4679 Montensi,
1374 4598 1579 4684 Senogiensi,
1597 4600 1695 4667 Pero-

393 4708 443 4788 rsi,
469 4704 694 4771 Melbodiensi
718 4712 753 4768 et
768 4702 973 4787 Trajectensi
990 4703 1149 4785 ecclesiis
1167 4704 1426 4785 Cameracensis,
1443 4703 1639 4770 Leodiensis
1662 4713 1696 4769 et

393 4809 581 4876 ir'iomensis
597 4808 777 4887 diocesum,
794 4807 1012 4872 canonicatus
1027 4814 1062 4872 et
1077 4809 1263 4893 prebendas
1278 4808 1419 4873 obtinet.

393 4914 567 4980 Probitatis
582 4920 680 4978 tue...

393 5020 464 5084 Dat.
480 5017 582 5082 Avin.
598 5039 617 5100 4
635 5037 713 5082 non.
731 5015 808 5080 maii
824 5035 914 5081 anno
932 5020 960 5081 6.

393 5122 424 5186 ln
452 5145 481 5187 e.
507 5143 551 5185 m.
568 5120 776 5185 Viconiensis
802 5127 835 5183 et
860 5119 891 5183 S.
908 5118 1072 5196 Johannis
1098 5120 1351 5188 Valencinensis
1377 5143 1416 5187 ac
1442 5120 1473 5184 S.
1497 5121 1640 5187 Amandi
1665 5123 1697 5186 in
