4409 6017
506 697 567 761 426
1049 695 1194 777 Septitme
1214 695 1316 761 anno'e.

550 846 721 914 Nobilitas
735 848 904 934 generis...

550 951 630 1017 Dat.
645 951 746 1017 Avin.
763 970 782 1037 7
797 951 863 1018 kal.
879 952 989 1019 martii
1005 973 1095 1020 anno
1112 972 1141 1038 7.

550 1054 591 1119 ln
607 1076 636 1120 e.
652 1075 697 1120 m.
710 1054 871 1141 episcopo
887 1055 1048 1123 Paduano
1062 1066 1097 1123 et
1113 1057 1290 1125 scolastico
1305 1076 1346 1122 ac
1360 1054 1510 1134 Jordano
1524 1055 1567 1122 de
1585 1056 1701 1137 Pileo,
1713 1053 1857 1123 canonico

508 1160 648 1227 ecclesie
664 1157 923 1226 Cameracensis,

539 1308 601 1371 neg.
613 1312 660 1360 nv.
675 1313 712 1371 19,
724 1312 741 1359 r.
754 1313 814 1359 aso
826 1329 832 1370 ;
846 1314 903 1362 vae
917 1317 955 1375 rs,
968 1315 986 1364 r.
999 1317 1049 1375 so,
1061 1331 1086 1365 n.
1101 1318 1172 1367 nra.

550 1506 686 1591 1134.
1515 1547 1613 1611 1323,
1630 1544 1679 1612 27
1687 1529 1828 1616 fenner.

553 1623 724 1708 Gaufrido,
748 1629 859 1698 abbati
891 1631 1084 1696 monasterii
1118 1632 1149 1698 S.
1173 1632 1343 1699 Laurentii
1364 1634 1459 1719 juxta
1481 1631 1663 1712 Leodium,
1690 1633 1737 1698 O.
1768 1631 1800 1697 S.
1823 1629 1862 1696 B..

504 1731 557 1798 cui
573 1751 633 1818 per
644 1729 791 1813 Petrum,
808 1734 1003 1821 episcopum
1017 1734 1260 1820 Penestrinum‚
1270 1738 1422 1823 impensa
1437 1736 1499 1804 fuit
1516 1737 1733 1820 benedictiO,
1757 1758 1863 1805 conce·

504 1836 593 1902 ditur
607 1836 743 1902 licentia
758 1836 936 1903 recedendi
952 1858 972 1904 a
987 1840 1087 1905 curia.

547 1939 681 2006 Pridem
696 1941 825 2007 circa...

546 2043 625 2110 Dat.
641 2045 740 2111 Avin.
758 2066 776 2130 3
793 2045 860 2112 kal.
875 2046 985 2112 martii
1001 2067 1092 2112 anno
1109 2064 1138 2131 7.

537 2206 596 2268 aeg.
610 2209 656 2256 nv.
671 2209 708 2266 rs,
721 2208 739 2255 r.
751 2210 810 2255 aon
823 2224 829 2265 ;
843 2208 901 2259 vat..
916 2211 955 2268 rr,
969 2209 987 2257 r.
1001 2210 1055 2267 nn,
1067 2224 1092 2258 n.
1108 2210 1164 2259 sor.

550 2406 684 2491 1135.
1541 2442 1639 2506 1325,
1665 2444 1691 2509 4
1716 2446 1825 2492 mare.

546 2524 694 2610 Georgio
709 2524 752 2590 de
768 2525 895 2591 Solerio
917 2526 959 2590 de
979 2524 1134 2612 Iporegia
1159 2534 1347 2592 reservatur
1361 2526 1506 2610 dignitas
1519 2546 1580 2591 seu
1594 2537 1808 2612 personatus
1824 2530 1872 2594 vel

503 2626 653 2694 officium
670 2628 703 2692 in
720 2629 872 2710 ecclesia,
901 2629 1039 2695 civitate
1055 2631 1109 2693 vei
1125 2629 1248 2695 diocesi
1273 2628 1451 2695 Leodiensi
1474 2628 1516 2694 ad
1538 2630 1771 2698 collationem
1793 2633 1871 2719 epis

502 2732 577 2818 copi
594 2731 800 2813 Leodiensis,
816 2754 884 2799 non
906 2735 1062 2799 obstante
1089 2734 1179 2817 quod
1203 2734 1238 2798 in
1255 2732 1493 2813 Lincolniensi,
1511 2730 1677 2819 Iporiensi
1701 2743 1741 2801 et
1762 2734 1871 2800 Surel·

502 2835 595 2918 lensi,
616 2835 838 2902 Eboracensis
853 2836 1005 2917 diocesis
1022 2837 1240 2903 canonicatus
1256 2845 1290 2901 et
1305 2835 1492 2922 prebendas
1511 2836 1656 2918 obtinet,
1672 2845 1712 2903 et
1729 2838 1766 2903 in
1790 2836 1870 2903 Leo

502 2937 611 3004 diensi
628 2940 661 3004 in
678 2941 877 3006 canonicum
900 2949 952 3006 est
978 2948 1134 3026 receptus
1150 2940 1235 3006 etin
1252 2940 1322 3025 ipsa
1339 2939 1516 3005 Leodiensi
1532 2940 1687 3007 ecclesiis
1704 2962 1769 3007 seu
1797 2941 1869 3007 cin’-

500 3048 573 3107 tate
589 3045 643 3107 vel
660 3043 784 3109 diocesi
801 3043 979 3110 Leodiensi
1004 3044 1206 3110 beneficium
1230 3044 1492 3111 ecclesiasticum
1516 3051 1689 3130 expectat,
1708 3066 1752 3113 ac
1768 3046 1870 3113 eccle·

500 3146 585 3212 siam
603 3148 634 3213 S.
651 3147 822 3213 Laurentii
839 3155 932 3213 extra
948 3168 1059 3212 muros
1075 3147 1278 3233 Yporienses
1294 3147 1433 3214 obtinet.

544 3250 638 3317 Sedis
653 3253 880 3337 apostolice...

544 3355 622 3422 Dat.
638 3358 738 3421 Avin.
755 3380 774 3440 4
792 3377 871 3422 non.
888 3357 997 3422 martii
1012 3377 1102 3421 anno
1119 3374 1147 3439 7.

545 3459 583 3524 In
600 3481 628 3524 e.
645 3482 689 3524 nr.
707 3461 850 3525 Livoldo
866 3461 907 3526 de
922 3460 1085 3526 Northoft
1101 3468 1136 3525 et
1154 3460 1273 3545 Egidio
1290 3461 1411 3541 Sudot,
1428 3460 1637 3541 Leodiensis,
1650 3482 1691 3526 ac
1708 3461 1866 3548 magistro

501 3563 606 3628 Petro
622 3562 664 3629 de
681 3563 847 3649 Vigonn0,
866 3563 1086 3630 Novariensis
1102 3564 1272 3629 canonicis
1287 3564 1513 3630 ecclesiarum.

533 3715 593 3776 Reg.
607 3717 654 3763 Ar.
670 3717 706 3773 19,
720 3716 737 3763 f.
750 3718 825 3766 303v:
843 3716 900 3763 Vat.
915 3719 951 3768 75,
965 3716 983 3764 i.
999 3717 1036 3773 89,
1050 3730 1074 3763 n.
1089 3717 1158 3764 1236.

546 3923 680 4005 1136-
1551 3948 1647 4010 1323,
1672 3930 1697 3992 8
1720 3951 1824 3993 mars.

545 4039 710 4121 Magistro
727 4037 900 4124 Stephano
919 4037 960 4102 de
977 4033 1194 4100 Bertencuria
1214 4041 1400 4099 reservatur
1422 4032 1566 4117 dignitas
1588 4033 1643 4095 vel
1667 4040 1860 4118 personatus

498 4163 557 4207 seu
575 4140 722 4207 officium
739 4141 773 4205 in
792 4140 934 4206 ecclesia
949 4137 1180 4217 Ambianensi‚
1197 4157 1264 4202 non
1281 4139 1437 4202 obstante
1453 4135 1544 4219 quod
1559 4135 1593 4199 in
1610 4135 1811 4219 S.Quintini
1825 4134 1859 4200 de

499 4245 714 4311 Viromandia
730 4254 765 4309 et
782 4245 813 4310 S.
831 4243 945 4309 Fursei
963 4242 1173 4321 Peronensis,
1191 4240 1222 4305 S.
1241 4239 1378 4305 Martini
1395 4240 1438 4304 de
1448 4238 1632 4325 Campeiiis
1643 4240 1679 4329 in
1692 4239 1774 4306 Bria
1785 4237 1859 4305 etde

499 4348 782 4427 Montemorenci,
800 4347 1041 4413 Noviomensis
1057 4353 1090 4410 et
1109 4344 1300 4409 Parisiensis
1316 4344 1497 4419 diocesum,
1515 4342 1741 4410 canonicatus
1753 4352 1788 4410 et
1797 4362 1859 4430 pre-

495 4452 622 4518 bendas
638 4452 779 4528 obtinet,
796 4451 885 4516 acin
903 4451 1021 4516 eadem
1036 4448 1255 4514 Ambianensi
1272 4457 1307 4512 et
1319 4448 1350 4512 S.
1365 4447 1480 4513 Crucis
1493 4446 1754 4514 Cameracensis
1763 4446 1857 4513 eccle·

497 4555 553 4621 siis
569 4557 629 4620 sub
646 4555 885 4640 expectatione
901 4553 1145 4639 prebendarum
1163 4552 1196 4616 in
1214 4551 1412 4617 canonicum
1431 4559 1481 4616 est
1497 4558 1669 4635 receptus.

542 4657 742 4723 Litterarum
759 4658 938 4723 scientia...

543 4761 620 4825 Dat.
637 4761 736 4825 Avin.
755 4763 772 4825 8
791 4761 834 4826 id.
851 4763 962 4825 martii
980 4782 1071 4825 anno
1089 4779 1119 4843 7.

542 4863 627 4929 Ine.
644 4884 688 4929 m.
704 4866 817 4929 abbati
834 4865 1027 4930 monasterii
1044 4865 1075 4930 S.
1093 4863 1266 4929 Genovese
1283 4862 1475 4927 Parisiensis
1491 4870 1526 4925 et
1541 4860 1672 4926 cantori
1699 4861 1857 4929 Parisien·

496 4968 596 5034 sisae
612 4967 770 5051 magistro
788 4968 887 5033 Petro
902 4969 944 5034 de
962 4968 1100 5046 Fractis,
1117 4966 1307 5054 primicerio
1323 4966 1486 5031 Gaietane
1502 4963 1736 5032 ecclesiarum.

530 5123 591 5182 aeg.
605 5123 654 5170 nv.
667 5123 705 5179 rs,
718 5121 735 5170 r.
748 5124 794 5169 ror
808 5139 813 5173 ;
827 5122 885 5173 vat.
902 5124 939 5182 ri,
952 5126 970 5173 r.
987 5126 1053 5183 rsa,
1065 5137 1090 5172 n.
1104 5126 1157 5173 523.
