4409 6017
896 718 1053 785 beuxieme
1074 718 1177 783 annes.
1660 720 1717 785 189

385 869 523 951 existeret,
535 890 721 936 convocare
734 894 742 950 ;
760 871 786 936 si
801 891 883 936 vero
897 878 932 935 te
948 869 1191 935 conventiones
1203 868 1338 934 easdem
1349 870 1402 934 vel
1413 869 1558 955 ipsarum
1570 870 1716 955 aliquam

384 974 499 1040 violasse
515 983 572 1040 aut
587 995 657 1041 non
672 995 820 1041 servasse
836 973 1043 1060 pronuntiari
1067 973 1287 1056 contingeret,
1308 981 1343 1038 te
1366 994 1462 1058 pares
1485 974 1546 1059 ipsi
1570 974 1660 1058 quod
1685 974 1718 1039 id

382 1078 554 1144 emendares
579 1079 747 1164 requirere
773 1087 967 1144 tenerentur
979 1101 988 1159 ;
1020 1077 1111 1162 quod
1126 1122 1128 1125 -
1145 1077 1170 1142 si
1202 1076 1389 1160 hujusmodi
1418 1078 1624 1160 requisitioni
1649 1098 1716 1141 riou

379 1184 608 1269 obtemperares
623 1183 780 1269 ipsorum,
797 1182 856 1247 tibi
874 1181 1048 1246 memorati
1073 1202 1169 1266 pares
1195 1181 1228 1243 in
1249 1180 1314 1245 hoc
1338 1201 1397 1265 per
1422 1202 1457 1245 se
1480 1182 1534 1245 vel
1558 1201 1616 1266 per
1637 1181 1718 1245 alios

377 1306 427 1351 uon
441 1288 603 1353 deberent
617 1289 780 1366 assistere,
797 1305 860 1350 nec
876 1286 979 1350 etiam
1002 1293 1195 1350 tenerentur
1211 1283 1271 1348 tibi
1289 1285 1465 1349 consilium
1483 1286 1535 1348 vel
1559 1285 1718 1350 auxilium

375 1391 523 1472 exhibere,
541 1398 576 1456 et
591 1391 837 1470 nichilominus,
859 1410 901 1454 eo
927 1410 1015 1469 casu,
1040 1409 1154 1454 comes
1174 1396 1208 1452 et
1225 1388 1487 1454 communitates
1509 1388 1651 1473 predicti
1675 1390 1717 1453 ab

372 1496 510 1561 omnibus
532 1495 685 1576 vinculis,
712 1494 986 1560 submissionibus
1010 1501 1113 1578 atque
1138 1493 1233 1578 penis
1256 1511 1317 1577 pro
1340 1491 1502 1557 firmanda
1525 1512 1607 1577 pace
1631 1491 1718 1557 inter

371 1608 468 1683 partes
483 1599 621 1664 easdem
637 1598 721 1665 inita
743 1607 779 1664 et
801 1598 932 1663 firmata
954 1595 1080 1662 dudum
1102 1596 1250 1682 adjectis,
1274 1603 1386 1661 essent
1410 1615 1543 1682 prorsus
1567 1597 1660 1662 liberi
1685 1606 1719 1662 et

367 1700 542 1782 immunes;
569 1702 660 1786 quod
682 1702 817 1788 insuper
832 1702 942 1785 aliqua
958 1700 1102 1786 partium
1118 1699 1299 1765 earundem
1315 1719 1413 1785 super
1434 1699 1617 1765 violatione
1640 1721 1719 1766 con-

309 1875 311 1886 ,
364 1806 555 1872 ventionnm
572 1806 718 1892 ipsarum
732 1814 790 1872 aut
805 1806 943 1891 alicujus
959 1826 1083 1885 earum,
1096 1805 1272 1890 questione
1284 1803 1437 1885 durante,
1451 1802 1608 1869 adversus
1620 1805 1720 1870 aliam

363 1931 424 1976 non
438 1909 581 1975 deberet
595 1918 654 1975 aut
669 1918 784 1996 posset
799 1930 950 1994 guerram
975 1908 1164 1995 hujusmodi
1189 1909 1368 1974 occasione
1389 1927 1526 1973 movere
1549 1917 1606 1974 aut
1629 1910 1719 1974 illam

360 2034 527 2080 armorum
543 2015 706 2100 potentia,
731 2014 792 2079 nisi
821 2014 906 2079 forte
933 2035 992 2099 per
1018 2015 1119 2079 aliam
1146 2022 1325 2098 guerram“
1349 2014 1475 2078 moveri
1498 2014 1720 2097 contingeret,

358 2139 566 2206 pregravare,
583 2138 651 2203 quo
666 2138 744 2189 casu
760 2138 971 2203 nequaquam
987 2118 1052 2183 hoc
1068 2118 1257 2183 securitatis
1272 2118 1414 2183 articulo
1436 2117 1625 2202 ligarentur.
1644 2118 1721 2182 Hec

357 2222 504 2307 quidem,
520 2231 559 2288 ut
574 2222 773 2308 premissum
789 2230 850 2303 est,
864 2222 1134 2309 procuratoribus
1150 2221 1284 2287 comitis
1300 2230 1335 2287 ct
1350 2222 1632 2288 communitatum
1648 2242 1721 2306 pre-

356 2326 526 2391 dictorum
550 2346 592 2391 ex
616 2326 713 2391 nobis
738 2326 929 2405 obtulimus,
955 2346 1023 2390 uon
1049 2324 1264 2389 intendentes
1286 2334 1403 2389 tamen
1427 2345 1601 2390 remanere
1620 2326 1722 2391 modo

355 2431 534 2517 cujuslibet
565 2430 778 2515 obligationis
802 2429 939 2509 astricti,
964 2449 1027 2495 nec
1052 2429 1189 2513 aliquod
1215 2429 1274 2495 tibi
1303 2428 1411 2493 afferri
1439 2429 1658 2514 prejudicium
1681 2450 1722 2493 ex

355 2534 531 2601 oblatione
557 2534 720 2620 predicta,
748 2534 773 2599 si
799 2542 1031 2620 procuratores
1056 2533 1159 2599 tuos⁶
1190 2533 1232 2599 de
1266 2533 1356 2598 curia
1383 2532 1535 2598 Romana
1569 2532 1723 2599 recedere

354 2640 483 2722 absque
499 2636 688 2703 securitatis
703 2638 936 2724 acceptatione
951 2637 1162 2722 contingeret
1174 2645 1369 2718 memorate,
1383 2637 1487 2701 immo
1497 2638 1663 2703 voluimus
1675 2644 1722 2716 ut,

356 2740 470 2827 quoad
484 2761 549 2806 nos
564 2748 599 2805 et
613 2748 659 2821 te,
675 2761 737 2827 pro
752 2761 821 2807 non
843 2742 956 2807 oblata
976 2749 1011 2806 et
1034 2741 1207 2827 proposita
1233 2761 1292 2826 per
1317 2742 1431 2807 omnia
1453 2740 1544 2807 dicta
1564 2741 1724 2808 securitas

359 2846 552 2911 haberetur.

405 2949 475 3035 Ipsi
510 2967 593 3013 vero
619 2957 860 3033 procuratores,
888 2948 1129 3014 deliberatione
1155 2968 1254 3033 super
1285 2948 1511 3014 oblationibus
1546 2949 1725 3015 antedictis

358 3052 448 3116 inter
471 3070 518 3131 se,
535 3058 572 3115 ut
587 3049 755 3131 dicebant,
779 3052 952 3137 prehabita
977 3050 1127 3136 diligenti
1153 3058 1187 3115 et
1211 3071 1271 3137 per
1292 3071 1353 3116 nos
1377 3052 1480 3117 etiam
1502 3054 1578 3118 cum
1599 3052 1725 3118 eisdem

359 3154 478 3220 habita
494 3153 676 3218 collatione
692 3154 866 3239 frequenti,
876 3154 1013 3220 tandem
1029 3154 1273 3241 responderunt
1285 3175 1320 3219 se
1332 3155 1404 3220 illas
1416 3157 1506 3220 nolle
1516 3156 1725 3239 aliquatenus
1741 3192 1745 3198 ·

360 3265 551 3343 acceptare,
568 3256 631 3320 nisi
647 3265 683 3321 tu
700 3259 814 3322 statim
840 3279 881 3323 eo
907 3259 979 3344 ipso
1005 3279 1072 3343 quo
1095 3258 1281 3344 judicatum
1296 3257 1382 3323 soret
1398 3266 1432 3322 te
1448 3279 1568 3344 pacem
1585 3259 1725 3325 violasse

357 3363 414 3426 vel
429 3382 501 3425 non
518 3362 713 3425 observasse
728 3360 923 3446 predictam,
938 3382 1043 3448 penas
1058 3362 1240 3427 incurreres
1264 3360 1460 3440 antedictas
1484 3363 1575 3426 nulla
1596 3364 1726 3447 parium

360 3463 581 3549 requisitione
597 3483 695 3548 super
710 3464 946 3547 emendatione
962 3464 1098 3530 ulterius
1122 3472 1309 3549 expectata,
1335 3472 1369 3527 et
1394 3464 1454 3528 nisi
1482 3465 1584 3528 etiam
1610 3466 1665 3529 ubi
1689 3474 1726 3530 tu

361 3568 448 3632 inira
464 3574 665 3651 competens
679 3576 813 3652 tempus
834 3588 932 3653 super
956 3568 1201 3633 convocatione
1224 3567 1389 3632 dictorum
1413 3567 1540 3651 parium
1564 3568 1727 3652 prefigen-

362 3671 455 3751 dum,
470 3678 583 3735 totum
600 3670 690 3754 quod
706 3681 794 3736 esset
811 3671 843 3733 in
860 3680 894 3734 te
910 3670 1099 3755 adplenum
1115 3691 1184 3735 non
1201 3669 1324 3735 faceres
1339 3671 1428 3733 bona
1443 3669 1510 3734 fide
1526 3677 1583 3733 aut
1599 3670 1727 3736 litteras

363 3773 553 3840 conductus
565 3772 607 3838 ad
619 3782 759 3839 vocatos
775 3773 994 3839 consiliumve
1010 3795 1079 3839 nou
1096 3774 1298 3840 concederes
1312 3784 1322 3807 ⁶
1336 3772 1513 3856 requisitus
1529 3782 1596 3852 aut,
1607 3774 1726 3839 eadem

363 3878 542 3961 questione
558 3876 709 3957 durante,
724 3897 875 3961 guerram
892 3877 1079 3962 hujusmodi
1097 3878 1274 3942 occasione
1291 3896 1443 3941 moveres
1452 3897 1510 3941 seu
1523 3877 1727 3942 conductum

365 3981 562 4065 infringeres
579 3982 649 4066 jam
674 4001 880 4058 concessum,
908 3982 1054 4066 provisio
1081 3981 1175 4045 fieret
1201 3981 1243 4046 de
1270 3980 1476 4065 competenti
1499 3980 1647 4045 remedio
1671 4003 1729 4065 per

365 4086 456 4169 quod
472 4095 511 4150 tu
526 4105 630 4170 penas
645 4084 812 4170 predictas
827 4092 885 4150 aut
900 4085 1000 4149 aliam
1015 4093 1267 4169 competentem
1292 4084 1524 4149 cohertionem
1548 4084 1729 4150 incurreres

368 4210 507 4274 quarum
524 4190 667 4253 obtentu
688 4189 848 4273 premissa
864 4188 972 4253 facere
987 4189 1160 4272 cogereris.
1178 4187 1222 4252 Et
1243 4186 1479 4252 nichilominus
1501 4188 1731 4273 provideretur

369 4299 603 4376 competenter
619 4291 709 4374 quod
724 4291 804 4357 dicti
821 4312 917 4377 pares
933 4299 1069 4377 propter
1083 4293 1150 4357 hoc
1172 4290 1350 4357 convocati
1373 4292 1525 4357 celeriter
1549 4300 1583 4357 et
1606 4295 1729 4378 absque

370 4394 557 4460 divertione
572 4395 615 4460 ad
630 4396 712 4461 alios
734 4404 828 4460 actus
851 4395 976 4460 dictam
996 4395 1216 4460 terminarent
1240 4401 1275 4458 et
1299 4392 1483 4462 diciderent
1506 4396 1728 4479 questionem.

373 4499 415 4564 Et
430 4498 523 4583 quod
538 4498 565 4563 si
581 4519 641 4585 per
655 4519 751 4585 pares
767 4498 904 4564 eosdem
919 4508 954 4562 te
970 4506 1027 4563 aut
1043 4517 1250 4564 successores
1273 4505 1350 4561 tuos
1373 4500 1582 4581 pronunciari
1599 4501 1729 4565 contin-

373 4610 463 4687 geret
488 4602 731 4667 conventiones
760 4601 925 4686 predictas
950 4602 983 4664 in
1008 4602 1121 4686 aliquo
1147 4602 1301 4679 violasse,
1335 4599 1442 4680 frater,
1471 4602 1577 4687 patrui
1607 4612 1641 4667 et
1674 4603 1728 4666 alii

374 4704 552 4792 supradicti
568 4704 693 4769 nedum
716 4704 776 4769 tibi
799 4713 917 4770 contra
941 4703 1163 4770 Flandrenses
1179 4704 1268 4789 ipsos
1290 4723 1358 4767 uon
1382 4703 1544 4770 deberent
1568 4706 1730 4778 assistere,

377 4810 478 4875 immo
494 4829 722 4893 quoscumque
738 4816 772 4872 te
788 4808 822 4872 in
838 4809 904 4873 hoc
915 4808 1032 4892 juvare
1049 4810 1202 4873 volentes
1217 4810 1259 4872 ab
1275 4805 1463 4889 hujusmodi
1480 4810 1655 4873 voluntate
1671 4829 1731 4892 pro

377 4933 471 4996 posse
486 4912 690 4977 diverterent
706 4933 745 4976 ac
760 4911 868 4976 dictos
883 4912 1043 4977 comitem
1055 4919 1090 4976 et
1099 4912 1359 4977 communitates
1382 4919 1499 4977 contra
1514 4919 1548 4976 te
1564 4911 1733 4977 deffende-

381 5025 450 5080 rent
466 5025 500 5080 et
513 5016 679 5100 juvarent.

412 5176 435 5207 a.
449 5175 598 5221 guerrarum
611 5175 661 5223 req.
673 5187 705 5194 —
718 5160 739 5208 b.
755 5175 811 5207 suos
823 5175 874 5223 rep.
890 5187 921 5194 —
933 5176 953 5208 c.
965 5160 1098 5207 excederes
1110 5175 1163 5222 req.
