4409 6017
494 718 555 785 572
1033 716 1189 783 Neuvitne
1210 713 1311 781 annea.

539 868 682 953 1556.
1583 898 1727 965 1325‚4
1747 881 1824 947 mai.

538 986 690 1053 Amoldo
730 985 772 1050 de
804 983 919 1069 Hoyo,
954 982 1048 1050 dicto
1082 980 1227 1067 Leglize,
1258 981 1429 1047 confertur
1465 979 1694 1048 canonicatus
1724 981 1858 1050 ecclesie

496 1087 534 1154 B.
552 1087 659 1154 Marie
675 1087 912 1169 CennacensiS,
925 1084 1121 1153 Leodiensis
1136 1083 1289 1167 diocesis,
1305 1088 1365 1151 sub
1381 1084 1622 1171 expectatione
1641 1086 1830 1173 prebende.

538 1192 593 1258 Ad
608 1193 770 1258 illorum...

540 1296 619 1362 Dat.
635 1295 734 1363 Avin.
751 1318 771 1381 4
787 1315 867 1360 non.
884 1294 962 1360 maii
978 1313 1069 1360 anno
1087 1314 1116 1375 9.

541 1398 580 1464 In
596 1420 625 1465 e.
641 1421 686 1465 m.
701 1398 813 1465 abbati
831 1396 1024 1465 monasterii
1041 1396 1072 1463 S.
1088 1394 1208 1475 Jacobi
1233 1415 1273 1461 ac
1300 1396 1331 1462 S.
1349 1395 1441 1462 Pauli
1468 1394 1673 1462 Leodiensis
1690 1405 1727 1463 et
1757 1396 1858 1463 Cami-

492 1502 608 1568 nensis
623 1502 838 1569 ecclesiarum
853 1501 999 1568 decanis.

529 1642 591 1703 aeg.
603 1642 649 1690 nv.
665 1639 879 1702 23,f.198;Vat.
892 1641 929 1698 aa,
942 1638 961 1687 f.
976 1640 1028 1697 arv,
1042 1652 1068 1687 n.
1084 1638 1155 1685 1452.

542 1824 682 1908 1557.
1585 1858 1688 1922 1325,
1704 1860 1728 1925 4
1744 1841 1820 1905 mai.

541 1939 699 2023 Johanni,
729 1950 811 2008 nato
841 1941 978 2007 Gerardi
1009 1940 1091 2006 dicti
1123 1939 1239 2023 Craus,
1269 1940 1438 2007 confertur
1468 1942 1697 2011 canonicatus
1723 1943 1856 2011 ecclesie

498 2044 530 2111 S.
546 2044 641 2111 Pauli
656 2044 853 2113 Leodiensis
868 2047 929 2112 sub
945 2044 1181 2131 expectatione
1196 2045 1376 2131 prebende.

541 2148 721 2215 Probitatis
736 2158 826 2216 tue...

541 2253 620 2320 Dat.
635 2253 736 2319 Avin.
753 2276 772 2339 4
789 2273 868 2319 non.
884 2253 964 2319 maii
981 2272 1071 2319 anno
1088 2274 1117 2335 9.

542 2356 582 2422 ln
598 2378 627 2423 e.
643 2377 687 2423 m.
703 2357 817 2422 abbati
842 2355 1035 2422 monasterii
1063 2356 1095 2423 S.
1111 2355 1130 2434 J
1134 2355 1230 2422 acobi
1246 2377 1286 2423 ac
1301 2357 1333 2424 S.
1352 2356 1468 2424 Crucis
1483 2356 1687 2424 Leodiensis
1704 2367 1740 2425 et
1758 2357 1857 2424 Cami-

497 2460 609 2526 nensis
624 2459 838 2526 ecclesiarum
861 2460 1006 2527 decanis.

531 2604 593 2666 Reg.
606 2606 653 2652 Ar.
665 2606 704 2663 23,
717 2604 735 2653 i.
752 2605 798 2652 146
813 2620 819 2662 ;
832 2604 891 2652 vm.
905 2606 942 2664 79,
955 2604 973 2654 f.
988 2606 1028 2664 92,
1040 2619 1065 2654 n.
1081 2604 1153 2653 1481.

543 2791 686 2876 1558.
1379 2889 1380 2893 Ἰ
1588 2822 1689 2887 1325,
1706 2826 1730 2891 4
1745 2808 1823 2870 mai.

542 2909 693 2977 Henrico
707 2910 750 2976 de
767 2908 932 2989 Flandria,
948 2908 1062 2975 comiti
1080 2907 1257 2989 Laudensi,
1274 2907 1489 2973 confirmatur
1504 2906 1688 2974 comitatus
1713 2907 1858 2976 Lauden-

499 3014 552 3095 sis,
561 3014 624 3100 ipsi
636 3034 696 3100 per
708 3013 796 3080 clare
808 3012 969 3077 memorie
983 3011 1178 3094 Henricum,
1197 3011 1389 3077 Romanum
1405 3012 1656 3098 imperatorem,
1672 3032 1857 3081 concessus.

542 3117 562 3195 J
566 3117 647 3183 ustis
661 3116 886 3204 petentibus...

544 3221 622 3287 Dat.
639 3220 738 3288 Avin.
755 3242 774 3305 4
790 3241 871 3287 non.
888 3219 966 3284 maii
982 3240 1072 3284 anno
1086 3241 1115 3299 9.

532 3355 593 3416 aeg.
606 3356 652 3403 nv.
665 3357 703 3411 aa,
718 3355 734 3402 f.
750 3357 809 3402 aaa
822 3370 827 3409 ;
841 3354 899 3404 uae.
915 3355 956 3411 ro,
969 3354 987 3401 r.
999 3355 1054 3410 aaa,
1068 3367 1092 3401 ιι.
1106 3354 1177 3402 aaut.

544 3541 847 3626 1559-1562.
1589 3559 1821 3642 1325‚4maz'.

546 3660 695 3726 Henrico
707 3661 750 3727 de
768 3660 933 3741 Flandria,
950 3660 1066 3726 comiti
1082 3659 1259 3743 Laudensi,
1276 3668 1311 3725 et
1327 3658 1527 3746 Margarete,
1543 3660 1616 3744 ejus
1626 3662 1736 3744 uxori,
1747 3681 1854 3728 conce·
1894 3646 1895 3655 ἵ

500 3764 589 3831 ditur
603 3765 707 3829 altare
723 3765 889 3849 portatile.

545 3867 596 3935 Ut
608 3889 650 3933 eo
665 3868 854 3935 libentius...

545 3971 624 4037 Dat.
640 3970 739 4037 Avin.
755 3994 775 4057 4
791 3992 870 4039 non.
886 3972 964 4038 maii
982 3992 1072 4038 anno
1089 3993 1118 4053 9.

534 4115 594 4176 aeg.
607 4118 654 4164 nv.
671 4118 709 4174 aa,
722 4116 741 4164 f.
754 4117 830 4173 asam
847 4116 906 4165 iat.
919 4118 957 4175 ra,
970 4116 989 4165 f.
1002 4118 1069 4175 aon,
1086 4129 1112 4165 n.
1125 4118 1196 4164 2263.

547 4301 650 4363 1560.
668 4331 712 4342 -
729 4292 866 4359 Eisdem
882 4292 1076 4360 conceditur
1100 4301 1138 4358 ut
1154 4299 1339 4375 antequam
1354 4290 1425 4356 dies
1439 4289 1612 4354 illucescat
1629 4290 1770 4357 missam
1783 4288 1853 4355 cele·

501 4397 586 4462 brari
604 4397 713 4464 facere
729 4399 875 4463 valcant.

547 4500 731 4567 Devotioni
748 4509 838 4568 tue...

548 4605 626 4670 Dat.
642 4605 742 4669 Avin.
756 4627 775 4689 4
792 4625 870 4671 non.
887 4604 965 4670 maii
981 4625 1071 4670 anno
1089 4625 1118 4685 9.

538 4742 597 4803 Reg.
609 4743 656 4790 Ar.
670 4745 707 4795 23,
722 4743 739 4788 f.
753 4743 812 4788 latr
825 4758 830 4798 ;
844 4742 903 4789 Vat.
916 4744 953 4800 79,
967 4741 984 4790 i.
998 4744 1053 4801 362,
1066 4756 1092 4789 n.
1105 4743 1176 4790 2265.

550 4919 647 4983 1561.
666 4954 709 4964 -
735 4916 871 4982 Eisdem
898 4916 1088 5002 indulgetur
1114 4924 1152 4982 ut
1168 4915 1202 4981 in
1218 4917 1301 4983 locis
1317 4914 1545 4982 ecclesiastico
1560 4917 1747 5003 suppositis
1768 4918 1852 4986 inter·

503 5021 596 5087 dicto
611 5020 724 5086 divina
740 5019 853 5086 officia
870 5021 1027 5087 celebrari
1043 5020 1153 5087 facere
1169 5021 1316 5091 valeant.

551 5120 602 5193 Ut
618 5144 695 5212 erga
710 5123 863 5192 Sedem...
1309 5131 1310 5135 ’
