4409 6017
908 743 1054 808 Premiere
1074 743 1176 807 auree.
1252 734 1254 739 ’
1367 702 1369 706 ⁷
1687 748 1727 812 13

405 888 519 975 233-
1369 927 1464 992 1317,
1484 929 1525 993 14
1535 907 1682 990 jczrwier.

406 1008 581 1076 Boniiacio
596 1009 744 1094 Aycardi
760 1009 931 1075 confertur
946 1010 1164 1075 canonicatus
1179 1011 1319 1077 ecclesie
1342 1012 1373 1077 S.
1398 1009 1727 1077 MarieAnthonien·

357 1110 414 1190 sis,
440 1109 693 1175 Cameracensis
719 1109 870 1190 diocesis,
896 1112 956 1174 sub
981 1109 1217 1195 expectatione
1247 1113 1427 1196 prebende,
1458 1114 1725 1181 consideratione

358 1212 482 1295 Marie,
498 1213 668 1280 comitisse
684 1213 856 1279 Sabaudie.

402 1319 460 1384 Ad
475 1320 608 1385 illorum
619 1318 886 1405 provisionem...

405 1423 485 1487 Dat.
502 1423 602 1488 Avin.
617 1443 654 1503 19
671 1424 737 1490 kal.
753 1424 905 1490 februarii
921 1445 1010 1490 anno
1030 1444 1057 1490 1.

404 1527 447 1592 ln
463 1550 493 1593 e.
509 1550 554 1594 m.
569 1528 730 1615 episcopo
747 1528 973 1595 Maurianensi
985 1538 1019 1595 et
1031 1531 1143 1596 abbati
1156 1532 1347 1597 monasterii
1353 1542 1367 1568 ‘⁸
1382 1532 1413 1600 S.
1423 1532 1444 1612 J
1447 1535 1511 1601 usti
1521 1534 1563 1601 de
1573 1536 1727 1602 Seccusia

354 1655 398 1699 ac
415 1634 516 1719 priori
533 1634 564 1699 S.
582 1633 715 1701 Nicolai
731 1635 772 1701 de
787 1635 922 1715 Albino,
938 1633 1151 1701 laurinensis
1166 1646 1201 1701 et
1216 1636 1529 1726 Grationopolitane
1544 1639 1725 1707 diocesum.

391 1791 456 1852 neg.
468 1792 517 1838 Av.
529 1793 551 1849 5,
565 1790 582 1838 f.
595 1791 642 1837 649
652 1806 657 1842 ;
667 1789 726 1839 Vat.
738 1792 776 1850 66,
791 1792 809 1840 f.
822 1793 888 1851 lulv,
898 1806 923 1839 n.
935 1793 1007 1840 2528.

400 1973 519 2059 234.
1375 2015 1470 2079 1317,
1489 2017 1682 2080 [4711116141.

402 2096 623 2162 Perchevallo
645 2095 688 2161 de
711 2094 837 2180 Bargiis
859 2096 1028 2162 confertur
1052 2097 1270 2165 canonicatus
1292 2099 1434 2165 ecclesie
1459 2100 1490 2166 S.
1517 2098 1607 2165 Petri
1630 2108 1725 2166 extra

354 2222 473 2268 muros
496 2200 641 2268 civitatis
665 2200 873 2285 Magantine,
897 2205 957 2267 sub
981 2185 1216 2288 expectatione
1246 2202 1426 2289 prebende,
1452 2203 1719 2270 consideratione

356 2308 480 2390 Marie,
503 2308 673 2375 comitisse
696 2309 869 2389 Sabaudie,
886 2328 960 2396 ‚non
985 2311 1142 2374 obstante
1158 2309 1249 2393 quod
1269 2309 1504 2374 canonicatum
1526 2318 1561 2375 et
1585 2311 1725 2394 preben-

352 2414 488 2481 damin
505 2414 648 2480 ecclesia
664 2413 864 2499 Maguntina
879 2433 918 2479 ac
935 2414 1154 2499 capellaniam
1170 2413 1338 2498 quandam
1354 2414 1386 2480 S.
1402 2412 1561 2480 Bemardi
1578 2413 1620 2480 de
1635 2412 1724 2480 Tau·

353 2516 442 2600 rino,
458 2518 531 2584 sine
547 2539 635 2599 cura,
651 2518 775 2585 modici
790 2517 921 2598 valoris,
938 2518 1078 2584 obtinet.

399 2621 458 2687 Ad
473 2622 605 2688 illorum
621 2624 853 2709 provisionem.
863 2672 886 2688 ..

401 2726 482 2792 Dat.
497 2726 599 2792 Avin.
620 2748 656 2808 19
673 2728 738 2793 kal.
755 2726 909 2793 februarii
926 2748 1016 2792 anno
1037 2747 1062 2793 1.

403 2830 444 2897 ln
460 2853 490 2897 e.
507 2854 550 2897 m.
568 2840 721 2923 utsupra
739 2858 769 2899 n.
788 2857 807 2900 2
807 2854 828 2920 3
829 2854 862 2920 3.

389 2996 454 3059 neg.
467 2998 514 3045 nv.
530 2999 552 3046 5.
563 2995 580 3044 r.
593 2996 639 3044 151
650 3011 656 3045 ι
667 2994 727 3045 rat.
740 2996 779 3054 65,
794 2994 812 3043 r.
827 2995 878 3054 162,
892 3007 916 3043 n.
928 2994 1000 3044 2521.

401 3192 651 3282 235·238·
1373 3221 1467 3288 1317,
1485 3201 1680 3290 1471111411.

403 3315 575 3402 Magistris
599 3315 700 3383 Petro
725 3312 887 3394 Durandi,
912 3313 1087 3398 capellano
1112 3331 1208 3399 pape,
1235 3308 1400 3377 canonico
1423 3307 1662 3391 Ebrednnensi,
1689 3318 1723 3374 et

357 3420 533 3488 Bemardo
548 3422 590 3487 de
607 3419 876 3499 MontevalranO,
892 3416 1013 3483 rectori
1037 3416 1178 3484 ecclesie
1195 3415 1232 3482 B.
1251 3413 1357 3480 lilarie
1378 3416 1421 3481 de
1444 3416 1610 3498 Verdano,
1633 3415 1724 3482 Tho·

356 3526 476 3591 losane
491 3524 643 3604 diocesis,
660 3526 702 3591 ad
717 3524 968 3603 Treverensern,
987 3520 1232 3606 Maguntinam,
1250 3522 1488 3588 Coloniensem
1504 3532 1538 3587 et
1554 3523 1723 3587 Salzebur-

355 3650 497 3713 gensem
514 3628 664 3695 dioceses
680 3639 714 3696 et
730 3628 918 3716 provincias
934 3626 1112 3711 deputatis,
1130 3627 1324 3693 conceditur
1333 3633 1483 3713 potestas
1499 3626 1723 3712 compellendi

356 3754 480 3799 omnes
502 3754 661 3819 personas
683 3733 924 3800 ecclesiasticas
947 3731 989 3797 ad
1013 3731 1209 3815 exequenda
1233 3732 1391 3797 mandata
1410 3738 1444 3794 et
1460 3730 1723 3813 sententiasque

356 3860 419 3924 per
434 3838 525 3923 ipsos
540 3839 741 3923 promulgari
758 3838 944 3922 contigerit,
962 3836 1090 3901 ratione
1108 3835 1318 3919 negotiorum
1334 3836 1394 3902 sibi
1415 3837 1679 3903 commissorum.

405 3941 491 4005 Cum
510 3962 571 4006 nos
583 3941 666 4007 de...

405 4047 486 4111 Dat.
502 4046 602 4111 Arin.
623 4067 659 4127 19
675 4046 741 4113 kal.
759 4046 909 4112 februarii
927 4067 1017 4111 anno
1038 4066 1064 4111 1.

394 4199 455 4260 Repe.
470 4200 528 4248 Vat.
539 4202 577 4257 63,
590 4200 607 4247 f.
619 4201 686 4256 3111,
701 4215 754 4247 cnr.
765 4216 790 4249 n.
806 4203 845 4251 511,

405 4406 488 4467 236.
506 4434 551 4443 -
567 4395 701 4461 Eisdem
718 4397 881 4480 magistris
897 4397 1075 4461 mandatur
1090 4407 1254 4481 quatenus
1270 4418 1388 4463 omnes
1403 4400 1620 4485 pecuniarum
1636 4421 1723 4466 sunr-

358 4526 433 4570 mas
457 4526 477 4569 a
499 4502 668 4588 quibusvis
692 4502 841 4587 personis
866 4501 1028 4566 dictarum
1054 4500 1225 4566 diocesum
1253 4512 1287 4566 et
1314 4504 1559 4587 provinciarum
1584 4507 1723 4572 ecclesie

362 4609 517 4674 Romane
533 4608 671 4684 debitas
688 4617 812 4692 petere,
828 4607 958 4689 exigere
974 4616 1009 4671 et
1024 4606 1171 4691 recipere
1187 4607 1353 4673 studeant.

407 4712 493 4777 Cum
510 4733 572 4778 nos
587 4721 643 4777 etc.

409 4817 486 4881 Dat.
502 4817 602 4881 nnn.
624 4837 659 4895 19
677 4816 741 4881 kal.
760 4816 909 4880 februarii
926 4836 1015 4881 anno
1036 4835 1062 4880 1.

400 4975 458 5036 ch.
472 4975 529 5024 Vat.
542 4979 582 5033 63,
596 4977 614 5024 f.
628 4978 694 5026 3171.
707 4993 760 5025 cur.
773 4992 798 5024 n.
811 4979 850 5025 52.

400 5185 423 5216 u.
435 5171 554 5219 secularis
567 5187 617 5236 rep.
629 5173 676 5220 Ar.
688 5178 711 5218 ut
730 5174 783 5221 l'ut.
