4409 6017
419 713 481 779 256
959 708 1117 774 Troisibme
1138 708 1240 775 annes.

462 862 580 945 645.
1337 872 1395 959 [13
1402 873 1450 954 r8,
1468 889 1511 955 17
1527 870 1724 959 septembre}

463 980 610 1046 Domine
625 978 667 1044 de
684 977 863 1059 Couciac0,
881 977 1105 1063 primogenite
1131 977 1280 1058 Roberti,
1297 976 1431 1043 comitis
1456 974 1615 1042 Flandric
1630 975 1684 1060 (¹),
1698 974 1755 1040 scri·

419 1086 508 1152 bitur
523 1093 561 1150 ut
575 1092 705 1170 patrem
721 1103 818 1148 suum
833 1081 876 1147 ad
891 1101 1010 1167 pacem
1026 1081 1171 1147 inducat.

465 1307 481 1345 a
501 1281 633 1346 Dilecte
649 1278 682 1343 in
700 1277 836 1342 Christo
853 1276 918 1340 filie
933 1276 1038 1341 nobili
1051 1274 1180 1340 mulieri
1196 1275 1311 1341 dilecti
1328 1275 1386 1340 filii
1404 1274 1527 1341 nobilis
1543 1274 1605 1339 viri
1630 1273 1753 1354 Roberti,

421 1386 553 1453 comitis
570 1382 736 1463 Flandric,
760 1380 992 1466 primogenite,
1017 1378 1155 1444 domine
1183 1378 1365 1463 Cuyssiaci.
1390 1378 1535 1445 Grandis
1560 1377 1696 1444 affectus
1713 1385 1752 1442 etc.

421 1511 524 1576 usqne
538 1486 722 1574 prevenire.
740 1483 839 1564 Ecce,
853 1483 930 1563 filia,
947 1482 989 1547 de
1006 1491 1196 1568 treugarum
1218 1490 1275 1548 etc.
1292 1490 1330 1548 ut
1345 1484 1377 1547 r'n
1394 1483 1551 1570 proxima
1568 1502 1670 1566 usque
1683 1479 1753 1546 indu-

419 1596 483 1674 bie,
500 1593 593 1677 cujus
608 1589 711 1656 veluti
728 1587 869 1674 pacifica
886 1587 952 1652 lilia
969 1586 1032 1651 Dei
1050 1587 1162 1651 vocari
1190 1586 1379 1670 mereberis,
1395 1607 1435 1653 ac
1450 1585 1531 1653 dicti
1547 1584 1701 1671 genitoris
1712 1590 1753 1647 etc.

421 1697 572 1782 usquein
585 1698 705 1783 finem.
724 1708 741 1759 ›

451 1835 513 1895 llog.
524 1832 586 1880 Vnt.
600 1834 653 1888 110,
666 1844 725 1893 pars
738 1829 757 1887 l,
770 1829 788 1876 f.
800 1830 838 1887 33,
849 1842 873 1876 n.
889 1830 941 1875 101.
957 1854 989 1862 —
1004 1827 1109 1886 Coulon,
1124 1842 1148 1875 n.
1163 1829 1217 1876 ris.

465 1995 584 2079 646-
1335 2006 1448 2092 [1318,
1467 2023 1508 2089 17
1523 2001 1721 2091 septembre}

464 2112 630 2197 Philippo,
642 2110 710 2194 regi
728 2108 878 2189 Francie,
889 2108 1040 2175 scribitur
1056 2108 1146 2193 quod
1161 2108 1342 2175 mittuntur
1357 2109 1466 2176 nuntii
1481 2108 1657 2195 apostolici
1672 2106 1752 2172 Com·

422 2215 582 2303 pendium
598 2222 633 2279 et
649 2221 686 2278 ut
702 2212 840 2278 inclinet
856 2233 1024 2278 corsuum
1039 2211 1082 2278 ad
1098 2212 1313 2278 clementiam
1329 2233 1406 2298 erga
1423 2212 1656 2279 Flandrenses.

466 2430 484 2470 c
501 2405 681 2471 Carissimo
697 2404 730 2468 in
748 2403 882 2469 Christo
906 2404 975 2469 lilio
991 2403 1157 2491 Philippo,
1173 2405 1241 2490 regi
1258 2403 1401 2472 Francie
1424 2416 1459 2472 et
1474 2405 1628 2472 Navarre
1651 2399 1756 2471 illustri.

422 2510 522 2590 Ecce,
539 2509 585 2574 fili
602 2509 780 2588 carissime,
796 2508 939 2573 dilectos
954 2507 1040 2573 filios
1056 2508 1172 2573 fratres
1188 2508 1393 2576 Bemardum
1409 2509 1585 2592 Guidonis,
1607 2509 1757 2596 inquisito

420 2634 491 2678 rem
507 2612 654 2678 heretice
670 2612 845 2697 pravitatis
861 2612 893 2675 in
910 2632 1013 2696 regno
1029 2611 1171 2678 Francie
1186 2633 1246 2698 per
1260 2613 1382 2680 Sedem
1404 2614 1626 2700 apostolicam
1640 2613 1759 2700 deputa·

419 2725 503 2799 tum,
520 2717 782 2797 Predicatorum,
798 2724 833 2781 et
849 2716 1071 2782 Bertrandum
1085 2717 1128 2783 de
1144 2717 1258 2800 Turre,
1273 2739 1365 2784 sacre
1387 2718 1558 2806 theologie
1573 2719 1759 2804 magistrum,

420 2821 609 2887 ministrum
625 2820 863 2907 provincialem
873 2820 1064 2905 Aquitanie,
1078 2818 1249 2886 Minorum
1262 2822 1399 2888 fratrum
1419 2824 1585 2904 ordinum,
1595 2819 1762 2910 apostolice

421 2924 515 2990 Sedis
531 2924 677 3005 nuntios
694 2925 815 2990 latores
829 2924 1047 3010 presentium,
1063 2924 1153 2989 viros
1180 2924 1294 3010 utique
1318 2926 1361 2992 de
1387 2947 1528 3011 quorum
1544 2926 1718 3013 prudentia
1736 2928 1762 2988 et

422 3028 771 3114 circumspectionem
788 3027 899 3094 arduis
922 3048 983 3114 per
998 3048 1060 3093 nos
1084 3027 1166 3094 alias
1186 3028 1247 3094 sibi
1273 3029 1458 3096 commissis
1481 3035 1624 3117 probata
1639 3027 1763 3098 confidi·

421 3153 505 3212 mus,
522 3141 556 3197 et
572 3152 655 3217 quos
670 3132 774 3197 veluti
790 3131 833 3197 de
848 3152 951 3217 regno
966 3139 1026 3196 tuo
1043 3130 1186 3197 Francie
1202 3132 1358 3199 oriundos
1374 3134 1434 3200 tibi
1451 3133 1568 3201 fideles
1578 3136 1613 3199 in
1625 3134 1765 3201 omnibus

420 3237 568 3323 regiique
585 3236 654 3301 sore
670 3237 831 3301 zelatores
854 3235 990 3300 honoris
1006 3243 1097 3300 certa
1120 3236 1213 3321 quasi
1229 3236 1482 3303 verisimilitudo
1506 3238 1686 3324 promittit,
1701 3246 1733 3303 et
1751 3255 1764 3300 a

420 3341 538 3426 quibus
554 3341 655 3405 etiam
682 3362 723 3404 ex
740 3339 947 3405 habundanti
972 3339 1014 3405 de
1038 3339 1217 3424 implendis
1232 3361 1272 3406 ac
1296 3341 1500 3426 exequendis
1516 3343 1658 3407 solerter
1679 3353 1765 3426 atque

421 3445 562 3511 fideliter
577 3444 732 3510 omnibus
754 3444 815 3509 sibi
831 3463 890 3528 per
905 3464 967 3508 nos
990 3443 1133 3508 fidenter
1148 3443 1313 3528 impositis
1335 3444 1521 3531 recepimus
1540 3446 1766 3531 juramentum,

418 3549 506 3634 apud
517 3548 764 3634 Compendium
779 3560 791 3584 ⁶
808 3548 862 3612 ubi
880 3547 913 3610 in
930 3546 1058 3611 octabis
1073 3546 1230 3612 instantis
1246 3547 1320 3612 sesti
1336 3549 1446 3615 sancti
1464 3548 1607 3634 Remigii
1625 3568 1766 3637 procura-

419 3661 507 3717 tores
523 3661 557 3716 et
573 3651 679 3716 nuntii
697 3650 810 3717 dilecti
829 3649 885 3713 filii
901 3650 1022 3714 nobilis
1046 3650 1106 3713 viri
1126 3649 1274 3731 Roberti,
1298 3652 1442 3733 comitis,
1467 3673 1507 3718 ac
1533 3656 1766 3720 comunitatum

419 3763 453 3819 et
470 3754 722 3818 universitatum
740 3751 895 3817 Flandric
911 3752 1035 3817 debent
1046 3774 1123 3818 cum
1139 3753 1205 3817 tuis
1216 3754 1342 3819 nuntiis
1352 3756 1542 3837 convenire,
1553 3778 1615 3842 pro
1624 3754 1766 3823 habendo

419 3878 517 3942 super
532 3857 624 3941 pacis
648 3856 846 3922 solidatione
863 3863 1008 3921 tractatu
1033 3877 1133 3940 quem
1150 3856 1325 3937 Dominus,
1341 3867 1379 3923 ut
1402 3868 1568 3944 optamuS,
1587 3861 1632 3927 ad
1654 3861 1765 3926 exitum

419 3960 570 4026 votivum
586 3960 741 4040 adducat,
758 3959 912 4024 duximus
928 3959 1156 4039 destinandos,
1172 3981 1232 4045 per
1247 3970 1404 4046 patentes
1426 3972 1558 4029 nostras
1573 3962 1766 4031 commissio

419 4063 471 4127 nis
486 4063 613 4127 litteras
629 4063 754 4129 eisdem
772 4063 923 4147 injuncto
938 4072 985 4142 ut,
1002 4063 1056 4128 dic
1072 4084 1112 4128 ac
1127 4064 1204 4128 loco
1214 4063 1382 4149 predictis,
1396 4086 1472 4131 cum
1485 4067 1613 4133 eisdem
1627 4086 1765 4155 procura·

419 4167 545 4232 toribus
561 4187 618 4231 seu
635 4167 759 4231 nuntiis
776 4165 1034 4232 Flandrensibus
1049 4166 1060 4200 ⁶
1075 4179 1322 4249 concurrentes,
1339 4177 1409 4234 tam
1424 4170 1503 4257 ipsis
1527 4193 1629 4258 quam
1651 4168 1765 4239 dilectis

421 4270 495 4334 liliis
512 4270 677 4335 nobilibus
687 4270 765 4335 viris
782 4270 963 4348 Ludorico,
977 4270 1091 4335 comiti
1104 4270 1316 4352 Nivernensi,
1329 4274 1564 4359 primogenito,
1577 4285 1613 4342 et
1623 4275 1766 4344 Roberto

420 4375 489 4458 ejus
513 4374 613 4454 fratri,
631 4375 700 4439 lilio
726 4374 806 4439 dicti
831 4374 963 4439 comitis
992 4373 1148 4439 Flandric
1164 4385 1182 4454 ³,
1211 4377 1236 4441 si
1260 4385 1434 4461 presentes
1460 4377 1540 4444 inibi
1564 4380 1696 4461 fuerint,
1720 4383 1766 4443 aut

421 4478 465 4542 illi
483 4500 524 4542 ex
541 4478 588 4543 eis
605 4479 659 4561 qui
677 4487 758 4543 tunc
775 4478 897 4543 ibidem
914 4478 1025 4543 forsan
1042 4478 1203 4560 intererit,
1220 4490 1415 4565 presentent
1431 4482 1560 4549 litteras
1577 4481 1769 4571 apostolicas

421 4582 480 4646 sibi
499 4591 650 4667 exparte
667 4589 780 4646 nostra
806 4580 960 4662 directas,
976 4601 1017 4646 ac
1039 4591 1192 4647 nostrum
1208 4584 1250 4648 ad
1277 4584 1368 4669 pacis
1393 4584 1599 4650 soliditatem
1623 4585 1773 4651 affectum

453 4777 477 4808 a.
489 4760 558 4822 apud
573 4760 758 4821 Compendium
774 4774 880 4821 rrraernqnc
893 4776 942 4823 rep.
960 4760 1013 4809 llll.
1028 4787 1060 4794 -
1073 4760 1095 4809 l.
1111 4761 1232 4808 Flandric
1246 4777 1296 4824 rep.
1311 4763 1366 4811 109.
1381 4790 1413 4796 —
1425 4777 1446 4812 c.
1461 4762 1628 4814 Flendrcnsis
1640 4781 1687 4827 ny.
1698 4763 1753 4811 11⁰.

421 4920 608 4927 -——-·——-·-—
625 4922 654 4925 -—
677 4921 771 4926 -—
799 4921 848 4926 ——
869 4921 898 4926 .--
953 4921 1090 4928 .—.

456 5057 477 5102 l.
491 5054 591 5101 lcannc
602 5053 634 5101 de
648 5052 766 5110 l'lanrlro,
780 5052 831 5100 tillo
848 5051 922 5101 nini-c
934 5053 965 5100 rlc
986 5053 1080 5100 Robert
1093 5051 1125 5099 «ln
1146 5049 1423 5108 bellummontem
1439 5054 1500 5102 1288
1520 5056 1536 5103 ri
1550 5052 1710 5117 Enguenanrl
1730 5038 1781 5095 Π

422 5138 469 5184 siro
481 5137 513 5184 dc
526 5135 620 5184 Coucr.
