4409 6017
492 686 555 753 594
1021 670 1299 781 Norivitr‘rru'annto.
1878 393 1902 745 1

495 834 649 915 diocesis,
660 840 696 899 et
707 832 984 919 archipresbitero
996 818 1258 898 Pistoriensisssac
1267 828 1480 894 -Bertrammc
1491 827 1534 893 de
1546 825 1683 911 Longis,
1698 823 1856 890 canonico

496 937 693 1005 Leodiensis
708 928 950 1004 ecclesiarum.¹
1044 943 1050 950 '
1114 942 1118 947 ’
1826 935 1828 939 ’

528 1033 1182 1157 aeg.nv.aar.4973uat.ra‚r.arr‚'n.2aos..
1482 1124 1485 1133 ,
1902 1090 1905 1255 Ι

543 1246 679 1330 1618.
711 1243 714 1248 ’
811 1293 814 1298 ·
1531 1273 1625 1338 1325,
1641 1252 1823 1336 2ojuillet.

535 1371 684 1458 ¹Jobanni
707 1373 750 1439 de
777 1373 922 1458 Quercu,
938 1372 1107 1439 monacho
1130 1370 1323 1437 monasterii
1351 1370 1382 1435 S.
1400 1367 1545 1435 Huberti
1571 1367 1605 1432 in
1630 1366 1807 1446 Ardenna,
1822 1363 1858 1430 O.

496 1477 527 1543 S.
544 1475 593 1558 B,
611 1476 808 1544 Leodiensis
823 1466 978 1559 diocesis,
994 1483 1182 1543 reservatur
1203 1473 1414 1562 prepositura
1427 1481 1486 1539 aut
1501 1470 1764 1553 administratio,
1780 1472 1859 1559 prio

496 1589 587 1647 ratus
598 1579 653 1648 vel
667 1580 816 1649 officium
826 1580 1098 1647 seubeneficium
1108 1579 1383 1659 ecclesiasticum,
1396 1584 1595 1643 consuetum
1604 1594 1666 1662 per
1680 1576 1861 1642 monachus

496 1685 577 1752 dicti
600 1687 794 1752 monasterii
817 1686 1004 1772 gubernari,
1021 1684 1064 1751 ad
1087 1684 1308 1751 collationem
1325 1681 1456 1749 abbatis
1470 1679 1550 1747 dicti
1561 1678 1773 1762 monasterii,
1790 1700 1861 1746 con·

497 1789 699 1857 sideratione
721 1789 741 1869 J
745 1787 898 1872 ohannis,
914 1790 1000 1875 regis
1016 1787 1167 1872 Boemie,
1183 1808 1252 1854 non
1269 1788 1427 1853 obstante
1452 1784 1542 1871 quod
1563 1782 1715 1850 officium
1741 1785 1861 1851 elemo-

497 1894 618 1961 sinarie
638 1895 788 1981 ejusdem
803 1895 998 1962 monasterii
1015 1893 1157 1977 obtinet,
1175 1892 1265 1979 quod
1277 1890 1448 1958 dimittere
1463 1889 1645 1955 tenebitur.

543 1996 729 2084 Religionis
743 2001 874 2065 zelus...

543 2101 622 2169 Dat.
638 2102 739 2169 Avin.
760 2124 796 2188 13
813 2103 880 2170 kal.
896 2104 1026 2189 augusti
1042 2123 1133 2169 anno
1151 2123 1179 2183 9.

544 2207 584 2273 In
609 2228 638 2273 e.
664 2228 708 2274 nr.
733 2209 845 2274 abbati
873 2207 1068 2275 monasterii
1095 2207 1128 2274 S.
1150 2205 1260 2273 Marie
1292 2206 1594 2298 Lucemburgensis
1624 2213 1660 2272 et
1690 2205 1863 2293 preposito

501 2311 692 2378 Parmensis
706 2331 746 2378 ac
762 2310 974 2379 Bertrammo
989 2310 1032 2378 de
1048 2310 1183 2398 Longis,
1199 2311 1364 2379 canonico
1380 2309 1576 2377 Leodiensis
1592 2310 1825 2400 ecclesiarum.

533 2443 595 2508 aeg.
608 2448 655 2495 Ar.
670 2447 710 2506 23,
725 2447 744 2496 f.
759 2449 806 2495 514
819 2462 825 2504 ;
838 2447 900 2497 Vnt.
913 2450 952 2508 ⁷9,
967 2448 985 2498 f.
1001 2449 1055 2509 394,
1068 2463 1094 2498 n.
1107 2449 1180 2503 2348.

548 2616 686 2702 1619.
830 2620 832 2623 ’
897 2640 899 2645 ’
1010 2642 1012 2644 ’
1534 2655 1627 2720 1325,
1642 2656 1686 2701 20
1696 2635 1824 2719 juillet.

548 2735 712 2803 Nicbasio
735 2736 777 2803 de
804 2736 1007 2805 Wavrechin
1041 2738 1212 2805 confertur
1241 2739 1461 2806 canonicatus
1490 2740 1633 2807 ecclesie
1659 2739 1692 2806 S.
1723 2740 1867 2807 Servatii

506 2841 740 2926 Trajectensis,
777 2840 972 2909 Leodiensis
1013 2842 1165 2926 diocesis,
1203 2846 1264 2910 sub
1301 2845 1539 2931 expectatione
1576 2845 1761 2930 prebende,
1799 2866 1866 2910 non

504 2948 660 3011 obstante
687 2945 778 3030 quod
804 2946 839 3012 in
865 2945 1006 3014 ecclesia
1030 2948 1061 3013 S.
1086 2945 1316 3014 Bartholomei
1350 2947 1546 3015 Leodiensis
1570 2948 1812 3015 canonicatum
1835 2958 1869 3014 et

503 3050 708 3137 prebendam
725 3049 866 3117 obtinet.

547 3154 719 3220 Attributa
734 3156 836 3221 tibi...

546 3258 625 3323 Dat.
641 3258 741 3325 Avin.
761 3281 797 3341 13
816 3259 881 3326 kal.
898 3261 1027 3346 augusti
1045 3283 1135 3328 anno
1153 3283 1181 3343 9.

547 3362 586 3426 ln
613 3384 642 3428 e.
673 3384 717 3428 m.
748 3365 860 3429 abbati
891 3366 1085 3431 monasterii
1116 3365 1155 3431 B.
1179 3364 1287 3431 Marie
1315 3365 1624 3452 Lucemburgensis,
1651 3367 1864 3436 Treverensis

502 3465 655 3546 diocesis,
682 3475 716 3532 et
747 3467 876 3533 decano
892 3468 923 3535 S.
954 3466 1118 3545 Jobannis
1139 3465 1180 3535 ac
1204 3470 1439 3536 archidiacono
1469 3471 1604 3556 majoris
1628 3471 1863 3553 Leodiensium

503 3579 731 3645 ecclesiarum.

537 3729 598 3788 Reg.
611 3731 658 3776 Av.
668 3730 707 3786 31,
722 3728 740 3776 f.
753 3730 816 3786 375;
830 3728 888 3777 Vat.
901 3730 941 3788 88,
955 3729 973 3777 f.
988 3730 1055 3789 148',
1069 3744 1095 3778 n.
1108 3730 1171 3778 3385
1180 3735 1200 3794 ξ’,

552 3897 696 3981 1620.
1537 3934 1633 3998 1325,
1649 3914 1826 3998 21juillel.

551 4015 727 4102 Preposito
762 4016 905 4082 ecclesie
943 4017 974 4082 S.
1003 4016 1176 4084 Gertrudis
1215 4017 1445 4101 Lemniensis,
1485 4018 1683 4086 Leodiensis
1717 4018 1862 4094 diocesis,

507 4119 694 4201 mandatur,
710 4119 753 4186 ad
770 4121 971 4207 petitionem
986 4119 1163 4204 Jobannis,
1179 4123 1265 4208 regis
1280 4122 1420 4189 Boemie
1436 4133 1472 4189 et
1487 4124 1620 4190 comitis
1636 4122 1862 4208 Luceburgen-

507 4224 562 4304 sis,
588 4232 753 4308 quatenus
784 4224 883 4289 faciat
917 4225 1164 4292 ordinationem
1196 4226 1238 4291 de
1268 4227 1452 4293 redditibus
1468 4237 1504 4293 et
1528 4227 1649 4293 debitis
1675 4224 1862 4294 monasterii

510 4325 612 4393 Vallis
628 4328 703 4410 Dei,
720 4328 845 4394 ordinis
862 4327 1102 4413 Cisterciensis,
1118 4331 1209 4397 dicte
1224 4331 1377 4398 diocesis.

553 4495 718 4562 «Dilecto
731 4498 821 4564 filio..
831 4500 1002 4585 preposito
1017 4499 1158 4565 ecclesie
1179 4499 1210 4563 S.
1238 4498 1413 4564 Gertrudis
1429 4499 1657 4582 Lovaniensis,
1677 4499 1866 4569 Leodiensis

508 4598 659 4664 diocesis.
678 4600 883 4686 Significavit
898 4605 995 4668 nobis
1017 4603 1204 4669 carissimus
1228 4604 1262 4667 in
1279 4603 1414 4669 Christo
1438 4603 1523 4668 filius
1549 4612 1664 4669 noster
1688 4603 1866 4685 Johannes,

507 4727 564 4771 rex
592 4697 731 4771 Boemie
747 4707 880 4772 illustris
902 4727 1071 4773 ac'ccmes
1094 4705 1404 4793 Lucemburgensis,
1428 4707 1518 4793 quod
1534 4707 1613 4773 licet
1628 4712 1867 4777 monasterium

508 4809 611 4876 Vallis
625 4810 698 4891 Dei,
714 4808 946 4877 Cisterciensis
966 4811 1100 4892 ordinis,
1117 4809 1312 4877 Leodiensis
1322 4812 1507 4891 diocesis,a
1522 4812 1792 4902 progenitoribus
1807 4814 1868 4880 suis

509 4914 696 4995 fundatum,
720 4915 799 4979 olim
823 4915 1034 4981 consueverit
1060 4915 1180 4980 florere
1201 4916 1234 4979 in
1258 4916 1484 5001 spiritualibus
1510 4924 1546 4980 et
1571 4916 1604 4980 in
1629 4918 1869 5003 temporalibus

542 5142 566 5172 a.
579 5124 706 5187 ou‘rrnnye
718 5142 725 5170 .·
738 5125 844 5172 attende
856 5125 888 5172 du
899 5138 974 5172 nonu.
