4409 6017
611 1097 928 1202 HUITIEME
980 1100 1204 1198 nurse

403 1370 470 1462 23,
499 1372 531 1453 5
560 1370 919 1466 septembre-
947 1365 1092 1459 1324,
1121 1364 1154 1445 4
1184 1360 1483 1464 septembre.

1207 1728 1301 1791 1323,
1318 1728 1339 1793 9
1354 1708 1544 1794 septembre.

421 1811 463 1875 de
479 1810 632 1876 Tosectis
656 1811 698 1876 de
727 1810 822 1877 Urbe
837 1811 1006 1877 confertur
1032 1810 1250 1878 canonicatus
1277 1810 1418 1877 ecclesie
1435 1809 1466 1874 S.
1481 1808 1589 1874 Trini-

403 1914 611 1980 balaunensis
632 1917 692 1980 sub
718 1915 955 2000 expectatione
979 1914 1161 2001 prebende,
1176 1935 1244 1980 non
1268 1916 1425 1980 obstante
1441 1912 1532 1998 quod
1555 1912 1588 1977 in

403 2018 486 2083 tensi
504 2018 675 2103 quandam
690 2027 888 2104 perpetuam
915 2019 1138 2105 capellaniam
1153 2018 1226 2085 sine
1243 2039 1321 2085 cura
1337 2026 1372 2084 et
1388 2017 1421 2082 in
1438 2016 1589 2083 Ebredu-

405 2144 427 2185 n
444 2122 474 2186 S.
491 2121 657 2199 Johannis
672 2122 714 2186 de
730 2122 915 2188 Scandrilia
930 2122 1082 2188 ecclesiis
1102 2122 1320 2189 canonicatus
1335 2132 1370 2188 et
1392 2120 1589 2209 prebendas

403 2225 524 2289 hialem
541 2225 717 2291 ecclesiam
743 2225 785 2291 de
801 2225 924 2310 Gelyn,
940 2225 1131 2292 Sabinensis
1146 2233 1181 2290 et
1204 2224 1455 2292 Cameracensis
1478 2223 1589 2290 dioce-

403 2338 459 2394 net
479 2349 518 2394 ac
535 2329 569 2392 in
586 2329 728 2395 ecclesia
743 2329 774 2394 S.
792 2329 1030 2395 Pantaleonis“
1045 2329 1087 2396 de
1113 2328 1206 2396 Urbe
1231 2329 1412 2396 canonicus
1427 2327 1541 2393 existit
1557 2335 1591 2392 et
1694 2340 1698 2349 ·

403 2433 524 2498 :ionem
540 2433 692 2519 percipit.

403 2538 452 2602 rtis
468 2538 628 2602 merita...

403 2640 467 2705 vin.
486 2662 502 2725 5
521 2641 564 2706 id.
582 2641 782 2727 septembris
799 2662 889 2707 anno
906 2644 936 2707 8.

404 2766 438 2808 n.
456 2745 567 2810 abbati
584 2745 777 2811 monasterii
799 2745 830 2810 S.
847 2745 937 2811 Petri
960 2746 1003 2812 de
1017 2746 1219 2828 Altovillari,
1237 2746 1412 2812 Remensis
1438 2743 1590 2824 diocesis,

403 2848 465 2913 sito
494 2848 692 2933 Maguntine
717 2858 751 2913 et
767 2847 914 2926 Johanni
937 2849 981 2915 de
1008 2850 1208 2936 Columpna,
1224 2850 1387 2916 canonico
1413 2845 1591 2914 Remensis

404 2973 458 3016 un.

403 3126 434 3181 20,
446 3124 464 3171 f.
479 3126 509 3171 54
522 3139 527 3179 ;
540 3124 599 3171 vat.
612 3126 651 3181 lli,
663 3124 680 3172 f.
695 3126 745 3180 22&
759 3138 784 3171 n.
802 3125 841 3171 31.

1181 3374 1274 3437 1323,
1298 3352 1341 3417 16
1357 3351 1547 3438 septembre.

403 3478 441 3521 ro
456 3454 625 3538 Gutture,
636 3455 811 3539 capellano
827 3476 923 3541 pape,
940 3457 1056 3542 nepoti
1073 3456 1203 3539 Jacobi,
1219 3458 1250 3524 S.
1267 3456 1402 3541 Georgii
1419 3455 1461 3521 ad
1471 3454 1592 3520 Velum

403 3558 508 3626 iaconi
527 3557 712 3637 cardinalis,
732 3559 948 3624 conferuntur
972 3562 1190 3628 canonicatus
1206 3569 1242 3627 et
1259 3559 1430 3646 prebenda
1452 3558 1593 3626 ecclesie

407 3674 442 3728 et
469 3661 766 3728 archidiaconatus
793 3662 978 3744 Belnensis,
1006 3685 1090 3749 quos
1115 3666 1147 3730 in
1172 3665 1292 3731 eadem
1318 3663 1460 3730 ecclesia
1476 3661 1594 3727 Petrus

404 3766 521 3832 rsantis
537 3766 578 3830 de
596 3765 713 3846 Reate,
735 3767 823 3852 apud
839 3767 959 3833 Sedem
975 3770 1196 3854 apostolicam
1212 3769 1399 3848 defunctus,
1408 3766 1594 3843 obtinebat,

403 3879 468 3935 inte
484 3870 573 3953 quod
590 3870 623 3931 in
646 3868 846 3953 Legionensi
864 3873 1060 3955 cantoriam,
1076 3882 1112 3939 et
1130 3873 1164 3939 in
1184 3871 1402 3939 Ambianensi
1419 3876 1595 3956 precento-

404 3976 438 4039 in
463 3973 582 4039 eadem
612 3973 815 4057 Legionensi
832 3997 964 4042 necnon
991 3987 1026 4043 et
1052 3979 1086 4043 in
1105 3977 1390 4064 Compostellana,
1408 3972 1595 4050 Elborensi,

408 4086 443 4141 et
460 4077 637 4141 Palentina
657 4078 877 4143 canonicatus
893 4089 927 4145 et
943 4082 1140 4167 prebendas,
1150 4102 1190 4148 ac
1206 4082 1239 4146 in
1255 4080 1383 4147 eisdem
1395 4074 1594 4161 Legionensi

404 4181 443 4246 rsi
461 4181 611 4245 ecclesiis
627 4201 685 4244 seu
704 4182 895 4250 civitatibus
911 4193 945 4250 et
960 4185 1149 4252 diocesibus
1165 4184 1310 4270 quedam
1325 4180 1545 4269 prestimonia
1561 4186 1595 4241 et

403 4286 496 4349 riales
511 4284 695 4369 portiones,
713 4299 747 4349 et
764 4286 796 4350 in
814 4287 1048 4354 Cameracensi
1064 4311 1104 4356 ac
1120 4291 1239 4356 eadem
1249 4284 1467 4353 Ambianensi
1485 4284 1595 4348 eccle-

403 4390 517 4454 ricatus
534 4391 594 4452 sub
613 4391 847 4473 expectatione
864 4393 1108 4476 prebendarum
1119 4394 1262 4472 obtinet,
1286 4413 1344 4457 seu
1366 4388 1456 4474 quod
1468 4387 1594 4474 patitur

403 4494 553 4558 ,electum
572 4504 625 4562 (21
646 4499 760 4577 ann.);
778 4496 966 4561 cantoriam
983 4507 1096 4562 autem
1113 4507 1147 4562 et
1163 4496 1408 4584 precentoriam
1424 4492 1592 4579 predictas

417 4597 595 4662 tenebitur.

403 4702 519 4767 >lentie
535 4698 729 4784 specialis..

404 4806 469 4869 rin.
491 4810 527 4868 16
545 4804 610 4867 kal.
630 4802 774 4867 octobris
791 4822 882 4864 anno
900 4803 929 4864 8.

409 5054 449 5093 «rut
467 5050 571 5102 Lemris;
591 5048 609 5091 il
630 5047 670 5109 n'y
682 5046 752 5090 erait
761 5060 810 5106 pax
823 5043 836 5086 «i
857 5043 930 5088 Harum
942 5041 1044 5103 ‹l'eplixe
1059 5039 1192 5102 rullepiele
1209 5039 1239 5087 de
1256 5055 1282 5086 ee
1297 5055 1348 5086 uum
1360 5056 1368 5095 ,·
1381 5040 1406 5088 S.
1421 5037 1560 5085 pantanum
1574 5052 1588 5081 u

405 5147 411 5170 2
422 5129 535 5192 pendant
550 5144 583 5175 uu
595 5129 697 5173 certain
709 5131 792 5186 irrupi.
806 5125 846 5181 (js.
862 5124 1003 5170 ¹lrmellini.
1018 5122 1040 5165 le
1056 5122 1141 5168 (birse
1153 5121 1180 5168 dl.
1194 5121 1281 5169 Barna.
1294 5123 1319 5166 2⁰
1332 5119 1399 5176 ertit„
1409 5136 1436 5181 [ι.
1449 5120 1502 5165 378,
