4409 6017
513 716 576 781 386
1045 711 1215 787 Quatribma
1237 710 1339 776 anute.

514 865 686 951 mogenito
695 864 807 930 dilecti
820 862 877 927 filii
888 863 1009 928 nobilis
1021 862 1081 926 viri
1093 912 1118 927 ..
1134 860 1267 927 comitis
1278 859 1509 942 Nivemensis,
1516 860 1736 948 primogeniti
1748 861 1862 929 oomitis

515 968 670 1034 Flandrie
685 966 872 1047 memorati,
883 964 1172 1030 matrimonialiter
1184 965 1368 1050 copuletur.
1382 963 1506 1028 Verum
1516 966 1594 1050 quia
1605 965 1696 1032 inter
1711 964 1861 1051 Margare

513 1082 583 1138 tam
595 1080 630 1137 et
642 1071 851 1136 Ludovicum
863 1070 1032 1155 predictos
1043 1070 1206 1135 nonnulla
1218 1068 1461 1154 impedimenta
1470 1068 1587 1135 adesse
1598 1070 1769 1150 dicuntur,
1779 1091 1860 1157 prop

513 1185 645 1261 terque
661 1176 819 1240 intereos
835 1174 1085 1240 matrimonium
1109 1172 1273 1238 interveni
1298 1193 1367 1238 nou
1390 1181 1514 1258 potest,
1531 1173 1593 1239 nisi
1618 1195 1722 1261 super
1737 1176 1798 1241 hiis
1809 1176 1860 1241 dis

513 1280 667 1366 pensatio
690 1279 785 1344 Sedis
811 1278 995 1364 apostolice
1020 1277 1219 1357 intercedat,
1239 1296 1301 1363 pro
1315 1285 1412 1362 parte
1426 1278 1513 1362 regis
1529 1278 1681 1362 ejusdem
1703 1278 1767 1344 fuit
1781 1279 1860 1344 nobis

513 1382 683 1448 humiliter
706 1381 931 1468 supplicatum
954 1390 990 1446 ut
1014 1402 1091 1447 cum
1117 1379 1307 1464 Margareta
1334 1387 1369 1444 et
1393 1378 1569 1447 Ludovico
1593 1382 1758 1467 predictis
1777 1382 1859 1469 quod,

512 1486 648 1573 prefatis
660 1484 910 1571 impedimentis
920 1505 1132 1569 nequaquam
1143 1483 1363 1564 obstantibus,
1375 1484 1628 1550 matrimonium
1641 1486 1788 1553 invicem
1796 1506 1860 1552 con·

512 1591 645 1656 trahere
671 1591 804 1655 valeant
828 1598 863 1654 et
887 1590 920 1654 in
945 1589 993 1655 sic
1017 1596 1193 1654 contracto
1209 1587 1338 1673 possint
1354 1596 1388 1652 et
1404 1588 1551 1654 debeant
1575 1589 1666 1655 licite
1694 1611 1860 1669 remanere,

511 1693 712 1760 auctoritate
725 1694 910 1779 apostolica
922 1693 1114 1779 dispensare
1126 1711 1186 1777 per
1198 1711 1260 1756 nos
1270 1693 1323 1756 vel
1335 1691 1438 1756 alium
1448 1691 1490 1757 de
1505 1692 1643 1777 speciali
1659 1694 1769 1778 gratia
1782 1713 1860 1760 cura·

510 1818 631 1864 remus.
648 1796 734 1861 Cum
751 1797 849 1882 igitur
864 1796 1115 1861 matrimonium
1130 1795 1329 1881 predictum,
1357 1793 1382 1860 si
1399 1795 1466 1873 fiat,
1483 1803 1603 1882 utpote
1619 1797 1788 1880 glutinum
1801 1818 1860 1883 pre·

510 1902 607 1988 cipue
623 1901 779 1982 caritatis,
787 1903 902 1979 multa,
918 1908 1055 1965 auctore
1072 1899 1158 1980 Deo,
1174 1900 1314 1985 repellat
1325 1899 1514 1981 incomoda,
1531 1900 1610 1985 quin
1623 1899 1730 1967 immo
1739 1900 1861 1987 grandia

511 2006 558 2069 rei
574 2005 706 2090 publice
722 2004 866 2069 comoda
881 2003 1104 2069 verisimiliter
1119 2003 1342 2089 repromittat,
1359 2024 1420 2068 nos
1437 2004 1555 2089 quibus
1577 2012 1779 2071 cunctorum
1794 2004 1859 2071 fide·

511 2109 591 2174 lium
607 2119 658 2174 est
673 2107 787 2173 votiva
808 2108 1030 2193 tranquillitas
1045 2116 1080 2172 et
1096 2107 1139 2172 ad
1153 2105 1400 2194 procurandum
1416 2105 1559 2171 eandem
1578 2106 1726 2173 libenter
1746 2109 1860 2174 labores

510 2212 657 2278 solicitos
672 2212 877 2292 exhibemus,
905 2212 948 2276 ad
974 2210 1060 2296 regis
1076 2211 1180 2297 ipsius
1194 2212 1261 2296 qui,
1277 2210 1469 2297 priusquam
1495 2230 1674 2297 regnorum
1691 2212 1860 2298 susciperet

509 2316 640 2398 solium,
656 2324 690 2382 et
706 2315 921 2401 postmodum
945 2315 1059 2381 divine
1081 2315 1293 2401 providentie
1316 2335 1454 2380 munere
1478 2314 1676 2381 sublimatus
1700 2315 1733 2381 in
1749 2336 1859 2401 regem,

509 2421 602 2485 velut
618 2419 794 2505 peculiaris
811 2419 964 2484 Romane
981 2419 1132 2485 Ecclesie
1156 2418 1242 2485 filius
1268 2428 1303 2484 et
1327 2419 1470 2484 christus
1495 2418 1632 2485 Domini
1658 2420 1859 2506 predilectus,

511 2523 697 2589 Ecclesiam
713 2524 819 2609 ipsam
835 2523 1013 2609 predilexit
1028 2533 1063 2589 et
1078 2523 1196 2609 diligit,
1213 2533 1312 2609 prout
1323 2524 1424 2609 ipsius
1437 2523 1525 2588 clara
1534 2531 1569 2588 et
1585 2522 1758 2589 evidentia
1773 2542 1859 2609 opera

509 2627 736 2708 manifestant,
752 2647 884 2692 necnon
895 2636 929 2692 et
941 2628 984 2692 ad
994 2627 1084 2712 regni
1097 2625 1238 2692 Francie
1250 2627 1425 2706 honorem,
1438 2625 1608 2712 profectus
1623 2634 1659 2691 et
1675 2627 1815 2692 comoda
1826 2646 1858 2690 er

509 2753 550 2796 eo
566 2731 723 2817 precipue
739 2740 774 2796 et
789 2730 971 2797 efficaciter
986 2730 1172 2817 aspirantes
1184 2730 1274 2815 quod
1286 2752 1305 2795 a
1317 2730 1424 2816 longis
1436 2738 1526 2795 retro
1541 2730 1761 2816 temporibus,
1777 2750 1859 2796 cons·

508 2835 594 2900 tanti
612 2835 677 2899 fide
693 2836 784 2900 nulla
799 2827 963 2900 varietate
986 2844 1178 2921 temporum
1202 2834 1338 2915 variata,
1362 2835 1450 2899 clare
1466 2844 1499 2899 et
1514 2833 1696 2899 recolende
1712 2832 1858 2899 memorie

507 2938 769 3004 christianissimi
781 2960 875 3024 reges
885 2939 1034 3023 ejusdem
1044 2938 1136 3022 regni
1149 2938 1339 3003 Romanam
1349 2936 1858 3003 Ecclesiamamultisliberarunt

507 3043 679 3127 angustiis,
695 3051 871 3129 protexere
886 3042 1042 3129 periculis
1058 3050 1092 3108 et
1109 3062 1280 3126 nunquam
1294 3040 1414 3121 eidem,
1430 3048 1530 3128 prout
1545 3061 1687 3128 persepe
1698 3041 1857 3129 experien-

505 3147 553 3213 tia
569 3146 693 3228 docuit,
711 3147 744 3211 in
761 3147 827 3212 suis
843 3148 1100 3213 necessitatibus
1116 3147 1310 3213 defecerunt
1326 3147 1521 3233 dictumque
1544 3167 1684 3232 regnum
1711 3147 1857 3214 benedic·

506 3259 620 3316 tuma
649 3252 723 3316 Deo
748 3272 880 3336 semper
907 3251 940 3314 in
968 3251 1278 3336 ipsius'devotione
1303 3252 1497 3337 permansit,
1520 3254 1562 3315 ab
1590 3252 1661 3336 ejus
1687 3252 1857 3317 devotione

478 3439 481 3445 Α
506 3356 608 3435 nullo,
624 3356 711 3421 sicut
727 3376 899 3441 speramus
914 3355 947 3420 in
966 3355 1125 3435 Domino,
1141 3363 1294 3441 tempore
1310 3355 1542 3435 discessurum,
1556 3353 1714 3439 expedire
1731 3372 1857 3439 cognos-

506 3458 611 3524 cimus
626 3459 659 3524 in
677 3458 846 3545 premissis
861 3467 896 3523 et
912 3458 1115 3543 quibuslibet
1129 3459 1203 3524 aliis
1230 3459 1378 3545 ejusdem
1395 3457 1480 3543 regis
1496 3465 1530 3523 et
1551 3457 1644 3542 regni
1663 3454 1858 3545 respicienti·

505 3565 567 3628 bus
582 3563 737 3644 comoda,
755 3572 917 3647 quantum
934 3584 1011 3627 cum
1024 3563 1099 3629 Deo
1112 3564 1181 3628 fieri
1192 3571 1316 3650 potest,
1328 3563 1430 3649 ipsius
1441 3562 1527 3647 regis
1538 3562 1711 3628 desideriis
1724 3581 1859 3630 annuen-

505 3665 595 3730 dum.
612 3666 734 3731 Verum
752 3667 830 3732 licet
846 3667 887 3731 ad
901 3667 1156 3732 concedendum
1173 3668 1332 3753 premissa
1348 3675 1462 3732 nostra
1478 3665 1617 3731 ferretur
1627 3665 1781 3746 intenti0,
1794 3664 1860 3750 quia

506 3776 618 3833 tamen
636 3770 678 3834 de
695 3770 859 3835 (lictorum
878 3770 1195 3855 impedimentorum
1212 3771 1471 3836 circumstantiis
1499 3779 1533 3836 et
1560 3770 1810 3837 conditionibus
1832 3769 1860 3832 in
1903 3755 1905 3818 ῗ

505 3874 627 3937 talibus
643 3873 856 3939 attendendis
872 3877 1007 3959 plenam
1024 3875 1180 3939 notitiam
1197 3875 1230 3939 in
1254 3875 1318 3939 hiis
1334 3876 1483 3960 partibus
1498 3897 1566 3940 uon
1590 3896 1770 3962 possumus
1785 3872 1861 3941 obti-
1903 3867 1905 3872 ’

505 3995 594 4055 nere,
611 3976 825 4042 attendentes
841 3978 931 4062 quod
946 3987 993 4058 tu,
1011 3978 1043 4041 in
1060 3979 1210 4063 partibus
1226 3979 1289 4043 illis
1301 4001 1413 4063 agens,
1423 3979 1465 4044 de
1476 3978 1735 4045 circumstantiis
1747 3988 1782 4044 et
1793 3998 1862 4045 con·

505 4077 687 4145 ditionibus
708 4081 871 4146 universis
888 4082 1137 4146 considerandis
1153 4082 1185 4146 in
1202 4082 1324 4147 talibus
1339 4084 1469 4169 plenius
1486 4084 1614 4169 poteris
1630 4083 1812 4163 informari,
1827 4081 1862 4147 de

505 4192 562 4247 tue
579 4205 712 4268 quoque
728 4184 1038 4270 circumspectionis
1055 4184 1215 4250 industria
1228 4185 1262 4249 in
1273 4185 1336 4250 hiis
1346 4194 1381 4250 et
1392 4187 1595 4270 quibuslibet
1605 4185 1719 4252 arduis
1730 4196 1863 4266 mature,

506 4285 686 4371 prudenter
702 4296 736 4352 et
752 4288 891 4374 provide
907 4289 1107 4375 peragendis
1122 4290 1258 4375 plenam
1276 4288 1310 4353 in
1327 4290 1477 4356 Domino
1490 4290 1646 4357 fiduciam
1664 4291 1863 4371 obtinentes,

504 4390 695 4456 discretioni
712 4400 769 4457 tue
783 4413 842 4478 per
851 4394 1037 4477 apostolica
1053 4392 1178 4479 scripta
1189 4393 1431 4459 committimus
1442 4403 1477 4460 et
1487 4394 1689 4462 mandamus
1702 4397 1863 4483 quatinus,

505 4494 755 4579 impedimentis
770 4495 849 4582 ipsis
866 4497 899 4561 in
915 4505 1009 4562 tuam
1035 4497 1192 4563 notitiam
1218 4499 1405 4583 expressius
1431 4499 1637 4566 deducendis
1667 4500 1863 4568 discretione

503 4597 617 4662 sedula
633 4599 826 4683 ponderatis
842 4608 877 4665 et
900 4600 1160 4667 circumstantiis
1175 4601 1248 4667 aliis
1263 4601 1441 4684 diligenter
1457 4604 1607 4683 attentis,
1618 4604 1644 4669 si
1662 4613 1698 4670 et
1712 4615 1812 4691 prout
1833 4602 1862 4667 id

503 4702 599 4766 nobis
625 4702 723 4767 licere
748 4712 928 4788 nostreque
956 4706 1137 4770 convenire
1152 4716 1166 4739 ⁰
1181 4705 1336 4771 decentie
1363 4707 1499 4792 ejusque
1525 4708 1610 4791 regis
1635 4718 1670 4773 et
1688 4728 1859 4795 regnorum

504 4825 637 4869 suorum
654 4808 753 4870 statui
770 4807 892 4872 videris
907 4809 1075 4894 expedire,
1093 4830 1169 4875 cunr
1185 4810 1312 4875 eisdem
1329 4808 1520 4895 Margareta
1533 4818 1567 4875 et
1580 4810 1759 4880 Ludovico
1771 4831 1862 4899 super

505 4908 603 4974 dictis
619 4908 879 4994 impedimentis,
896 4913 995 4995 quod,
1014 4914 1061 4977 eis
1077 4934 1289 4998 nequaquam
1305 4915 1527 4995 obstantibus
1544 4915 1737 5000 hujusmodi
1755 4915 1862 4983 matri·

537 5146 561 5178 a.
574 5145 618 5177 orn
624 5133 693 5179 venit
704 5145 753 5192 rep.
767 5133 804 5178 70.
