4409 6017
890 698 1047 765 Deuxieme
1068 701 1170 764 anuto.
1649 702 1710 766 209

351 850 473 915 ton‘bus
494 848 639 935 partium
663 848 845 913 earundem
876 849 1148 934 comparentibus
1172 870 1285 915 coram
1308 848 1406 913 nobis
1432 856 1467 913 et
1497 869 1596 934 super
1618 871 1710 915 secu-

349 954 483 1018 ritatum
509 953 733 1039 predictarum
765 953 969 1037 prestatione
1000 954 1247 1037 nequeuntibus
1276 952 1470 1017 altrinsecus
1497 954 1710 1035 concordare,

347 1079 406 1121 nos
423 1058 534 1122 varios
550 1077 628 1121 cum
643 1056 691 1120 eis
705 1064 868 1120 tractatus
883 1057 1121 1141 assumpsimus
1138 1066 1174 1121 ut
1190 1078 1248 1121 eos
1263 1056 1306 1121 ad
1322 1055 1536 1121 concordiam
1552 1076 1710 1121 revocare

345 1180 532 1244 possemus
553 1160 596 1225 Et
620 1179 696 1224 cum
722 1180 785 1224 nec
816 1160 862 1224 sic
889 1160 931 1224 ad
954 1160 1224 1225 conveniendum
1248 1180 1346 1245 super
1370 1160 1448 1243 ipsis
1479 1160 1711 1226 securitatibus

344 1263 457 1328 induci
483 1265 647 1342 valerent,
673 1283 736 1327 nos
759 1264 912 1327 volentes
942 1264 984 1328 ad
1014 1262 1223 1348 prebendum
1251 1272 1402 1328 nostrum
1433 1262 1510 1327 inde
1535 1264 1710 1328 consilium

342 1369 472 1450 absque
488 1367 659 1451 utriusque
674 1366 777 1451 partis
801 1366 918 1449 injuria
945 1375 979 1430 et
1003 1366 1147 1450 cujusvis
1172 1367 1321 1432 illatione
1343 1367 1543 1450 gravaminis
1559 1370 1711 1432 consulte
1767 1370 1772 1382 '

342 1469 540 1555 procedere,
571 1470 709 1535 fratrum
739 1478 939 1548 nostrorum,
965 1470 1170 1535 notariorum
1196 1490 1329 1554 quoque
1356 1479 1391 1534 et
1414 1470 1603 1535 auditorum
1629 1471 1710 1535 sacri

343 1574 462 1658 palatii
478 1594 518 1639 ac
533 1575 737 1658 prelatorum
752 1582 788 1638 et
810 1574 948 1638 aliarum
965 1574 1163 1638 notabilium
1187 1593 1403 1658 personarum
1427 1574 1481 1656 qui
1510 1583 1592 1638 tunc
1617 1584 1711 1638 erant

346 1678 378 1740 in
402 1677 496 1742 curia
519 1676 695 1742 consilium
720 1677 874 1741 (luximus
896 1677 1143 1761 requirendum,
1160 1677 1381 1742 consultando
1403 1684 1557 1761 petentes
1582 1680 1623 1741 ab
1649 1679 1711 1743 illis

345 1800 411 1863 que
428 1780 592 1845 securitas
615 1780 647 1843 in
665 1800 743 1845 casu
758 1780 806 1844 eis
821 1780 975 1864 exposito
999 1780 1041 1844 de
1061 1780 1134 1863 jure
1158 1779 1297 1844 deberet
1320 1800 1382 1864 pro
1408 1780 1532 1844 comite
1549 1789 1582 1844 et
1598 1801 1712 1845 comu-

346 1883 511 1948 nitatibus
528 1882 684 1948 Flandrie
700 1882 867 1949 sufficiens
882 1883 1026 1967 reputari
1047 1906 1054 1962 ;
1072 1883 1128 1967 qui
1152 1883 1232 1948 licet
1259 1903 1357 1967 super
1379 1883 1443 1948 hoc
1460 1884 1555 1948 nobis
1577 1885 1619 1949 de
1639 1886 1712 1969 jure

345 1986 586 2072 responderint
601 1994 636 2051 et
659 1985 895 2051 nichilominus
910 2006 1006 2050 suum
1023 1986 1177 2051 dederint
1192 1986 1288 2051 nobis
1303 1986 1381 2051 inde
1397 2007 1416 2050 a
1431 1986 1617 2052 deliberato
1633 2009 1712 2053 con-

347 2091 469 2169 silium,
500 2111 564 2155 nos
594 2098 707 2154 tamen
735 2110 834 2174 super
854 2090 1084 2154 securitatibus
1111 2090 1189 2175 ipsis
1204 2090 1282 2154 hinc
1306 2090 1383 2154 inde
1403 2091 1590 2175 prestandis
1616 2092 1712 2176 rigori

346 2194 427 2275 juris
447 2196 606 2258 nolentes
627 2193 733 2269 inniti,
749 2193 809 2258 sed
833 2214 891 2278 per
914 2193 1072 2277 equitatis
1095 2193 1184 2257 viam
1209 2193 1383 2278 providere
1410 2195 1520 2279 potius
1544 2196 1711 2260 securitati

349 2299 494 2383 partium
509 2298 694 2382 cupientes
710 2297 949 2362 deliberatione
965 2317 1062 2381 super
1078 2298 1143 2362 hoc
1160 2317 1236 2362 cum
1252 2297 1404 2362 fratribus
1420 2298 1542 2361 nostris
1558 2299 1712 2362 omnibus

350 2415 383 2465 et
395 2401 536 2485 singulis
550 2400 640 2485 apud
656 2400 777 2465 Sedem
793 2400 1012 2485 apostolicam
1029 2400 1250 2465 existentibus
1266 2400 1457 2484 diligentius
1473 2401 1596 2482 habita,
1613 2412 1648 2465 et
1670 2401 1712 2465 de

350 2505 492 2569 consilio
514 2504 710 2583 eorundem,
727 2504 902 2569 consilium
926 2503 1079 2569 dedimus
1102 2503 1194 2588 quod
1219 2505 1349 2587 utrique
1374 2505 1458 2589 parti
1483 2514 1646 2589 quantum
1669 2504 1713 2569 ad

351 2608 566 2673 securitatem
599 2608 841 2672 observationis
873 2608 1138 2672 conventionum
1167 2607 1391 2692 predictarum
1421 2607 1565 2672 vidimus
1590 2609 1712 2673 debere

353 2711 504 2776 sufficere
532 2711 679 2794 illudque
706 2712 827 2776 nostris
852 2712 1043 2796 patentibus
1068 2712 1189 2776 litteris
1213 2711 1338 2776 eisdem
1362 2712 1476 2777 comiti
1504 2723 1539 2776 et
1563 2712 1712 2777 comuni-

309 2821 310 2826 ’
354 2815 477 2879 tatibus
493 2815 615 2879 exinde
630 2814 763 2879 directis
775 2816 821 2898 (¹)
839 2814 978 2880 fecimus
994 2815 1092 2879 inseri
1111 2815 1143 2878 in
1160 2835 1275 2879 eorum
1296 2815 1452 2879 notitiam
1467 2814 1712 2881 deducendum.

357 2915 408 2981 Ne
435 2918 535 3001 igitur
555 2917 666 3001 lingue
693 2919 791 2982 tertie
815 2939 893 2983 vera
917 2918 1137 3003 supprimenti
1162 2927 1219 2983 aut
1244 2918 1324 2982 falsa
1349 2918 1485 2983 forsitan
1514 2919 1712 2990 immiscenti

357 3030 467 3105 pateat
491 3020 602 3086 aditus
616 3022 660 3086 ad
675 3022 942 3086 obumbrandum
966 3022 1193 3087 sinceritatem
1218 3041 1258 3086 ac
1282 3021 1459 3086 veritatem
1483 3022 1584 3107 ipsius
1597 3024 1712 3087 'nostri
1796 3100 1798 3105 ,

359 3125 491 3204 consilii,
507 3125 588 3209 quin
603 3126 715 3209 potius
731 3126 906 3190 consilium
937 3126 1045 3210 ipsum
1061 3134 1096 3190 et
1121 3126 1255 3190 habitus
1277 3125 1364 3190 circa
1387 3126 1468 3190 illud
1491 3126 1618 3190 sincere
1639 3147 1713 3211 pro-

361 3247 463 3293 cessus
479 3228 607 3292 eisdem
622 3229 737 3294 comiti
754 3238 788 3293 et
804 3229 1067 3293 comunitatibus
1094 3230 1177 3294 facie
1199 3230 1346 3293 revelata
1373 3229 1571 3314 pandantur,
1596 3251 1654 3294 vos
1679 3239 1713 3294 et

319 3317 324 3412 ἦ
361 3341 499 3396 vestrum
518 3333 703 3415 quemlibet
729 3333 882 3416 ydoneos
897 3332 940 3397 ad
955 3333 989 3398 id
1005 3333 1175 3397 ministros
1202 3333 1363 3417 eligimus,
1389 3333 1580 3397 discretioni
1604 3343 1713 3398 vestre

317 3415 326 3514 1
364 3454 411 3516 per
425 3436 610 3520 apostolica
626 3436 748 3521 scripta
763 3436 962 3501 mandantes
978 3445 1143 3520 quatenus
1159 3457 1219 3500 vos
1235 3438 1288 3499 vel
1303 3436 1370 3501 duo
1382 3444 1438 3500 aut
1453 3458 1536 3499 nnus
1548 3458 1589 3499 ex
1606 3438 1711 3514 vobis,

318 3527 328 3618 Ι
365 3538 399 3601 ad
411 3539 557 3623 ipsorum
578 3539 712 3604 comitis
727 3549 761 3604 et
778 3540 1022 3604 comunitatum
1038 3539 1241 3624 presentiam
1262 3540 1481 3624 personaliter
1504 3540 1712 3619 accedentes,
1767 3625 1769 3630 .

366 3639 478 3706 litteras
502 3651 632 3707 nostras
656 3642 783 3708 eisdem
807 3644 922 3708 comiti
939 3651 974 3707 et
989 3644 1251 3709 comunitatibus
1275 3663 1372 3727 super
1388 3643 1490 3727 ipsius
1506 3642 1610 3706 nostri
1634 3664 1712 3708 con-

368 3743 416 3808 silii
439 3744 648 3830 impensione
672 3746 825 3826 directas,
847 3767 908 3832 pro
934 3755 1029 3832 parte
1053 3755 1177 3827 nostra,
1201 3746 1339 3811 indilate
1366 3754 1557 3830 presentare
1582 3746 1712 3826 curetis,
1766 3772 1770 3778 ·

309 3911 310 3935 3
369 3847 418 3912 alia
431 3849 517 3914 circa
540 3848 573 3912 id
596 3849 691 3932 justa
711 3850 826 3914 datam
842 3850 937 3915 vobis
952 3871 972 3914 a
989 3851 1063 3915 Deo
1079 3850 1290 3935 prudentiam
1306 3849 1436 3929 dicturi,
1453 3848 1570 3913 facturi
1588 3857 1621 3913 et
1638 3870 1712 3933 pro-

310 4017 315 4022 ,
371 3951 473 4015 moturi
490 3972 555 4035 que
571 3954 662 4016 bono
678 3954 769 4037 pacis
785 3953 827 4017 ad
843 3954 934 4037 quod
958 3953 1172 4032 intendimus,
1189 3953 1337 4017 videritis
1354 3963 1529 4037 oportuna.
1553 3951 1714 4016 Volumus

309 4117 312 4142 ἱ
371 4063 516 4119 autemut
539 4055 565 4119 si
590 4057 742 4139 quemvis
769 4079 809 4120 ex
831 4058 935 4138 vobis,
953 4058 1042 4141 quod
1058 4057 1154 4136 absit,
1172 4056 1324 4141 impediri
1341 4056 1515 4139 contingat
1536 4056 1714 4139 quominus

309 4241 312 4247 Ι
372 4152 524 4223 intendere
540 4159 651 4223 valeat
667 4159 709 4224 ad
724 4162 894 4244 premissa,
911 4162 965 4224 ille
981 4161 1086 4245 possit
1102 4181 1280 4245 personam
1295 4160 1393 4223 aliam
1417 4160 1565 4243 ejusdem
1590 4159 1714 4224 ordinis

372 4261 528 4346 subrogare
545 4283 603 4346 per
619 4263 731 4327 onmia
748 4265 822 4328 loco
838 4265 896 4344 sui,
914 4284 1011 4348 super
1034 4265 1126 4347 cujus
1143 4263 1340 4347 subrogandi
1365 4262 1563 4327 sufficientia
1580 4271 1615 4326 et
1630 4263 1714 4347 ydo-

309 4425 316 4453 .-
373 4364 477 4429 neitate
507 4367 717 4451 subrogantis
748 4367 942 4431 industriam
971 4368 1167 4432 fiducialiter
1191 4387 1379 4432 oneramus.
1407 4366 1481 4430 Nos
1511 4367 1600 4429 enim
1629 4367 1714 4431 hanc

309 4533 316 4540 ⁵
372 4470 620 4552 subrogationem
637 4469 776 4535 faciendi
794 4472 889 4535 vobis
905 4481 940 4535 ct
957 4482 1104 4535 vestrum
1130 4471 1266 4535 cuilibet
1287 4471 1406 4535 damus
1421 4471 1557 4554 plenam
1573 4470 1714 4535 auctori-

309 4634 313 4643 ,
373 4574 427 4633 tate
439 4573 643 4656 presentium
660 4582 874 4658 potestatem.
893 4576 970 4639 Dat,
986 4574 1052 4639 kal.
1069 4575 1180 4659 aprilis
1197 4575 1253 4658 (²).
1271 4596 1288 4636 n

309 4724 313 4728 '
397 4721 446 4785 lteg
458 4725 514 4774 Vat.
530 4728 581 4779 110,
594 4742 653 4789 pars
666 4729 685 4784 l,
698 4729 717 4781 f,
735 4732 780 4784 13*Ὶ
796 4745 820 4776 n.
834 4732 871 4776 70.
894 4757 915 4763 -
930 4729 1037 4784 Coulou,
1051 4743 1076 4775 n.
1090 4731 1136 4775 53⁸
1150 4729 1255 4789 (texto).
1277 4704 1279 4709 i

401 5040 417 5085 ¹·
429 5041 483 5104 Vol.
495 5061 521 5093 n.
531 5049 585 5093 rau
599 5075 628 5080 ——
642 5050 665 5098 2,
681 5050 754 5093 (dotto
768 5049 810 5094 lotl
819 5065 848 5097 ro,
871 5051 916 5107 qui
933 5066 959 5095 so
977 5057 1094 5111 rappodo
1113 5053 1127 5097 a
1148 5050 1289 5098 l'onrruvno
1301 5048 1466 5097 rrrorrtiorrrroo
1479 5049 1544 5094 (lans
1558 5048 1579 5093 la
1594 5047 1669 5091 lolrrr·
1680 5046 1714 5091 ‹lu

379 5122 452 5167 imur.-
466 5129 525 5172 lara
537 5130 576 5186 (Jn.
589 5130 656 5177 ⁴⁸8).
668 5145 684 5174 a
695 5129 730 5174 ‹lu
744 5130 768 5175 la
780 5132 865 5176 suivro
876 5131 908 5175 ‹le
922 5131 977 5191 pres
989 5139 1065 5178 otest
1077 5148 1135 5178 >ans
1147 5133 1225 5177 doun·
1236 5132 1268 5177 ‹le
1282 5133 1305 5178 ln
1319 5132 1398 5177 miano
1411 5130 1499 5177 amilio.

419 5248 507 5289 lnalecta
518 5253 712 5298 vaticano-btlzica.
725 5254 753 5291 ll.
1645 5261 1665 5294 ¹⁴
