4409 6017
929 745 1055 811 Sixibme
1075 750 1177 810 annae.
1216 796 1219 801 .
1673 739 1735 803 395

375 889 512 955 obtinet
527 899 562 956 et
577 891 610 956 in
628 892 806 960 Leodiensi
823 894 973 960 ecclesiis
988 896 1049 960 sub
1064 893 1300 980 expectatione
1316 890 1485 977 prebende
1508 912 1548 957 ac
1563 889 1735 977 dignitatis

374 1014 437 1059 seu
452 1004 650 1079 personatus
664 1000 718 1062 vel
735 997 835 1065 officii
851 998 884 1063 in
902 998 1102 1065 canonicum
1118 1004 1170 1064 est
1185 1005 1350 1083 receptus.

420 1098 512 1163 Dum
528 1099 570 1164 ad
585 1121 799 1186 personam...

419 1201 499 1267 Dat.
515 1203 615 1271 Avin.
635 1224 671 1289 15
688 1204 754 1271 kal.
771 1206 881 1272 martii
898 1225 989 1272 anno
1007 1210 1035 1271 6.

418 1304 459 1370 ln
475 1327 504 1371 e.
526 1328 570 1373 m.
587 1307 618 1373 S.
640 1307 810 1375 Laurentii
826 1318 919 1376 extra
935 1331 1048 1376 muros
1065 1309 1167 1377 Urbis
1189 1318 1224 1375 et
1250 1310 1282 1376 S.
1310 1309 1456 1396 Sepulcri
1482 1308 1734 1375 Cameracensis

369 1411 654 1476 monasteriorum
669 1414 844 1479 abbatibus
858 1434 898 1480 ac
915 1414 1058 1481 Nicolao
1074 1413 1226 1501 Capotie,
1243 1413 1407 1480 canonico
1423 1411 1636 1498 Maguntino

406 1548 468 1608 neg.
481 1550 528 1597 nv.
540 1550 576 1613 rr,
589 1549 607 1598 1.
620 1551 666 1598 301
680 1566 685 1608 ;
700 1550 757 1599 vat.
770 1553 809 1610 ra,
823 1552 841 1601 r.
855 1553 910 1611 raa,
925 1566 950 1602 n.
966 1554 1022 1600 512.

417 1727 564 1812 1033.
1387 1761 1485 1824 1322,
1500 1759 1539 1825 17
1547 1741 1688 1827 saturier.

416 1845 607 1928 Francisc0‚
613 1856 695 1913 nato
704 1845 920 1914 Thomasucii
931 1846 973 1912 de
985 1845 1209 1928 Saxoferrato,
1220 1853 1408 1912 reservatur
1416 1845 1616 1912 beneficium
1626 1846 1732 1910 eccle-

368 1950 633 2033 siasticum,sine
643 1972 722 2017 cura
731 1953 745 2036 (
753 1972 812 2018 100
824 1952 950 2016 lib.tur.
958 1950 1078 2036 parm),
1085 1950 1128 2016 ad
1137 1949 1354 2016 collationem
1364 1948 1512 2035 episcopi
1525 1947 1730 2028 Leodiensis,

368 2075 442 2119 non
458 2057 614 2120 obstante
630 2055 720 2139 quod
744 2056 777 2119 in
802 2055 833 2121 S.
851 2055 943 2121 Pauli
961 2053 1157 2120 Leodiensis
1172 2063 1207 2119 et
1223 2054 1257 2119 in
1273 2054 1454 2141 Spoletana
1469 2074 1510 2119 ac
1526 2052 1557 2117 S.
1575 2051 1732 2117 Venantii

368 2158 414 2224 de
433 2157 608 2239 Fabriano,
631 2158 876 2225 Camerinensis
900 2159 1052 2240 diocesis,
1074 2158 1225 2226 ecclesiis
1251 2159 1470 2226 canonicatus
1482 2166 1517 2224 et
1526 2156 1729 2244 prebendas,

368 2283 411 2328 ac
426 2262 643 2348 plebanatum
659 2263 766 2349 plebis
782 2264 824 2329 de
841 2262 974 2351 Cipeto,
991 2263 1162 2330 Nuceriae
1178 2262 1331 2345 diocesiS,
1344 2263 1485 2330 obtinet.

414 2367 472 2433 Ad
487 2367 652 2435 illorum...

416 2472 496 2537 Dat.
512 2471 611 2537 Avin.
632 2492 668 2557 13
686 2471 753 2538 kal.
769 2471 879 2537 martii
895 2492 987 2538 anno
1004 2477 1032 2538 6.

416 2574 457 2640 ln
474 2596 503 2642 e.
520 2598 564 2642 m.
581 2575 710 2642 decano
726 2577 758 2643 8.
775 2575 868 2642 Pauli
884 2584 920 2642 et
934 2576 1086 2643 Antonio
1101 2577 1144 2643 de
1161 2574 1309 2662 Bugella,
1325 2576 1460 2662 majoris
1477 2575 1683 2656 Leodiensis,
1693 2594 1732 2640 ac

370 2678 527 2745 Martino
541 2678 583 2745 de
600 2680 777 2766 Yporegia,
792 2680 1024 2747 Atrebatensis
1039 2681 1257 2747 ecclesiarum
1273 2679 1456 2747 canonicis.

404 2817 468 2878 Reg.
479 2820 528 2866 Ar.
542 2820 580 2877 16,
593 2819 610 2868 f.
626 2820 686 2867 323*
698 2835 703 2875 ;
717 2819 775 2869 Var.
790 2821 832 2877 73,
844 2820 862 2868 f.
874 2822 929 2877 226,
942 2834 967 2868 n.
981 2821 1036 2868 621.

418 2990 565 3072 1034.
1414 3028 1510 3091 1322,
1527 3026 1569 3089 15
1585 3027 1689 3071 mars.

414 3108 563 3187 Johanni
579 3109 620 3174 de
638 3110 786 3192 Esselen,
803 3113 920 3178 scolari
937 3113 1180 3195 Cameracensi,
1192 3115 1308 3200 genito
1319 3113 1361 3179 de
1379 3112 1548 3198 quondam
1564 3109 1583 3187 J
1587 3110 1731 3188 ohanne,

366 3214 456 3280 duce
473 3212 663 3293 Brabantie,
679 3216 869 3300 conjugato,
896 3225 932 3282 et
958 3218 1102 3302 quadam
1127 3238 1240 3283 sorore
1257 3217 1428 3304 cujusdam
1443 3215 1627 3301 hospitalis,
1644 3222 1729 3279 tem·

367 3336 453 3403 pore
469 3318 699 3402 conceptionis
715 3319 865 3384 ordinem
881 3321 1030 3405 ejusdem
1053 3321 1227 3408 hospitalis
1242 3342 1310 3386 non
1326 3321 1484 3407 professa,
1500 3320 1559 3385 sed
1583 3319 1730 3406 professa

367 3430 525 3506 tempore
540 3429 664 3507 partuS,
680 3424 876 3490 conceditur
891 3426 1095 3512 dispensatio
1111 3447 1210 3512 super
1224 3426 1357 3492 defectu
1373 3425 1546 3503 natalium,
1562 3432 1599 3489 ut
1611 3444 1729 3489 omnes

368 3524 505 3590 ordines
535 3526 681 3612 recipere
711 3536 746 3592 et
775 3529 938 3595 beneficia
968 3531 1204 3609 ecclesiastica,
1231 3531 1333 3595 etiam
1361 3551 1437 3594 cum
1462 3549 1549 3608 cura,
1578 3529 1729 3592 obtinere

369 3629 494 3694 valeat.

415 3733 538 3798 Sensus
554 3735 760 3801 hominum...

415 3838 492 3901 Dat.
509 3840 608 3903 Avin.
625 3840 668 3905 id.
685 3841 795 3905 martii
812 3862 902 3906 anno
922 3847 950 3907 6.

406 3977 466 4035 Rea.
481 3978 528 4024 nv.
546 3980 583 4035 17,
598 3977 615 4026 f.
633 3978 691 4025 146¹
704 3994 709 4035 3
723 3979 781 4027 vat.
795 3982 831 4037 73,
845 3980 863 4029 i.
879 3983 947 4039 aab,
962 3997 987 4029 n.
1000 3983 1055 4029 915.

420 4146 562 4230 1035.
1413 4185 1508 4246 1322,
1526 4186 1567 4250 19
1584 4185 1686 4228 mars.

417 4263 574 4330 Conrado
589 4266 681 4331 dicto
695 4265 802 4351 Hoyn
818 4269 987 4334 confertur
1002 4270 1219 4337 canonicatus
1234 4271 1374 4336 ecclesie
1385 4270 1423 4335 B.
1438 4268 1545 4335 Marie
1557 4269 1599 4334 de
1610 4268 1729 4353 Aquis·

373 4368 476 4452 grani,
494 4368 689 4436 Leodiensis
705 4370 857 4453 diocesis,
873 4377 933 4438 sub
950 4377 1186 4460 expectatione
1202 4375 1382 4461 prebende.

417 4472 600 4537 laudabile
616 4475 880 4543 testimonium...

418 4575 496 4640 Dat.
513 4577 613 4641 Avin.
634 4599 671 4662 14
688 4579 753 4645 kal.
770 4582 881 4666 aprilis
897 4605 987 4650 anno
1005 4590 1033 4650 6.

419 4678 459 4743 ln
484 4701 513 4745 e.
530 4701 574 4747 m.
591 4682 621 4747 S.
639 4682 784 4750 Cornelii
810 4685 962 4754 ludensis
989 4711 1028 4754 ac
1056 4690 1089 4753 in
1116 4689 1221 4771 Rode,
1245 4689 1454 4755 Coloniensis
1478 4698 1512 4755 et
1538 4687 1732 4754 Leodiensis

374 4781 556 4865 diocesum,
573 4790 851 4855 monasteriorum
866 4794 1041 4858 abbatibus
1056 4815 1095 4859 ac
1112 4794 1283 4880 preposito
1299 4794 1440 4860 ecclesie
1456 4793 1675 4858 Coloniensis

406 4923 468 4984 ang.
484 4926 530 4972 dv.
548 4926 584 4980 li,
597 4927 615 4973 f.
628 4928 675 4973 297
685 4938 698 4963 <¹
711 4933 738 4975 et
750 4929 768 4977 1.
783 4932 859 4987 304v;
874 4931 933 4981 vat.
949 4935 988 4991 73,
1002 4932 1020 4981 f.
1036 4933 1104 4991 4692
1118 4947 1143 4981 n.
1157 4934 1227 4981 1372.

405 5116 429 5149 a.
445 5105 508 5148 cette
519 5104 589 5164 copie
599 5118 615 5149 a
627 5102 664 5150 ere?
676 5104 783 5161 barmim
804 5122 834 5154 un
845 5107 877 5154 lit
895 5123 925 5155 ea
939 5124 1037 5171 rrmrpe:
1056 5110 1165 5159 attende
1187 5111 1255 5175 quod
1275 5113 1374 5179 scripta
1384 5116 1423 5159 est
1433 5113 1497 5161 alibi
1515 5112 1543 5160 in
1559 5113 1608 5159 isto
1628 5117 1730 5176 quater·

375 5176 450 5227 aione
463 5176 511 5222 sub
523 5176 611 5225 eodem
624 5192 738 5230 numeru.
