4409 6017
906 465 1064 531 Deuxieme
1084 467 1186 530 anule.
1670 466 1725 530 179

309 624 324 673 ‘l
389 617 459 697 cesis,
472 617 718 704 preposituram
728 627 763 683 et
772 618 806 683 in
819 619 945 685 eisdem
956 639 997 684 ac
1007 617 1038 682 S.
1050 615 1232 682 Frontonis
1243 615 1534 701 Petragoricensis,
1552 617 1726 683 Parisiensi

388 718 606 786 etBelvacensi
620 722 771 788 ecclesiis
786 724 1004 789 canonicatus
1019 730 1054 787 et
1068 721 1256 807 prebendas
1266 741 1307 786 ac
1316 720 1535 786 medietatem
1545 722 1675 787 decime
1684 722 1726 788 de

385 820 553 908 Savigneyo
567 824 601 889 in
617 826 786 892 territorio
802 825 970 907 Belnensi,
989 825 1153 891 Eduensis
1176 824 1328 905 diocesis,
1344 825 1475 890 obtinet
1492 832 1526 889 et
1543 825 1576 889 in
1597 826 1727 911 prelata

384 921 561 992 Belvacensi
578 927 778 1014 dignitatem
793 951 852 995 seu
867 936 1084 1016 personatum
1099 930 1154 994 vel
1170 928 1329 1006 officium,
1340 948 1472 993 necnon
1489 928 1521 992 in
1539 928 1726 995 Pictauensi

382 1038 409 1091 et
421 1027 618 1098 Massiliensi
634 1033 795 1115 ecclesiis,
811 1034 845 1099 in
869 1033 989 1119 quibus
1013 1032 1048 1097 in
1064 1031 1266 1098 canonicum
1291 1041 1447 1117 receptus
1463 1041 1524 1113 est,
1541 1034 1727 1119 prebendas

383 1141 522 1215 expectat
535 1156 544 1213 ;
555 1136 763 1202 scolastriam
778 1145 892 1202 autem
908 1136 1050 1203 ecclesie
1066 1135 1348 1221 Petragoricensis
1363 1136 1533 1202 dimittere
1548 1139 1727 1204 tenebitur.

416 1234 499 1300 Dum
514 1245 691 1307 attente...
805 1249 808 1254 ’

309 1337 322 1444 'L
415 1337 488 1405 Dat.
504 1342 606 1408 Avin.
622 1342 689 1410 kal.
703 1345 814 1410 martii
830 1366 920 1411 anno
937 1366 966 1411 2.

311 1468 324 1474 ·’
415 1442 448 1508 111
472 1466 501 1510 e.
528 1468 573 1513 m.
600 1449 761 1535 episcopo
786 1449 944 1516 Trecensi
970 1457 1005 1515 et
1035 1449 1273 1516 archidiacono
1304 1448 1497 1515 Parisiensis
1528 1470 1569 1515 ac
1599 1451 1727 1517 cantori

385 1544 647 1635 Petmgoricensis
662 1554 888 1619 ecclesiarum.

309 1740 312 1746 ¹
405 1684 458 1749 Beg.
469 1689 519 1737 Av.
532 1689 554 1747 8,
566 1689 586 1737 f.
597 1690 645 1737 384
658 1690 734 1748 ;Vat.
749 1690 818 1751 67,1.
831 1692 897 1751 180'‚
910 1706 935 1740 n.
948 1692 1006 1740 614.

412 1851 525 1933 482.
1433 1870 1527 1951 1318,
1546 1891 1563 1934 1
1581 1892 1685 1937 mars.

412 1970 514 2037 Priori
544 1972 588 2038 de
619 1971 715 2038 Fivia
742 1974 838 2060 juxta
868 1972 1026 2054 insulam,
1053 1972 1275 2038 Tornacensis
1305 1971 1458 2052 diocesis,
1486 1975 1662 2040 mandatur
1687 1977 1730 2042 ad

375 2073 565 2141 instantiam
582 2075 728 2163 Philippi
744 2076 945 2162 Candulphi,
956 2077 1108 2143 canonici
1127 2077 1268 2142 ecclesie
1284 2076 1314 2142 S.
1329 2077 1418 2142 Petri
1436 2076 1627 2159 Insulensis,
1640 2080 1729 2145 dicte

372 2177 519 2261 diocesis,
535 2190 700 2265 quatenus
716 2202 756 2245 ea
772 2202 837 2265 que
852 2181 1007 2247 debonis
1022 2180 1065 2246 ad
1080 2180 1286 2267 prebendam
1301 2181 1451 2265 ejusdem
1475 2180 1619 2268 Philippi
1637 2204 1730 2269 spec·

370 2284 524 2365 lantibus,
540 2284 657 2350 illicite
672 2284 819 2349 alienata
835 2283 1010 2365 invenerit,
1026 2286 1068 2351 ad
1079 2286 1134 2371 jus
1157 2294 1191 2351 et
1214 2286 1455 2371 proprietatem
1478 2285 1560 2351 dicti
1584 2286 1728 2373 Philippi

366 2409 525 2454 revocare
541 2395 709 2474 procuret.

409 2491 535 2559 Dilecti
553 2491 654 2557 filii...
917 2562 919 2565 ,

410 2596 490 2661 Dat.
506 2595 608 2661 Avin.
624 2594 690 2662 kal.
707 2595 818 2660 martii
834 2616 924 2661 anno
941 2617 970 2663 2.

398 2726 555 2789 Copiedans
567 2744 603 2778 un
617 2730 775 2778 vidimusdu
796 2733 826 2778 13
844 2746 912 2779 mars
932 2732 1001 2790 1318,
1013 2745 1065 2778 anx
1085 2730 1208 2778 Archlves
1227 2726 1262 2774 du
1281 2725 1463 2791 departement
1481 2726 1515 2804 du
1537 2728 1616 2781 Noui.
1628 2731 1643 2776 a
1657 2728 1730 2786 Lille,

361 2809 442 2856 londs
453 2808 487 2857 de
498 2809 525 2857 la
536 2810 665 2860 Chambre
676 2812 721 2860 des
733 2814 861 2875 (lomptes,
875 2812 903 2860 B.
917 2814 987 2861 1527.
999 2840 1031 2846 -
1045 2812 1074 2860 E.
1087 2811 1240 2866 Hautcoeur.
1256 2808 1406 2859 urnulam.
1417 2808 1447 2856 de
1467 2808 1477 2855 l
1484 2807 1589 2871 'Epllre
1599 2807 1732 2872 0011191011

361 2892 394 2939 {lc
407 2889 591 2940 Striat-Pierre
602 2891 634 2939 de
647 2892 721 2953 Lan,
734 2900 752 2941 t.
766 2893 800 2948 11,
814 2909 837 2956 p.
850 2896 896 2942 611
909 2894 1015 2956 (texte).

409 3064 528 3149 483.
1436 3081 1529 3162 1318,
1546 3100 1566 3142 2
1584 3102 1687 3146 utare.

411 3183 578 3268 Magistro
593 3183 728 3250 Oddoni
752 3186 794 3251 de
819 3186 1017 3265 Serminet0,
1034 3187 1158 3251 clerico
1182 3185 1323 3251 Camere
1350 3183 1546 3269 apostolice,
1563 3183 1733 3249 confertur

363 3298 464 3354 motu
488 3289 624 3374 proprio
649 3289 867 3354 canonicatus
891 3290 1033 3354 ecclesie
1058 3289 1249 3369 Valentine,
1265 3288 1437 3375 provincie
1464 3287 1733 3364 Terraconensis,

364 3394 427 3457 sub
444 3392 682 3477 expectatione
698 3392 868 3477 prebende
884 3413 924 3457 ac
946 3392 1154 3478 prepositure
1177 3393 1246 3458 sive
1270 3399 1421 3456 mensate
1443 3400 1477 3456 et
1493 3391 1664 3475 dignitatis
1681 3394 1733 3455 vel

364 3505 576 3582 personatus
588 3516 657 3560 non
670 3497 826 3560 obstante
839 3496 929 3580 quod
945 3497 979 3560 in
994 3494 1238 3576 Xanctoneusi,
1249 3495 1474 3560 Corinthiensi
1492 3504 1526 3559 et
1543 3493 1679 3558 Nolana
1694 3516 1734 3559 ac

365 3600 398 3666 S.
425 3599 608 3665 Donatiani
633 3598 822 3684 Brugensis,
848 3598 1069 3665 Tornacensis
1099 3600 1252 3679 diocesis,
1278 3598 1428 3665 ecclesiis
1457 3598 1674 3663 canonicatus
1701 3608 1736 3662 et

366 3703 567 3790 prebendas,
589 3724 629 3768 ac
652 3704 684 3767 in
712 3703 836 3768 diocesi
860 3703 995 3769 Nolana
1023 3704 1167 3788 quedam
1193 3702 1368 3783 beneficia,
1393 3703 1464 3766 sine
1489 3722 1577 3780 cura,
1602 3723 1621 3766 a
1647 3701 1737 3766 dicta

309 3799 312 3879 i
366 3805 504 3872 Nolana
520 3806 692 3892 prebenda
707 3806 934 3892 dependentia
949 3808 1092 3871 obtinet.

309 3915 312 3995 1
412 3911 508 3977 Sedis
523 3910 752 3997 apostolice...

411 4016 490 4082 Dat.
506 4016 609 4080 Avin.
628 4020 645 4079 6
662 4035 740 4081 non.
757 4015 867 4079 martii
884 4034 973 4079 anno
993 4035 1021 4079 2.

412 4118 451 4183 In
468 4141 499 4184 e.
512 4140 557 4183 m.
574 4118 825 4198 Bartholomeo‚
839 4119 1000 4204 episcopo
1017 4116 1250 4202 Foroiuliensi,
1264 4137 1303 4183 ac
1318 4115 1555 4182 archidiacono
1572 4115 1737 4202 Calatajn-

369 4224 459 4288 bensi
477 4223 511 4286 in
528 4223 671 4288 ecclesia
685 4223 910 4303 Tirasonensi‚
927 4244 967 4289 ac
984 4221 1133 4287 Nicolao
1143 4223 1185 4287 de
1198 4221 1338 4303 Fractis,
1348 4222 1512 4288 canonico
1530 4222 1737 4302 Patracensi‚

369 4325 555 4392 litterarum
571 4326 832 4411 apostolicarum
847 4326 1039 4392 correctori.

402 4453 462 4516 neg.
474 4456 523 4502 nv.
536 4455 559 4511 s,
571 4453 589 4501 r.
602 4455 661 4501 roav
672 4453 745 4510 Νη.
758 4456 798 4514 01,
811 4455 830 4503 f.
843 4456 909 4514 219¹,
922 4470 946 4503 n.
959 4456 1014 4503 ms.

413 4732 562 4818 Sycardo
577 4736 620 4801 dc
636 4734 746 4802 Vauro
767 4738 984 4803 conferuntur
1009 4740 1218 4825 prepositura
1234 4749 1269 4806 et
1285 4745 1502 4810 canonicatus
1517 4766 1557 4811 ac
1569 4750 1737 4833 prebenda

378 4838 509 4905 ecclesie
526 4840 557 4905 S.
573 4841 672 4905 Alani
689 4841 731 4906 de
747 4842 868 4924 Vauro,
885 4843 1016 4908 noviter
1042 4845 1075 4908 in
1101 4844 1330 4909 cathedralem
1353 4858 1475 4928 erecte,
1491 4870 1559 4914 non
1585 4855 1740 4918 obstante

309 4651 331 4938 p
411 4617 532 4700 484.
1447 4646 1542 4723 1318,
1558 4665 1578 4706 2
1595 4667 1697 4710 maru.

316 5037 334 5336 i
