<?xml version="1.0" encoding="UTF-8"?>
<!DOCTYPE html PUBLIC "-//W3C//DTD XHTML 1.0 Transitional//EN"
    "http://www.w3.org/TR/xhtml1/DTD/xhtml1-transitional.dtd">
<html xmlns="http://www.w3.org/1999/xhtml" xml:lang="en" lang="en">
 <head>
  <title>
</title>
<meta http-equiv="Content-Type" content="text/html;charset=utf-8" />
  <meta name='ocr-system' content='tesseract 3.04.00' />
  <meta name='ocr-capabilities' content='ocr_page ocr_carea ocr_par ocr_line ocrx_word'/>
</head>
<body>
  <div class='ocr_page' id='page_1' title='image "./lettresdejeanxx00xxiigoog_0142.png"; bbox 0 0 4409 6017; ppageno 0'>
   <div class='ocr_carea' id='block_1_1' title="bbox 488 661 1299 731">
    <p class='ocr_par' dir='ltr' id='par_1_1' title="bbox 488 661 1299 731">
     <span class='ocr_line' id='line_1_1' title="bbox 488 661 1299 731; baseline 0.004 -4"><span class='ocrx_word' id='word_1_1' title='bbox 488 661 528 727; x_wconf 86' lang='grc'>56</span> <span class='ocrx_word' id='word_1_2' title='bbox 1030 665 1176 731; x_wconf 85' lang='lat' dir='ltr'>Premiere</span> <span class='ocrx_word' id='word_1_3' title='bbox 1197 666 1299 730; x_wconf 85' lang='lat' dir='ltr'>anne‘e.</span> 
     </span>
    </p>
   </div>
   <div class='ocr_carea' id='block_1_2' title="bbox 532 809 1197 1000">
    <p class='ocr_par' dir='ltr' id='par_1_2' title="bbox 532 809 1197 1000">
     <span class='ocr_line' id='line_1_2' title="bbox 532 809 838 878; baseline 0.013 -4"><span class='ocrx_word' id='word_1_4' title='bbox 532 809 669 876; x_wconf 90' lang='lat' dir='ltr'>lutenta</span> <span class='ocrx_word' id='word_1_5' title='bbox 684 812 838 878; x_wconf 85' lang='lat' dir='ltr'>salutis..</span> 
     </span>
     <span class='ocr_line' id='line_1_3' title="bbox 533 914 1197 1000; baseline 0.011 -23"><span class='ocrx_word' id='word_1_6' title='bbox 533 914 610 979; x_wconf 89' lang='lat' dir='ltr'>Dat.</span> <span class='ocrx_word' id='word_1_7' title='bbox 626 915 726 980; x_wconf 79' lang='lat' dir='ltr'>Avin.</span> <span class='ocrx_word' id='word_1_8' title='bbox 745 937 761 1000; x_wconf 80' lang='lat'><strong>5</strong></span> <span class='ocrx_word' id='word_1_9' title='bbox 779 916 844 982; x_wconf 87' lang='lat' dir='ltr'>kal.</span> <span class='ocrx_word' id='word_1_10' title='bbox 861 915 1046 983; x_wconf 84' lang='lat' dir='ltr'>decembris</span> <span class='ocrx_word' id='word_1_11' title='bbox 1061 939 1152 984; x_wconf 91' lang='lat' dir='ltr'>anno</span> <span class='ocrx_word' id='word_1_12' title='bbox 1171 940 1197 984; x_wconf 87' lang='lat' dir='ltr'>r.</span> 
     </span>
    </p>
   </div>
   <div class='ocr_carea' id='block_1_3' title="bbox 521 1054 1133 1119">
    <p class='ocr_par' dir='ltr' id='par_1_3' title="bbox 521 1054 1133 1119">
     <span class='ocr_line' id='line_1_4' title="bbox 521 1054 1133 1119; baseline 0.011 -16"><span class='ocrx_word' id='word_1_13' title='bbox 521 1054 581 1116; x_wconf 79' lang='lat' dir='ltr'>Reg.</span> <span class='ocrx_word' id='word_1_14' title='bbox 594 1057 640 1106; x_wconf 81' lang='lat' dir='ltr'>Ar.</span> <span class='ocrx_word' id='word_1_15' title='bbox 653 1060 675 1108; x_wconf 82' lang='lat'>3.</span> <span class='ocrx_word' id='word_1_16' title='bbox 688 1058 706 1106; x_wconf 84' lang='lat' dir='ltr'>f.</span> <span class='ocrx_word' id='word_1_17' title='bbox 719 1061 793 1108; x_wconf 76' lang='lat'><strong>375&#39;:</strong></span> <span class='ocrx_word' id='word_1_18' title='bbox 807 1059 865 1107; x_wconf 80' lang='lat' dir='ltr'>Vnt..</span> <span class='ocrx_word' id='word_1_19' title='bbox 875 1061 913 1118; x_wconf 71' lang='grc'>64,</span> <span class='ocrx_word' id='word_1_20' title='bbox 926 1060 943 1108; x_wconf 87' lang='lat' dir='ltr'>i.</span> <span class='ocrx_word' id='word_1_21' title='bbox 957 1063 1011 1119; x_wconf 87' lang='lat' dir='ltr'>llo,</span> <span class='ocrx_word' id='word_1_22' title='bbox 1024 1075 1050 1109; x_wconf 88' lang='lat' dir='ltr'>n.</span> <span class='ocrx_word' id='word_1_23' title='bbox 1062 1062 1133 1110; x_wconf 76' lang='lat'>1298.</span> 
     </span>
    </p>
   </div>
   <div class='ocr_carea' id='block_1_4' title="bbox 488 1228 1853 1539">
    <p class='ocr_par' dir='ltr' id='par_1_4' title="bbox 488 1228 1853 1539">
     <span class='ocr_line' id='line_1_5' title="bbox 534 1228 1808 1337; baseline 0.001 -26"><span class='ocrx_word' id='word_1_24' title='bbox 534 1228 641 1312; x_wconf 82' lang='grc'>186.</span> <span class='ocrx_word' id='word_1_25' title='bbox 1046 1248 1103 1337; x_wconf 71' lang='lat'>[13</span> <span class='ocrx_word' id='word_1_26' title='bbox 1110 1249 1158 1329; x_wconf 77' lang='grc' dir='ltr'>τό,</span> <span class='ocrx_word' id='word_1_27' title='bbox 1175 1271 1217 1335; x_wconf 58' lang='lat'>171</span> <span class='ocrx_word' id='word_1_28' title='bbox 1232 1252 1411 1337; x_wconf 74' lang='lat' dir='ltr'><em>septembre</em></span> <span class='ocrx_word' id='word_1_29' title='bbox 1425 1289 1469 1298; x_wconf 89' lang='lat'>-</span> <span class='ocrx_word' id='word_1_30' title='bbox 1484 1252 1529 1314; x_wconf 83' lang='lat'>28</span> <span class='ocrx_word' id='word_1_31' title='bbox 1544 1247 1733 1334; x_wconf 76' lang='lat' dir='ltr'><em>novembre]</em></span> <span class='ocrx_word' id='word_1_32' title='bbox 1748 1249 1763 1326; x_wconf 70' lang='lat' dir='ltr'>t</span> <span class='ocrx_word' id='word_1_33' title='bbox 1783 1248 1808 1326; x_wconf 85' lang='lat'>).</span> 
     </span>
     <span class='ocr_line' id='line_1_6' title="bbox 532 1347 1853 1439; baseline 0.003 -28"><span class='ocrx_word' id='word_1_34' title='bbox 532 1347 696 1436; x_wconf 88' lang='lat' dir='ltr'>Philippo,</span> <span class='ocrx_word' id='word_1_35' title='bbox 712 1353 802 1434; x_wconf 86' lang='lat' dir='ltr'>regni</span> <span class='ocrx_word' id='word_1_36' title='bbox 823 1351 961 1419; x_wconf 86' lang='lat' dir='ltr'>Francie</span> <span class='ocrx_word' id='word_1_37' title='bbox 976 1354 1115 1434; x_wconf 89' lang='lat' dir='ltr'>regenti,</span> <span class='ocrx_word' id='word_1_38' title='bbox 1131 1355 1283 1419; x_wconf 82' lang='lat' dir='ltr'>scribitur</span> <span class='ocrx_word' id='word_1_39' title='bbox 1298 1362 1334 1418; x_wconf 94' lang='lat' dir='ltr'>ut</span> <span class='ocrx_word' id='word_1_40' title='bbox 1357 1375 1474 1439; x_wconf 90' lang='lat' dir='ltr'>pacem</span> <span class='ocrx_word' id='word_1_41' title='bbox 1499 1374 1575 1419; x_wconf 93' lang='lat' dir='ltr'>cum</span> <span class='ocrx_word' id='word_1_42' title='bbox 1593 1353 1621 1419; x_wconf 64' lang='lat'>1⁴*</span> <span class='ocrx_word' id='word_1_43' title='bbox 1622 1351 1853 1419; x_wconf 88' lang='lat' dir='ltr'>landrensibus</span> 
     </span>
     <span class='ocr_line' id='line_1_7' title="bbox 488 1455 647 1539; baseline 0.019 -21"><span class='ocrx_word' id='word_1_44' title='bbox 488 1455 647 1539; x_wconf 87' lang='lat' dir='ltr'>perficiat.</span> 
     </span>
    </p>
   </div>
   <div class='ocr_carea' id='block_1_5' title="bbox 482 1635 1857 4744">
    <p class='ocr_par' dir='ltr' id='par_1_5' title="bbox 482 1635 1857 4744">
     <span class='ocr_line' id='line_1_8' title="bbox 532 1635 1852 1723; baseline -0.002 -22"><span class='ocrx_word' id='word_1_45' title='bbox 532 1638 696 1703; x_wconf 73' lang='lat' dir='ltr'>«Dilecto</span> <span class='ocrx_word' id='word_1_46' title='bbox 712 1637 780 1703; x_wconf 87' lang='lat' dir='ltr'>lilio</span> <span class='ocrx_word' id='word_1_47' title='bbox 802 1636 906 1703; x_wconf 91' lang='lat' dir='ltr'>nobili</span> <span class='ocrx_word' id='word_1_48' title='bbox 930 1637 1002 1701; x_wconf 82' lang='lat' dir='ltr'>viro</span> <span class='ocrx_word' id='word_1_49' title='bbox 1018 1637 1185 1723; x_wconf 87' lang='lat' dir='ltr'>Philippo,</span> <span class='ocrx_word' id='word_1_50' title='bbox 1209 1637 1297 1702; x_wconf 92' lang='lat' dir='ltr'>clare</span> <span class='ocrx_word' id='word_1_51' title='bbox 1320 1635 1481 1701; x_wconf 85' lang='lat' dir='ltr'>memorie</span> <span class='ocrx_word' id='word_1_52' title='bbox 1507 1638 1592 1720; x_wconf 91' lang='lat' dir='ltr'>regis</span> <span class='ocrx_word' id='word_1_53' title='bbox 1614 1635 1757 1701; x_wconf 88' lang='lat' dir='ltr'>Francie</span> <span class='ocrx_word' id='word_1_54' title='bbox 1773 1635 1852 1714; x_wconf 84' lang='lat' dir='ltr'>filio,</span> 
     </span>
     <span class='ocr_line' id='line_1_9' title="bbox 485 1739 1852 1827; baseline -0.001 -21"><span class='ocrx_word' id='word_1_55' title='bbox 485 1763 587 1824; x_wconf 87' lang='lat' dir='ltr'>regna</span> <span class='ocrx_word' id='word_1_56' title='bbox 604 1742 744 1808; x_wconf 89' lang='lat' dir='ltr'>Francie</span> <span class='ocrx_word' id='word_1_57' title='bbox 767 1753 800 1807; x_wconf 90' lang='lat' dir='ltr'>et</span> <span class='ocrx_word' id='word_1_58' title='bbox 824 1742 975 1808; x_wconf 82' lang='lat' dir='ltr'>Navarre</span> <span class='ocrx_word' id='word_1_59' title='bbox 991 1743 1130 1826; x_wconf 84' lang='lat' dir='ltr'>regenti.</span> <span class='ocrx_word' id='word_1_60' title='bbox 1155 1744 1342 1826; x_wconf 70' lang='lat' dir='ltr'>Singularis,</span> <span class='ocrx_word' id='word_1_61' title='bbox 1367 1741 1422 1821; x_wconf 87' lang='lat' dir='ltr'>fili,</span> <span class='ocrx_word' id='word_1_62' title='bbox 1439 1739 1481 1804; x_wconf 89' lang='lat' dir='ltr'>ad</span> <span class='ocrx_word' id='word_1_63' title='bbox 1496 1762 1674 1827; x_wconf 86' lang='lat' dir='ltr'>personam</span> <span class='ocrx_word' id='word_1_64' title='bbox 1698 1748 1795 1805; x_wconf 89' lang='lat' dir='ltr'>tuam</span> <span class='ocrx_word' id='word_1_65' title='bbox 1818 1747 1852 1805; x_wconf 88' lang='lat' dir='ltr'>et</span> 
     </span>
     <span class='ocr_line' id='line_1_10' title="bbox 485 1847 1852 1933; baseline -0.001 -20"><span class='ocrx_word' id='word_1_66' title='bbox 485 1848 794 1913; x_wconf 87' lang='lat' dir='ltr'>christianissimum</span> <span class='ocrx_word' id='word_1_67' title='bbox 809 1868 948 1929; x_wconf 90' lang='lat' dir='ltr'>regnum</span> <span class='ocrx_word' id='word_1_68' title='bbox 975 1847 1125 1927; x_wconf 88' lang='lat' dir='ltr'>Francie‚</span> <span class='ocrx_word' id='word_1_69' title='bbox 1150 1869 1261 1932; x_wconf 89' lang='lat' dir='ltr'>aquo</span> <span class='ocrx_word' id='word_1_70' title='bbox 1286 1849 1447 1932; x_wconf 83' lang='lat' dir='ltr'>originem</span> <span class='ocrx_word' id='word_1_71' title='bbox 1471 1849 1642 1926; x_wconf 70' lang='lat' dir='ltr'>traximus</span> <span class='ocrx_word' id='word_1_72' title='bbox 1668 1868 1731 1914; x_wconf 86' lang='lat' dir='ltr'>nos</span> <span class='ocrx_word' id='word_1_73' title='bbox 1757 1858 1852 1933; x_wconf 85' lang='lat' dir='ltr'>urget</span> 
     </span>
     <span class='ocr_line' id='line_1_11' title="bbox 484 1952 1851 2038; baseline 0 -21"><span class='ocrx_word' id='word_1_74' title='bbox 484 1952 628 2029; x_wconf 82' lang='lat' dir='ltr'>affectio,</span> <span class='ocrx_word' id='word_1_75' title='bbox 641 1952 814 2034; x_wconf 88' lang='lat' dir='ltr'>singularis</span> <span class='ocrx_word' id='word_1_76' title='bbox 826 1953 930 2018; x_wconf 87' lang='lat' dir='ltr'>allicit</span> <span class='ocrx_word' id='word_1_77' title='bbox 946 1953 1074 2033; x_wconf 73' lang='lat' dir='ltr'>caritas</span> <span class='ocrx_word' id='word_1_78' title='bbox 1089 1962 1125 2017; x_wconf 92' lang='lat' dir='ltr'>ut</span> <span class='ocrx_word' id='word_1_79' title='bbox 1138 1952 1197 2018; x_wconf 91' lang='lat' dir='ltr'>tibi</span> <span class='ocrx_word' id='word_1_80' title='bbox 1214 1974 1254 2017; x_wconf 89' lang='lat' dir='ltr'>ea</span> <span class='ocrx_word' id='word_1_81' title='bbox 1269 1974 1334 2037; x_wconf 89' lang='lat' dir='ltr'>que</span> <span class='ocrx_word' id='word_1_82' title='bbox 1349 1961 1407 2017; x_wconf 93' lang='lat' dir='ltr'>tue</span> <span class='ocrx_word' id='word_1_83' title='bbox 1423 1953 1520 2018; x_wconf 90' lang='lat' dir='ltr'>saluti</span> <span class='ocrx_word' id='word_1_84' title='bbox 1538 1973 1731 2038; x_wconf 86' lang='lat' dir='ltr'>congruere,</span> <span class='ocrx_word' id='word_1_85' title='bbox 1744 1953 1851 2019; x_wconf 88' lang='lat' dir='ltr'>ettibi</span> 
     </span>
     <span class='ocr_line' id='line_1_12' title="bbox 485 2056 1849 2144; baseline 0.001 -24"><span class='ocrx_word' id='word_1_86' title='bbox 485 2077 524 2121; x_wconf 93' lang='lat' dir='ltr'>ac</span> <span class='ocrx_word' id='word_1_87' title='bbox 541 2056 600 2142; x_wconf 92' lang='lat' dir='ltr'>ipsi</span> <span class='ocrx_word' id='word_1_88' title='bbox 617 2077 720 2140; x_wconf 89' lang='lat' dir='ltr'>regno</span> <span class='ocrx_word' id='word_1_89' title='bbox 735 2057 948 2142; x_wconf 82' lang='lat' dir='ltr'>expedientia</span> <span class='ocrx_word' id='word_1_90' title='bbox 963 2058 1033 2122; x_wconf 91' lang='lat' dir='ltr'>sore</span> <span class='ocrx_word' id='word_1_91' title='bbox 1050 2057 1247 2136; x_wconf 86' lang='lat' dir='ltr'>videremus,</span> <span class='ocrx_word' id='word_1_92' title='bbox 1263 2057 1411 2141; x_wconf 88' lang='lat' dir='ltr'>paternis</span> <span class='ocrx_word' id='word_1_93' title='bbox 1426 2057 1601 2124; x_wconf 85' lang='lat' dir='ltr'>affectibus</span> <span class='ocrx_word' id='word_1_94' title='bbox 1623 2078 1849 2144; x_wconf 73' lang='lat' dir='ltr'>suggeramus</span> 
     </span>
     <span class='ocr_line' id='line_1_13' title="bbox 488 2158 1852 2246; baseline 0.001 -23"><span class='ocrx_word' id='word_1_95' title='bbox 488 2158 531 2225; x_wconf 88' lang='lat' dir='ltr'>Et</span> <span class='ocrx_word' id='word_1_96' title='bbox 547 2161 692 2244; x_wconf 87' lang='lat' dir='ltr'>quidem,</span> <span class='ocrx_word' id='word_1_97' title='bbox 705 2161 759 2236; x_wconf 84' lang='lat' dir='ltr'>fili,</span> <span class='ocrx_word' id='word_1_98' title='bbox 771 2182 838 2225; x_wconf 92' lang='lat' dir='ltr'>non</span> <span class='ocrx_word' id='word_1_99' title='bbox 849 2170 883 2226; x_wconf 90' lang='lat' dir='ltr'>te</span> <span class='ocrx_word' id='word_1_100' title='bbox 893 2163 985 2232; x_wconf 87' lang='lat' dir='ltr'>latet.</span> <span class='ocrx_word' id='word_1_101' title='bbox 1002 2183 1078 2227; x_wconf 95' lang='lat' dir='ltr'>cum</span> <span class='ocrx_word' id='word_1_102' title='bbox 1094 2162 1162 2225; x_wconf 84' lang='lat' dir='ltr'>fere</span> <span class='ocrx_word' id='word_1_103' title='bbox 1173 2161 1214 2226; x_wconf 88' lang='lat' dir='ltr'>sit</span> <span class='ocrx_word' id='word_1_104' title='bbox 1230 2161 1300 2225; x_wconf 92' lang='lat' dir='ltr'>orbi</span> <span class='ocrx_word' id='word_1_105' title='bbox 1313 2161 1492 2238; x_wconf 86' lang='lat' dir='ltr'>notorium,</span> <span class='ocrx_word' id='word_1_106' title='bbox 1503 2163 1647 2245; x_wconf 85' lang='lat' dir='ltr'>qualiter</span> <span class='ocrx_word' id='word_1_107' title='bbox 1661 2182 1780 2246; x_wconf 88' lang='lat' dir='ltr'>guerra</span> <span class='ocrx_word' id='word_1_108' title='bbox 1796 2161 1852 2225; x_wconf 90' lang='lat' dir='ltr'>illa</span> 
     </span>
     <span class='ocr_line' id='line_1_14' title="bbox 488 2262 1849 2350; baseline 0.001 -23"><span class='ocrx_word' id='word_1_109' title='bbox 488 2262 650 2342; x_wconf 86' lang='lat' dir='ltr'>Flandrie,</span> <span class='ocrx_word' id='word_1_110' title='bbox 667 2273 866 2349; x_wconf 86' lang='lat' dir='ltr'>procurante</span> <span class='ocrx_word' id='word_1_111' title='bbox 880 2266 972 2350; x_wconf 88' lang='lat' dir='ltr'>pacis</span> <span class='ocrx_word' id='word_1_112' title='bbox 988 2267 1110 2340; x_wconf 66' lang='lat' dir='ltr'>emula</span> <span class='ocrx_word' id='word_1_113' title='bbox 1126 2275 1235 2331; x_wconf 87' lang='lat' dir='ltr'>satore</span> <span class='ocrx_word' id='word_1_114' title='bbox 1245 2264 1380 2344; x_wconf 82' lang='lat' dir='ltr'>zizanie,</span> <span class='ocrx_word' id='word_1_115' title='bbox 1392 2266 1560 2344; x_wconf 85' lang='lat' dir='ltr'>suscitata,</span> <span class='ocrx_word' id='word_1_116' title='bbox 1571 2266 1849 2350; x_wconf 88' lang='lat' dir='ltr'>dictumregnum</span> 
     </span>
     <span class='ocr_line' id='line_1_15' title="bbox 485 2369 1852 2456; baseline 0 -23"><span class='ocrx_word' id='word_1_117' title='bbox 485 2377 635 2453; x_wconf 91' lang='lat' dir='ltr'>tempore</span> <span class='ocrx_word' id='word_1_118' title='bbox 649 2369 718 2451; x_wconf 88' lang='lat' dir='ltr'>jam</span> <span class='ocrx_word' id='word_1_119' title='bbox 733 2370 835 2448; x_wconf 89' lang='lat' dir='ltr'>longo</span> <span class='ocrx_word' id='word_1_120' title='bbox 849 2370 1042 2442; x_wconf 82' lang='lat' dir='ltr'>turbaverit,</span> <span class='ocrx_word' id='word_1_121' title='bbox 1059 2390 1125 2453; x_wconf 91' lang='lat' dir='ltr'>que</span> <span class='ocrx_word' id='word_1_122' title='bbox 1140 2369 1326 2434; x_wconf 91' lang='lat' dir='ltr'>animarum</span> <span class='ocrx_word' id='word_1_123' title='bbox 1350 2369 1505 2454; x_wconf 89' lang='lat' dir='ltr'>pericula,</span> <span class='ocrx_word' id='word_1_124' title='bbox 1522 2392 1604 2454; x_wconf 90' lang='lat' dir='ltr'>quas</span> <span class='ocrx_word' id='word_1_125' title='bbox 1627 2377 1756 2456; x_wconf 85' lang='lat' dir='ltr'>strages</span> <span class='ocrx_word' id='word_1_126' title='bbox 1780 2390 1852 2435; x_wconf 91' lang='lat' dir='ltr'>cor-</span> 
     </span>
     <span class='ocr_line' id='line_1_16' title="bbox 485 2472 1853 2559; baseline 0.001 -21"><span class='ocrx_word' id='word_1_127' title='bbox 485 2493 615 2558; x_wconf 88' lang='lat' dir='ltr'>porum,</span> <span class='ocrx_word' id='word_1_128' title='bbox 632 2479 756 2556; x_wconf 89' lang='lat' dir='ltr'>quanta</span> <span class='ocrx_word' id='word_1_129' title='bbox 775 2472 941 2540; x_wconf 82' lang='lat' dir='ltr'>induxerit</span> <span class='ocrx_word' id='word_1_130' title='bbox 957 2473 1130 2559; x_wconf 88' lang='lat' dir='ltr'>dispendia</span> <span class='ocrx_word' id='word_1_131' title='bbox 1145 2473 1351 2550; x_wconf 85' lang='lat' dir='ltr'>facultatum,</span> <span class='ocrx_word' id='word_1_132' title='bbox 1368 2482 1405 2538; x_wconf 90' lang='lat' dir='ltr'>ut</span> <span class='ocrx_word' id='word_1_133' title='bbox 1418 2474 1486 2558; x_wconf 86' lang='lat' dir='ltr'>jam</span> <span class='ocrx_word' id='word_1_134' title='bbox 1504 2474 1593 2539; x_wconf 91' lang='lat' dir='ltr'>idem</span> <span class='ocrx_word' id='word_1_135' title='bbox 1608 2494 1748 2558; x_wconf 90' lang='lat' dir='ltr'>regnum</span> <span class='ocrx_word' id='word_1_136' title='bbox 1766 2473 1800 2539; x_wconf 94' lang='lat' dir='ltr'>in</span> <span class='ocrx_word' id='word_1_137' title='bbox 1817 2494 1853 2541; x_wconf 90' lang='lat' dir='ltr'>se</span> 
     </span>
     <span class='ocr_line' id='line_1_17' title="bbox 488 2575 1852 2663; baseline 0.002 -23"><span class='ocrx_word' id='word_1_138' title='bbox 488 2575 561 2663; x_wconf 90' lang='lat' dir='ltr'>ipso</span> <span class='ocrx_word' id='word_1_139' title='bbox 576 2576 728 2641; x_wconf 83' lang='lat' dir='ltr'>videatur</span> <span class='ocrx_word' id='word_1_140' title='bbox 743 2586 927 2662; x_wconf 85' lang='lat' dir='ltr'>expertum,</span> <span class='ocrx_word' id='word_1_141' title='bbox 944 2578 1034 2663; x_wconf 89' lang='lat' dir='ltr'>quod</span> <span class='ocrx_word' id='word_1_142' title='bbox 1056 2578 1191 2643; x_wconf 92' lang='lat' dir='ltr'>inimico</span> <span class='ocrx_word' id='word_1_143' title='bbox 1214 2577 1364 2641; x_wconf 84' lang='lat' dir='ltr'>familiari</span> <span class='ocrx_word' id='word_1_144' title='bbox 1382 2579 1472 2642; x_wconf 88' lang='lat' dir='ltr'>nulla</span> <span class='ocrx_word' id='word_1_145' title='bbox 1488 2577 1591 2663; x_wconf 89' lang='lat' dir='ltr'>pestis</span> <span class='ocrx_word' id='word_1_146' title='bbox 1613 2587 1665 2643; x_wconf 89' lang='lat' dir='ltr'>est</span> <span class='ocrx_word' id='word_1_147' title='bbox 1680 2577 1852 2645; x_wconf 86' lang='lat' dir='ltr'>efficacior</span> 
     </span>
     <span class='ocr_line' id='line_1_18' title="bbox 488 2679 1853 2768; baseline 0.001 -21"><span class='ocrx_word' id='word_1_148' title='bbox 488 2681 531 2747; x_wconf 90' lang='lat' dir='ltr'>ad</span> <span class='ocrx_word' id='word_1_149' title='bbox 547 2679 745 2759; x_wconf 87' lang='lat' dir='ltr'>nocendum,</span> <span class='ocrx_word' id='word_1_150' title='bbox 762 2687 796 2744; x_wconf 92' lang='lat' dir='ltr'>et</span> <span class='ocrx_word' id='word_1_151' title='bbox 812 2680 902 2765; x_wconf 92' lang='lat' dir='ltr'>quod</span> <span class='ocrx_word' id='word_1_152' title='bbox 917 2682 1048 2763; x_wconf 83' lang='lat' dir='ltr'>gravius</span> <span class='ocrx_word' id='word_1_153' title='bbox 1064 2702 1182 2745; x_wconf 90' lang='lat' dir='ltr'>manus</span> <span class='ocrx_word' id='word_1_154' title='bbox 1197 2681 1257 2746; x_wconf 89' lang='lat' dir='ltr'>sibi</span> <span class='ocrx_word' id='word_1_155' title='bbox 1268 2701 1413 2746; x_wconf 86' lang='lat' dir='ltr'>nocuere</span> <span class='ocrx_word' id='word_1_156' title='bbox 1428 2680 1612 2747; x_wconf 85' lang='lat' dir='ltr'>domestice</span> <span class='ocrx_word' id='word_1_157' title='bbox 1629 2703 1730 2766; x_wconf 90' lang='lat' dir='ltr'>quam</span> <span class='ocrx_word' id='word_1_158' title='bbox 1747 2683 1853 2768; x_wconf 93' lang='lat' dir='ltr'>impe-</span> 
     </span>
     <span class='ocr_line' id='line_1_19' title="bbox 488 2785 1853 2870; baseline 0.002 -19"><span class='ocrx_word' id='word_1_159' title='bbox 488 2786 634 2851; x_wconf 92' lang='lat' dir='ltr'>rantium</span> <span class='ocrx_word' id='word_1_160' title='bbox 649 2786 812 2850; x_wconf 91' lang='lat' dir='ltr'>hactenus</span> <span class='ocrx_word' id='word_1_161' title='bbox 828 2794 862 2849; x_wconf 89' lang='lat' dir='ltr'>et</span> <span class='ocrx_word' id='word_1_162' title='bbox 878 2785 1016 2849; x_wconf 92' lang='lat' dir='ltr'>aliorum</span> <span class='ocrx_word' id='word_1_163' title='bbox 1034 2785 1141 2870; x_wconf 91' lang='lat' dir='ltr'>ipsum</span> <span class='ocrx_word' id='word_1_164' title='bbox 1164 2785 1435 2869; x_wconf 89' lang='lat' dir='ltr'>persequentium</span> <span class='ocrx_word' id='word_1_165' title='bbox 1459 2785 1595 2852; x_wconf 84' lang='lat' dir='ltr'>dextere</span> <span class='ocrx_word' id='word_1_166' title='bbox 1612 2787 1758 2854; x_wconf 91' lang='lat' dir='ltr'>inimice.</span> <span class='ocrx_word' id='word_1_167' title='bbox 1776 2786 1853 2854; x_wconf 90' lang='lat' dir='ltr'>Nec</span> 
     </span>
     <span class='ocr_line' id='line_1_20' title="bbox 487 2886 1852 2978; baseline 0.003 -23"><span class='ocrx_word' id='word_1_168' title='bbox 487 2891 618 2976; x_wconf 88' lang='lat' dir='ltr'>ignoras</span> <span class='ocrx_word' id='word_1_169' title='bbox 633 2890 774 2974; x_wconf 88' lang='lat' dir='ltr'>qualiter</span> <span class='ocrx_word' id='word_1_170' title='bbox 790 2889 951 2967; x_wconf 89' lang='lat' dir='ltr'>gallicane</span> <span class='ocrx_word' id='word_1_171' title='bbox 967 2889 1119 2973; x_wconf 86' lang='lat' dir='ltr'>potentie</span> <span class='ocrx_word' id='word_1_172' title='bbox 1135 2888 1262 2973; x_wconf 77' lang='lat' dir='ltr'>gladius</span> <span class='ocrx_word' id='word_1_173' title='bbox 1278 2889 1310 2952; x_wconf 93' lang='lat' dir='ltr'>in</span> <span class='ocrx_word' id='word_1_174' title='bbox 1329 2886 1449 2953; x_wconf 88' lang='lat' dir='ltr'>Christi</span> <span class='ocrx_word' id='word_1_175' title='bbox 1466 2891 1680 2977; x_wconf 88' lang='lat' dir='ltr'>blasphemos</span> <span class='ocrx_word' id='word_1_176' title='bbox 1695 2892 1738 2958; x_wconf 91' lang='lat' dir='ltr'>ad</span> <span class='ocrx_word' id='word_1_177' title='bbox 1748 2892 1852 2978; x_wconf 87' lang='lat' dir='ltr'>ipsius</span> 
     </span>
     <span class='ocr_line' id='line_1_21' title="bbox 486 2992 1851 3067; baseline 0.002 -6"><span class='ocrx_word' id='word_1_178' title='bbox 486 2994 725 3061; x_wconf 86' lang='lat' dir='ltr'>exaltationem</span> <span class='ocrx_word' id='word_1_179' title='bbox 742 2993 818 3059; x_wconf 87' lang='lat' dir='ltr'>fidei</span> <span class='ocrx_word' id='word_1_180' title='bbox 835 3002 869 3059; x_wconf 93' lang='lat' dir='ltr'>et</span> <span class='ocrx_word' id='word_1_181' title='bbox 885 2994 1117 3059; x_wconf 87' lang='lat' dir='ltr'>dilatationem</span> <span class='ocrx_word' id='word_1_182' title='bbox 1135 2992 1304 3059; x_wconf 88' lang='lat' dir='ltr'>christiani</span> <span class='ocrx_word' id='word_1_183' title='bbox 1321 2994 1430 3059; x_wconf 89' lang='lat' dir='ltr'>cultus</span> <span class='ocrx_word' id='word_1_184' title='bbox 1445 2994 1579 3061; x_wconf 89' lang='lat' dir='ltr'>limatus</span> <span class='ocrx_word' id='word_1_185' title='bbox 1598 3003 1698 3063; x_wconf 88' lang='lat' dir='ltr'>antea</span> <span class='ocrx_word' id='word_1_186' title='bbox 1717 3007 1753 3067; x_wconf 88' lang='lat' dir='ltr'>et</span> <span class='ocrx_word' id='word_1_187' title='bbox 1773 3018 1851 3066; x_wconf 89' lang='lat' dir='ltr'>acu·</span> 
     </span>
     <span class='ocr_line' id='line_1_22' title="bbox 486 3094 1852 3187; baseline 0.001 -21"><span class='ocrx_word' id='word_1_188' title='bbox 486 3106 692 3187; x_wconf 88' lang='lat' dir='ltr'>tus‚propter</span> <span class='ocrx_word' id='word_1_189' title='bbox 703 3098 966 3163; x_wconf 88' lang='lat' dir='ltr'>commotionem</span> <span class='ocrx_word' id='word_1_190' title='bbox 976 3106 1010 3163; x_wconf 92' lang='lat' dir='ltr'>et</span> <span class='ocrx_word' id='word_1_191' title='bbox 1020 3097 1304 3183; x_wconf 90' lang='lat' dir='ltr'>perturbationem</span> <span class='ocrx_word' id='word_1_192' title='bbox 1315 3094 1503 3180; x_wconf 86' lang='lat' dir='ltr'>hujusmodi</span> <span class='ocrx_word' id='word_1_193' title='bbox 1514 3099 1640 3180; x_wconf 89' lang='lat' dir='ltr'>habuit,</span> <span class='ocrx_word' id='word_1_194' title='bbox 1650 3102 1735 3187; x_wconf 92' lang='lat' dir='ltr'>proh</span> <span class='ocrx_word' id='word_1_195' title='bbox 1746 3102 1852 3180; x_wconf 89' lang='lat' dir='ltr'>dolor,</span> 
     </span>
     <span class='ocr_line' id='line_1_23' title="bbox 488 3201 1853 3290; baseline 0.001 -21"><span class='ocrx_word' id='word_1_196' title='bbox 488 3204 522 3269; x_wconf 90' lang='lat' dir='ltr'>in</span> <span class='ocrx_word' id='word_1_197' title='bbox 538 3202 734 3269; x_wconf 89' lang='lat' dir='ltr'>effusionem</span> <span class='ocrx_word' id='word_1_198' title='bbox 752 3202 920 3268; x_wconf 88' lang='lat' dir='ltr'>christiani</span> <span class='ocrx_word' id='word_1_199' title='bbox 937 3201 1105 3285; x_wconf 77' lang='lat' dir='ltr'>sanguinis</span> <span class='ocrx_word' id='word_1_200' title='bbox 1120 3201 1192 3268; x_wconf 88' lang='lat' dir='ltr'>acui</span> <span class='ocrx_word' id='word_1_201' title='bbox 1210 3211 1244 3265; x_wconf 90' lang='lat' dir='ltr'>et</span> <span class='ocrx_word' id='word_1_202' title='bbox 1261 3201 1378 3274; x_wconf 89' lang='lat' dir='ltr'>limari,</span> <span class='ocrx_word' id='word_1_203' title='bbox 1396 3201 1442 3267; x_wconf 87' lang='lat' dir='ltr'>sic</span> <span class='ocrx_word' id='word_1_204' title='bbox 1458 3202 1548 3285; x_wconf 93' lang='lat' dir='ltr'>quod</span> <span class='ocrx_word' id='word_1_205' title='bbox 1558 3203 1705 3288; x_wconf 78' lang='lat' dir='ltr'>prefatus</span> <span class='ocrx_word' id='word_1_206' title='bbox 1719 3205 1853 3290; x_wconf 82' lang='lat' dir='ltr'>genitor</span> 
     </span>
     <span class='ocr_line' id='line_1_24' title="bbox 489 3304 1852 3392; baseline 0.003 -18"><span class='ocrx_word' id='word_1_207' title='bbox 489 3316 575 3387; x_wconf 88' lang='lat' dir='ltr'>tuus,</span> <span class='ocrx_word' id='word_1_208' title='bbox 601 3306 667 3391; x_wconf 87' lang='lat' dir='ltr'>qui,</span> <span class='ocrx_word' id='word_1_209' title='bbox 698 3307 752 3392; x_wconf 93' lang='lat' dir='ltr'>pie</span> <span class='ocrx_word' id='word_1_210' title='bbox 777 3305 966 3372; x_wconf 84' lang='lat' dir='ltr'>devotionis</span> <span class='ocrx_word' id='word_1_211' title='bbox 989 3304 1179 3370; x_wconf 91' lang='lat' dir='ltr'>inflamatus</span> <span class='ocrx_word' id='word_1_212' title='bbox 1195 3305 1328 3381; x_wconf 87' lang='lat' dir='ltr'>affectu,</span> <span class='ocrx_word' id='word_1_213' title='bbox 1353 3305 1396 3371; x_wconf 88' lang='lat' dir='ltr'>ad</span> <span class='ocrx_word' id='word_1_214' title='bbox 1421 3308 1672 3374; x_wconf 90' lang='lat' dir='ltr'>ultramarinum</span> <span class='ocrx_word' id='word_1_215' title='bbox 1695 3312 1852 3378; x_wconf 88' lang='lat' dir='ltr'>anelabat</span> 
     </span>
     <span class='ocr_line' id='line_1_25' title="bbox 488 3408 1852 3502; baseline 0.004 -26"><span class='ocrx_word' id='word_1_216' title='bbox 488 3410 673 3497; x_wconf 89' lang='lat' dir='ltr'>passagium</span> <span class='ocrx_word' id='word_1_217' title='bbox 697 3410 915 3496; x_wconf 87' lang='lat' dir='ltr'>personaliter</span> <span class='ocrx_word' id='word_1_218' title='bbox 937 3408 1215 3494; x_wconf 89' lang='lat' dir='ltr'>prosequendum,</span> <span class='ocrx_word' id='word_1_219' title='bbox 1241 3409 1328 3474; x_wconf 89' lang='lat' dir='ltr'>circa</span> <span class='ocrx_word' id='word_1_220' title='bbox 1350 3410 1617 3493; x_wconf 89' lang='lat' dir='ltr'>prosecutionem</span> <span class='ocrx_word' id='word_1_221' title='bbox 1640 3435 1757 3498; x_wconf 89' lang='lat' dir='ltr'>guerre</span> <span class='ocrx_word' id='word_1_222' title='bbox 1779 3437 1852 3502; x_wconf 90' lang='lat' dir='ltr'>pre·</span> 
     </span>
     <span class='ocr_line' id='line_1_26' title="bbox 488 3512 1852 3603; baseline 0.005 -22"><span class='ocrx_word' id='word_1_223' title='bbox 488 3515 578 3581; x_wconf 90' lang='lat' dir='ltr'>dicte</span> <span class='ocrx_word' id='word_1_224' title='bbox 601 3515 787 3591; x_wconf 86' lang='lat' dir='ltr'>distractus,</span> <span class='ocrx_word' id='word_1_225' title='bbox 805 3514 987 3588; x_wconf 82' lang='lat' dir='ltr'>intendere,</span> <span class='ocrx_word' id='word_1_226' title='bbox 1004 3513 1083 3578; x_wconf 90' lang='lat' dir='ltr'>dum</span> <span class='ocrx_word' id='word_1_227' title='bbox 1105 3513 1249 3591; x_wconf 78' lang='lat' dir='ltr'>vivelmt,</span> <span class='ocrx_word' id='word_1_228' title='bbox 1265 3512 1417 3597; x_wconf 88' lang='lat' dir='ltr'>predicto</span> <span class='ocrx_word' id='word_1_229' title='bbox 1439 3515 1589 3599; x_wconf 83' lang='lat' dir='ltr'>nequivit</span> <span class='ocrx_word' id='word_1_230' title='bbox 1609 3520 1773 3603; x_wconf 69' lang='lat' dir='ltr'>passagio</span> <span class='ocrx_word' id='word_1_231' title='bbox 1791 3543 1852 3588; x_wconf 90' lang='lat' dir='ltr'>nec</span> 
     </span>
     <span class='ocr_line' id='line_1_27' title="bbox 489 3615 1852 3704; baseline 0.006 -21"><span class='ocrx_word' id='word_1_232' title='bbox 489 3626 525 3683; x_wconf 89' lang='lat' dir='ltr'>tu</span> <span class='ocrx_word' id='word_1_233' title='bbox 541 3619 641 3683; x_wconf 91' lang='lat' dir='ltr'>etiam</span> <span class='ocrx_word' id='word_1_234' title='bbox 669 3619 723 3701; x_wconf 89' lang='lat' dir='ltr'>qui</span> <span class='ocrx_word' id='word_1_235' title='bbox 749 3619 791 3683; x_wconf 90' lang='lat' dir='ltr'>ad</span> <span class='ocrx_word' id='word_1_236' title='bbox 816 3618 1001 3702; x_wconf 84' lang='lat' dir='ltr'>passagium</span> <span class='ocrx_word' id='word_1_237' title='bbox 1028 3618 1135 3701; x_wconf 87' lang='lat' dir='ltr'>ipsum</span> <span class='ocrx_word' id='word_1_238' title='bbox 1160 3615 1246 3682; x_wconf 88' lang='lat' dir='ltr'>affici</span> <span class='ocrx_word' id='word_1_239' title='bbox 1264 3615 1391 3690; x_wconf 84' lang='lat' dir='ltr'>diceris,</span> <span class='ocrx_word' id='word_1_240' title='bbox 1409 3618 1539 3684; x_wconf 80' lang='lat' dir='ltr'>vivifice</span> <span class='ocrx_word' id='word_1_241' title='bbox 1560 3622 1666 3689; x_wconf 86' lang='lat' dir='ltr'>crucis</span> <span class='ocrx_word' id='word_1_242' title='bbox 1682 3624 1852 3704; x_wconf 90' lang='lat' dir='ltr'>signaculo</span> 
     </span>
     <span class='ocr_line' id='line_1_28' title="bbox 489 3720 1852 3808; baseline 0.001 -22"><span class='ocrx_word' id='word_1_243' title='bbox 489 3731 665 3808; x_wconf 90' lang='lat' dir='ltr'>propterea</span> <span class='ocrx_word' id='word_1_244' title='bbox 677 3722 871 3806; x_wconf 77' lang='lat' dir='ltr'>janmudum</span> <span class='ocrx_word' id='word_1_245' title='bbox 889 3729 1070 3805; x_wconf 87' lang='lat' dir='ltr'>assumpto.</span> <span class='ocrx_word' id='word_1_246' title='bbox 1088 3720 1244 3803; x_wconf 84' lang='lat' dir='ltr'>qnarndiu</span> <span class='ocrx_word' id='word_1_247' title='bbox 1261 3720 1393 3784; x_wconf 86' lang='lat' dir='ltr'>duraret</span> <span class='ocrx_word' id='word_1_248' title='bbox 1415 3721 1514 3805; x_wconf 86' lang='lat' dir='ltr'>ipsius</span> <span class='ocrx_word' id='word_1_249' title='bbox 1530 3742 1645 3802; x_wconf 87' lang='lat' dir='ltr'>guerre</span> <span class='ocrx_word' id='word_1_250' title='bbox 1668 3723 1852 3796; x_wconf 85' lang='lat' dir='ltr'>dissidium,</span> 
     </span>
     <span class='ocr_line' id='line_1_29' title="bbox 490 3825 1852 3912; baseline 0 -19"><span class='ocrx_word' id='word_1_251' title='bbox 490 3827 631 3893; x_wconf 86' lang='lat' dir='ltr'>comode</span> <span class='ocrx_word' id='word_1_252' title='bbox 655 3848 768 3912; x_wconf 85' lang='lat' dir='ltr'>posses</span> <span class='ocrx_word' id='word_1_253' title='bbox 784 3837 817 3890; x_wconf 89' lang='lat' dir='ltr'>te</span> <span class='ocrx_word' id='word_1_254' title='bbox 838 3826 881 3890; x_wconf 89' lang='lat' dir='ltr'>ad</span> <span class='ocrx_word' id='word_1_255' title='bbox 905 3825 985 3889; x_wconf 91' lang='lat' dir='ltr'>illud</span> <span class='ocrx_word' id='word_1_256' title='bbox 1008 3825 1191 3904; x_wconf 82' lang='lat' dir='ltr'>accingere,</span> <span class='ocrx_word' id='word_1_257' title='bbox 1208 3825 1311 3888; x_wconf 82' lang='lat' dir='ltr'>veluti</span> <span class='ocrx_word' id='word_1_258' title='bbox 1337 3826 1390 3909; x_wconf 93' lang='lat' dir='ltr'>qui</span> <span class='ocrx_word' id='word_1_259' title='bbox 1416 3825 1554 3891; x_wconf 83' lang='lat' dir='ltr'>haberes</span> <span class='ocrx_word' id='word_1_260' title='bbox 1577 3835 1611 3891; x_wconf 87' lang='lat' dir='ltr'>et</span> <span class='ocrx_word' id='word_1_261' title='bbox 1634 3828 1739 3893; x_wconf 89' lang='lat' dir='ltr'>habes</span> <span class='ocrx_word' id='word_1_262' title='bbox 1763 3830 1852 3910; x_wconf 91' lang='lat' dir='ltr'>regni</span> 
     </span>
     <span class='ocr_line' id='line_1_30' title="bbox 490 3928 1853 4014; baseline 0.002 -20"><span class='ocrx_word' id='word_1_263' title='bbox 490 3930 686 3995; x_wconf 86' lang='lat' dir='ltr'>deffensioui</span> <span class='ocrx_word' id='word_1_264' title='bbox 703 3950 820 3995; x_wconf 79' lang='lat' dir='ltr'>vacare</span> <span class='ocrx_word' id='word_1_265' title='bbox 837 3929 985 4014; x_wconf 83' lang='lat' dir='ltr'>predicti.</span> <span class='ocrx_word' id='word_1_266' title='bbox 998 3928 1137 4013; x_wconf 87' lang='lat' dir='ltr'>Propter</span> <span class='ocrx_word' id='word_1_267' title='bbox 1154 3928 1252 4011; x_wconf 82' lang='lat' dir='ltr'>qrrml,</span> <span class='ocrx_word' id='word_1_268' title='bbox 1264 3950 1351 3998; x_wconf 83' lang='lat' dir='ltr'>cum.</span> <span class='ocrx_word' id='word_1_269' title='bbox 1363 3929 1446 3993; x_wconf 86' lang='lat' dir='ltr'>sicut</span> <span class='ocrx_word' id='word_1_270' title='bbox 1463 3930 1853 4008; x_wconf 77' lang='lat' dir='ltr'>gaudenteraudivimus¹</span> 
     </span>
     <span class='ocr_line' id='line_1_31' title="bbox 482 4030 1855 4120; baseline 0.002 -22"><span class='ocrx_word' id='word_1_271' title='bbox 482 4035 555 4118; x_wconf 87' lang='lat' dir='ltr'>·jam</span> <span class='ocrx_word' id='word_1_272' title='bbox 572 4035 614 4100; x_wconf 90' lang='lat' dir='ltr'>sit</span> <span class='ocrx_word' id='word_1_273' title='bbox 631 4035 717 4098; x_wconf 92' lang='lat' dir='ltr'>inter</span> <span class='ocrx_word' id='word_1_274' title='bbox 732 4043 766 4098; x_wconf 89' lang='lat' dir='ltr'>te</span> <span class='ocrx_word' id='word_1_275' title='bbox 783 4044 817 4099; x_wconf 89' lang='lat' dir='ltr'>et</span> <span class='ocrx_word' id='word_1_276' title='bbox 833 4033 998 4118; x_wconf 84' lang='lat' dir='ltr'>prefatum</span> <span class='ocrx_word' id='word_1_277' title='bbox 1016 4030 1172 4096; x_wconf 85' lang='lat' dir='ltr'>Flandrie</span> <span class='ocrx_word' id='word_1_278' title='bbox 1183 4033 1342 4116; x_wconf 89' lang='lat' dir='ltr'>populum</span> <span class='ocrx_word' id='word_1_279' title='bbox 1356 4033 1567 4098; x_wconf 90' lang='lat' dir='ltr'>concorditer</span> <span class='ocrx_word' id='word_1_280' title='bbox 1577 4033 1711 4099; x_wconf 89' lang='lat' dir='ltr'>habitus</span> <span class='ocrx_word' id='word_1_281' title='bbox 1720 4034 1764 4099; x_wconf 92' lang='lat' dir='ltr'>de</span> <span class='ocrx_word' id='word_1_282' title='bbox 1774 4055 1855 4120; x_wconf 90' lang='lat' dir='ltr'>pace</span> 
     </span>
     <span class='ocr_line' id='line_1_32' title="bbox 489 4136 1854 4222; baseline 0 -18"><span class='ocrx_word' id='word_1_283' title='bbox 489 4146 661 4214; x_wconf 87' lang='lat' dir='ltr'>tractatus,</span> <span class='ocrx_word' id='word_1_284' title='bbox 678 4138 826 4204; x_wconf 92' lang='lat' dir='ltr'>nondum</span> <span class='ocrx_word' id='word_1_285' title='bbox 851 4146 963 4202; x_wconf 88' lang='lat' dir='ltr'>tamen</span> <span class='ocrx_word' id='word_1_286' title='bbox 990 4136 1102 4200; x_wconf 76' lang='lat' dir='ltr'>votiva</span> <span class='ocrx_word' id='word_1_287' title='bbox 1127 4136 1295 4200; x_wconf 86' lang='lat' dir='ltr'>soliditate</span> <span class='ocrx_word' id='word_1_288' title='bbox 1313 4137 1470 4210; x_wconf 84' lang='lat' dir='ltr'>firmatus,</span> <span class='ocrx_word' id='word_1_289' title='bbox 1487 4148 1693 4222; x_wconf 88' lang='lat' dir='ltr'>paternaque</span> <span class='ocrx_word' id='word_1_290' title='bbox 1709 4138 1854 4204; x_wconf 90' lang='lat' dir='ltr'>solicitu-</span> 
     </span>
     <span class='ocr_line' id='line_1_33' title="bbox 491 4239 1855 4327; baseline 0.002 -21"><span class='ocrx_word' id='word_1_291' title='bbox 491 4242 569 4306; x_wconf 89' lang='lat' dir='ltr'>dine</span> <span class='ocrx_word' id='word_1_292' title='bbox 585 4263 758 4307; x_wconf 77' lang='lat' dir='ltr'>vereamur</span> <span class='ocrx_word' id='word_1_293' title='bbox 774 4264 815 4305; x_wconf 87' lang='lat' dir='ltr'>ne</span> <span class='ocrx_word' id='word_1_294' title='bbox 832 4241 985 4305; x_wconf 77' lang='lat' dir='ltr'>invidens</span> <span class='ocrx_word' id='word_1_295' title='bbox 1001 4239 1106 4305; x_wconf 87' lang='lat' dir='ltr'>lmstis</span> <span class='ocrx_word' id='word_1_296' title='bbox 1129 4239 1256 4325; x_wconf 84' lang='lat' dir='ltr'>paci[s]</span> <span class='ocrx_word' id='word_1_297' title='bbox 1276 4240 1396 4303; x_wconf 90' lang='lat' dir='ltr'>astutia</span> <span class='ocrx_word' id='word_1_298' title='bbox 1421 4241 1512 4304; x_wconf 92' lang='lat' dir='ltr'>illum</span> <span class='ocrx_word' id='word_1_299' title='bbox 1537 4242 1708 4327; x_wconf 88' lang='lat' dir='ltr'>impediat,</span> <span class='ocrx_word' id='word_1_300' title='bbox 1723 4243 1855 4309; x_wconf 80' lang='lat' dir='ltr'>differat</span> 
     </span>
     <span class='ocr_line' id='line_1_34' title="bbox 492 4344 1855 4429; baseline 0.003 -22"><span class='ocrx_word' id='word_1_301' title='bbox 492 4353 550 4408; x_wconf 91' lang='lat' dir='ltr'>aut</span> <span class='ocrx_word' id='word_1_302' title='bbox 565 4348 745 4429; x_wconf 88' lang='lat' dir='ltr'>perturbet,</span> <span class='ocrx_word' id='word_1_303' title='bbox 762 4345 1024 4423; x_wconf 81' lang='lat' dir='ltr'>magnitudinem</span> <span class='ocrx_word' id='word_1_304' title='bbox 1043 4352 1135 4408; x_wconf 90' lang='lat' dir='ltr'>tuam</span> <span class='ocrx_word' id='word_1_305' title='bbox 1152 4344 1366 4418; x_wconf 88' lang='lat' dir='ltr'>monendam,</span> <span class='ocrx_word' id='word_1_306' title='bbox 1377 4345 1558 4422; x_wconf 84' lang='lat' dir='ltr'>rogandam</span> <span class='ocrx_word' id='word_1_307' title='bbox 1569 4345 1723 4411; x_wconf 87' lang='lat' dir='ltr'>duximus</span> <span class='ocrx_word' id='word_1_308' title='bbox 1735 4357 1770 4411; x_wconf 90' lang='lat' dir='ltr'>et</span> <span class='ocrx_word' id='word_1_309' title='bbox 1781 4348 1855 4411; x_wconf 80' lang='lat' dir='ltr'>lior·</span> 
     </span>
     <span class='ocr_line' id='line_1_35' title="bbox 493 4447 1855 4524; baseline 0.002 -12"><span class='ocrx_word' id='word_1_310' title='bbox 493 4448 631 4513; x_wconf 90' lang='lat' dir='ltr'>tandam</span> <span class='ocrx_word' id='word_1_311' title='bbox 648 4450 680 4513; x_wconf 93' lang='lat' dir='ltr'>in</span> <span class='ocrx_word' id='word_1_312' title='bbox 697 4450 845 4513; x_wconf 91' lang='lat' dir='ltr'>Domino</span> <span class='ocrx_word' id='word_1_313' title='bbox 861 4447 965 4524; x_wconf 85' lang='lat' dir='ltr'>Jhesu</span> <span class='ocrx_word' id='word_1_314' title='bbox 982 4447 1125 4519; x_wconf 84' lang='lat' dir='ltr'>Christo.</span> <span class='ocrx_word' id='word_1_315' title='bbox 1143 4468 1224 4512; x_wconf 89' lang='lat' dir='ltr'>sano</span> <span class='ocrx_word' id='word_1_316' title='bbox 1240 4448 1300 4512; x_wconf 91' lang='lat' dir='ltr'>tibi</span> <span class='ocrx_word' id='word_1_317' title='bbox 1318 4448 1553 4513; x_wconf 84' lang='lat' dir='ltr'>nichilominus</span> <span class='ocrx_word' id='word_1_318' title='bbox 1565 4449 1705 4514; x_wconf 86' lang='lat' dir='ltr'>consilio</span> <span class='ocrx_word' id='word_1_319' title='bbox 1715 4450 1855 4515; x_wconf 88' lang='lat' dir='ltr'>suaden-</span> 
     </span>
     <span class='ocr_line' id='line_1_36' title="bbox 493 4550 1855 4636; baseline 0.004 -22"><span class='ocrx_word' id='word_1_320' title='bbox 493 4557 545 4615; x_wconf 88' lang='lat' dir='ltr'>tes</span> <span class='ocrx_word' id='word_1_321' title='bbox 561 4552 725 4634; x_wconf 80' lang='lat' dir='ltr'>quatinus.</span> <span class='ocrx_word' id='word_1_322' title='bbox 742 4553 909 4636; x_wconf 81' lang='lat' dir='ltr'>premissis</span> <span class='ocrx_word' id='word_1_323' title='bbox 925 4552 1079 4616; x_wconf 84' lang='lat' dir='ltr'>onmibus</span> <span class='ocrx_word' id='word_1_324' title='bbox 1095 4550 1345 4615; x_wconf 84' lang='lat' dir='ltr'>consideranter</span> <span class='ocrx_word' id='word_1_325' title='bbox 1368 4553 1515 4631; x_wconf 84' lang='lat' dir='ltr'>attentis,</span> <span class='ocrx_word' id='word_1_326' title='bbox 1533 4553 1680 4617; x_wconf 90' lang='lat' dir='ltr'>animum</span> <span class='ocrx_word' id='word_1_327' title='bbox 1702 4561 1798 4619; x_wconf 92' lang='lat' dir='ltr'>tuum</span> <span class='ocrx_word' id='word_1_328' title='bbox 1815 4555 1855 4619; x_wconf 93' lang='lat' dir='ltr'>ad</span> 
     </span>
     <span class='ocr_line' id='line_1_37' title="bbox 493 4656 1857 4744; baseline 0.003 -27"><span class='ocrx_word' id='word_1_329' title='bbox 493 4673 611 4737; x_wconf 89' lang='lat' dir='ltr'>pacem</span> <span class='ocrx_word' id='word_1_330' title='bbox 627 4657 815 4730; x_wconf 75' lang='lat' dir='ltr'>lralrilitans,</span> <span class='ocrx_word' id='word_1_331' title='bbox 832 4656 874 4721; x_wconf 92' lang='lat' dir='ltr'>ad</span> <span class='ocrx_word' id='word_1_332' title='bbox 890 4657 1081 4740; x_wconf 87' lang='lat' dir='ltr'>exemplum</span> <span class='ocrx_word' id='word_1_333' title='bbox 1098 4656 1185 4719; x_wconf 87' lang='lat' dir='ltr'>illius</span> <span class='ocrx_word' id='word_1_334' title='bbox 1201 4656 1293 4740; x_wconf 87' lang='lat' dir='ltr'>cujus</span> <span class='ocrx_word' id='word_1_335' title='bbox 1309 4665 1360 4720; x_wconf 87' lang='lat' dir='ltr'>est</span> <span class='ocrx_word' id='word_1_336' title='bbox 1376 4656 1544 4741; x_wconf 87' lang='lat' dir='ltr'>proprium</span> <span class='ocrx_word' id='word_1_337' title='bbox 1562 4656 1708 4721; x_wconf 87' lang='lat' dir='ltr'>misereri</span> <span class='ocrx_word' id='word_1_338' title='bbox 1725 4679 1857 4744; x_wconf 86' lang='lat' dir='ltr'>semper</span> 
     </span>
    </p>
   </div>
   <div class='ocr_carea' id='block_1_6' title="bbox 495 4869 1859 5178">
    <p class='ocr_par' dir='ltr' id='par_1_6' title="bbox 495 4869 1859 5178">
     <span class='ocr_line' id='line_1_38' title="bbox 529 4869 1855 4936; baseline 0.001 -19"><span class='ocrx_word' id='word_1_339' title='bbox 529 4872 549 4919; x_wconf 94' lang='lat' dir='ltr'>l.</span> <span class='ocrx_word' id='word_1_340' title='bbox 570 4873 645 4920; x_wconf 72' lang='lat' dir='ltr'>cetto</span> <span class='ocrx_word' id='word_1_341' title='bbox 663 4873 737 4920; x_wconf 67' lang='lat' dir='ltr'>lettre</span> <span class='ocrx_word' id='word_1_342' title='bbox 755 4880 792 4919; x_wconf 85' lang='lat' dir='ltr'>cst</span> <span class='ocrx_word' id='word_1_343' title='bbox 811 4888 869 4919; x_wconf 75' lang='lat' dir='ltr'>saus</span> <span class='ocrx_word' id='word_1_344' title='bbox 880 4872 958 4918; x_wconf 75' lang='lat' dir='ltr'>‹lonlc</span> <span class='ocrx_word' id='word_1_345' title='bbox 970 4870 1124 4933; x_wconf 61' lang='lat' dir='ltr'>postcricurc</span> <span class='ocrx_word' id='word_1_346' title='bbox 1135 4885 1168 4916; x_wconf 85' lang='lat' dir='ltr'>nu</span> <span class='ocrx_word' id='word_1_347' title='bbox 1180 4869 1271 4931; x_wconf 72' lang='lat' dir='ltr'>ddpart</span> <span class='ocrx_word' id='word_1_348' title='bbox 1284 4871 1317 4917; x_wconf 81' lang='lat' dir='ltr'>nn</span> <span class='ocrx_word' id='word_1_349' title='bbox 1332 4870 1419 4926; x_wconf 63' lang='lat' dir='ltr'>rogum</span> <span class='ocrx_word' id='word_1_350' title='bbox 1433 4872 1464 4917; x_wconf 76' lang='lat' dir='ltr'>‹lr-</span> <span class='ocrx_word' id='word_1_351' title='bbox 1478 4873 1549 4933; x_wconf 75' lang='lat' dir='ltr'>Lyon</span> <span class='ocrx_word' id='word_1_352' title='bbox 1563 4873 1607 4933; x_wconf 82' lang='lat'>(13</span> <span class='ocrx_word' id='word_1_353' title='bbox 1620 4874 1777 4936; x_wconf 65' lang='lat' dir='ltr'>septembre)</span> <span class='ocrx_word' id='word_1_354' title='bbox 1789 4873 1823 4920; x_wconf 81' lang='lat' dir='ltr'>oir</span> <span class='ocrx_word' id='word_1_355' title='bbox 1840 4872 1855 4918; x_wconf 92' lang='lat' dir='ltr'>il</span> 
     </span>
     <span class='ocr_line' id='line_1_39' title="bbox 495 4951 1859 5016; baseline 0.003 -19"><span class='ocrx_word' id='word_1_356' title='bbox 495 4954 566 4999; x_wconf 76' lang='lat' dir='ltr'>erait</span> <span class='ocrx_word' id='word_1_357' title='bbox 578 4953 711 5002; x_wconf 64' lang='lat' dir='ltr'>assistenti</span> <span class='ocrx_word' id='word_1_358' title='bbox 724 4960 923 5001; x_wconf 76' lang='lat' dir='ltr'>conronncmcnt</span> <span class='ocrx_word' id='word_1_359' title='bbox 936 4952 972 4999; x_wconf 88' lang='lat' dir='ltr'>dn</span> <span class='ocrx_word' id='word_1_360' title='bbox 985 4966 1063 5014; x_wconf 77' lang='lat' dir='ltr'>papo:</span> <span class='ocrx_word' id='word_1_361' title='bbox 1075 4951 1124 4998; x_wconf 76' lang='lat' dir='ltr'>cllo</span> <span class='ocrx_word' id='word_1_362' title='bbox 1136 4961 1173 4997; x_wconf 82' lang='lat' dir='ltr'>cst</span> <span class='ocrx_word' id='word_1_363' title='bbox 1186 4952 1331 4999; x_wconf 71' lang='lat' dir='ltr'>antericnrc</span> <span class='ocrx_word' id='word_1_364' title='bbox 1342 4967 1375 4998; x_wconf 86' lang='lat' dir='ltr'>nn</span> <span class='ocrx_word' id='word_1_365' title='bbox 1389 4955 1419 4998; x_wconf 64' lang='lat'>28</span> <span class='ocrx_word' id='word_1_366' title='bbox 1432 4955 1575 5004; x_wconf 67' lang='lat' dir='ltr'>ironiam-v.</span> <span class='ocrx_word' id='word_1_367' title='bbox 1589 4956 1706 5016; x_wconf 70' lang='lat' dir='ltr'>pnimu&#39;rl</span> <span class='ocrx_word' id='word_1_368' title='bbox 1719 4962 1789 5002; x_wconf 62' lang='lat' dir='ltr'>«sorte</span> <span class='ocrx_word' id='word_1_369' title='bbox 1799 4954 1859 5001; x_wconf 82' lang='lat' dir='ltr'>dulc</span> 
     </span>
     <span class='ocr_line' id='line_1_40' title="bbox 497 5032 1857 5101; baseline -0.001 -20"><span class='ocrx_word' id='word_1_370' title='bbox 497 5032 522 5081; x_wconf 82' lang='lat' dir='ltr'>lu</span> <span class='ocrx_word' id='word_1_371' title='bbox 533 5033 607 5082; x_wconf 69' lang='lat' dir='ltr'>‹len—s</span> <span class='ocrx_word' id='word_1_372' title='bbox 618 5036 650 5083; x_wconf 84' lang='lat' dir='ltr'>dc</span> <span class='ocrx_word' id='word_1_373' title='bbox 661 5038 727 5084; x_wconf 73' lang='lat' dir='ltr'>dean</span> <span class='ocrx_word' id='word_1_374' title='bbox 740 5038 761 5097; x_wconf 80' lang='lat' dir='ltr'>l,</span> <span class='ocrx_word' id='word_1_375' title='bbox 775 5038 809 5084; x_wconf 87' lang='lat' dir='ltr'>roi</span> <span class='ocrx_word' id='word_1_376' title='bbox 822 5035 854 5083; x_wconf 92' lang='lat' dir='ltr'>dc</span> <span class='ocrx_word' id='word_1_377' title='bbox 867 5036 970 5092; x_wconf 69' lang='lat' dir='ltr'>limace,</span> <span class='ocrx_word' id='word_1_378' title='bbox 983 5037 997 5081; x_wconf 74' lang='lat' dir='ltr'>it</span> <span class='ocrx_word' id='word_1_379' title='bbox 1006 5036 1050 5095; x_wconf 73' lang='lat' dir='ltr'>qni</span> <span class='ocrx_word' id='word_1_380' title='bbox 1063 5033 1086 5081; x_wconf 86' lang='lat' dir='ltr'>lc</span> <span class='ocrx_word' id='word_1_381' title='bbox 1099 5033 1186 5082; x_wconf 70' lang='lat' dir='ltr'>rr&#39;ucnt</span> <span class='ocrx_word' id='word_1_382' title='bbox 1196 5034 1312 5084; x_wconf 64' lang='lat' dir='ltr'>saccula.</span> <span class='ocrx_word' id='word_1_383' title='bbox 1326 5034 1388 5081; x_wconf 67' lang='lat' dir='ltr'>(Furit</span> <span class='ocrx_word' id='word_1_384' title='bbox 1402 5034 1459 5094; x_wconf 62' lang='lat' dir='ltr'>«iiiiii</span> <span class='ocrx_word' id='word_1_385' title='bbox 1473 5051 1556 5083; x_wconf 76' lang='lat' dir='ltr'>connn</span> <span class='ocrx_word' id='word_1_386' title='bbox 1570 5036 1604 5083; x_wconf 90' lang='lat' dir='ltr'>du</span> <span class='ocrx_word' id='word_1_387' title='bbox 1618 5051 1683 5101; x_wconf 80' lang='lat' dir='ltr'>papo</span> <span class='ocrx_word' id='word_1_388' title='bbox 1695 5038 1740 5092; x_wconf 81' lang='lat' dir='ltr'>(cf.</span> <span class='ocrx_word' id='word_1_389' title='bbox 1755 5036 1857 5093; x_wconf 68' lang='lat' dir='ltr'>(malou,</span> 
     </span>
     <span class='ocr_line' id='line_1_41' title="bbox 499 5118 1513 5178; baseline -0.001 -12"><span class='ocrx_word' id='word_1_390' title='bbox 499 5131 525 5166; x_wconf 86' lang='lat' dir='ltr'>u.</span> <span class='ocrx_word' id='word_1_391' title='bbox 538 5119 576 5168; x_wconf 75' lang='lat' dir='ltr'>rt.</span> <span class='ocrx_word' id='word_1_392' title='bbox 589 5122 649 5164; x_wconf 77' lang='lat' dir='ltr'>note</span> <span class='ocrx_word' id='word_1_393' title='bbox 660 5118 696 5178; x_wconf 73' lang='grc'>2).</span> <span class='ocrx_word' id='word_1_394' title='bbox 1510 5128 1513 5134; x_wconf 91' lang='grc'><em>·</em></span> 
     </span>
    </p>
   </div>
   <div class='ocr_carea' id='block_1_7' title="bbox 0 0 2216 6017">
    <p class='ocr_par' dir='ltr' id='par_1_7' title="bbox 0 0 2216 6017">
     <span class='ocr_line' id='line_1_42' title="bbox 0 0 2216 6017; baseline 0 0"><span class='ocrx_word' id='word_1_395' title='bbox 0 0 2216 6017; x_wconf 95' lang='lat' dir='ltr'> </span> 
     </span>
    </p>
   </div>
  </div>
 </body>
</html>
