4409 6017
491 716 572 781 txll
1089 714 1272 781 Fornulaire

487 864 682 926 ,indulgemus
704 871 734 914 ut
757 861 905 915 confessor
925 871 997 922 tuus,
1021 861 1101 924 cujus
1125 862 1328 916 conscientiam
1343 879 1503 927 oneramus,
1521 863 1625 917 talibus
1643 862 1790 926 religiosis
1804 880 1863 917 cum
1898 863 1903 874 '

499 945 529 998 in
548 955 597 998 tua
616 955 644 997 et
663 944 738 997 dicte
756 944 894 997 consortis
912 954 961 997 tue
981 944 1058 996 curia
1077 943 1262 1009 comederint,
1287 944 1389 997 diebus
1412 945 1450 998 ad
1474 944 1529 998 hoc
1553 944 1699 1009 congruis,
1726 944 1865 998 licentiam
1899 933 1905 1008 l

500 1025 635 1080 vescendi
659 1024 799 1091 carnibus,
824 1024 971 1079 contrariis
995 1024 1107 1077 statutis
1132 1025 1292 1078 eorundem
1316 1024 1447 1079 ordinum
1470 1042 1654 1090 nequaquam
1678 1026 1866 1086 obstantibus,
1901 1071 1904 1076 .

1901 1331 1907 1358 l

1902 1551 1907 1648 l

1901 1653 1907 1758 l

501 1107 669 1162 auctoritate
691 1107 848 1173 apostolica
869 1108 962 1161 valeat
985 1106 1106 1171 elargiri,
1129 1106 1309 1173 presentibus
1332 1116 1397 1172 post
1419 1107 1567 1161 biennium
1589 1107 1711 1162 minime
1734 1107 1866 1161 valituris.

536 1191 615 1245 Nulli
641 1201 693 1246 etc.
719 1202 814 1246 nostre
840 1190 1031 1246 concessionis
1054 1190 1220 1254 infringere.

488 1327 490 1330 ,
536 1269 645 1326 Datum
662 1274 803 1328 Avinione
820 1274 861 1328 Vl
879 1274 937 1330 kal.
953 1272 1021 1326 maii
1038 1289 1114 1326 anno
1130 1272 1239 1337 quinto.

1139 1532 1213 1613 21.

502 1774 683 1836 FACULTE
708 1773 922 1836 ACCORDEE
946 1785 973 1834 Α
997 1785 1048 1835 UN
1072 1784 1327 1836 CONFESSEUR
1352 1764 1665 1834 D'ADMINJSTRER
1693 1783 1748 1835 EN
1774 1783 1870 1835 tout

763 1889 854 1939 LlEU
880 1888 930 1938 LE
955 1887 1194 1939 SACREMENT
1219 1888 1271 1938 DE
1296 1867 1608 1938 L'EUCHARISTIE.

1102 2008 1139 2066 (n.
1166 2006 1257 2066 1406).

1904 2149 1907 2170 Ι

536 2187 647 2239 Dilecto
672 2187 700 2239 in
723 2184 835 2237 Christo
858 2184 917 2237 filie
939 2184 1028 2237 nobili
1051 2184 1161 2237 mulieri
1182 2184 1319 2248 Johanne,
1343 2194 1411 2236 nate
1433 2183 1579 2247 quondam
1603 2182 1734 2250 leoboni,
1760 2184 1868 2239 comitis
1904 2173 1907 2246 ,⁴

502 2267 642 2328 Flandric,
658 2267 775 2320 ‘domine
792 2266 829 2319 dc
848 2266 953 2318 Sancto
971 2265 1099 2327 Goban0,
1120 2265 1320 2317 laudunensis
1334 2265 1462 2328 diocesis
1477 2266 1608 2317 salutem.
1906 2271 1907 2282 ¹

537 2350 577 2402 Ut
592 2365 661 2411 erga
675 2349 771 2400 Deum
786 2358 813 2400 et
826 2347 930 2400 Sedem
944 2346 1130 2411 apostolicam
1145 2365 1179 2399 eo
1200 2346 1321 2411 amplius
1347 2356 1394 2398 tue
1418 2355 1526 2399 crescat
1548 2346 1711 2400 devotionis
1736 2347 1868 2414 affectus,
1906 2343 1907 2412 Ῑ

500 2448 557 2496 quo
578 2430 683 2484 Sedern
704 2430 826 2483 eandem
846 2427 938 2491 magis
958 2428 1113 2490 benignam
1135 2437 1161 2480 et
1182 2426 1332 2491 propitiam
1350 2437 1379 2480 te
1396 2427 1519 2480 senseris
1537 2427 1688 2495 invenisse,
1707 2428 1868 2485 devotionis
1906 2423 1907 2440 ³

501 2525 549 2566 tue
574 2511 704 2576 precibus
729 2511 892 2565 benivolum
918 2510 1110 2573 impertientes
1134 2525 1292 2570 assensum,
1316 2520 1345 2561 ut
1366 2510 1512 2561 confessor
1532 2519 1596 2562 tuus
1618 2508 1761 2572 ydoneus,
1786 2510 1868 2563 etiam

501 2594 524 2647 si
547 2594 695 2657 religiosus
717 2592 825 2655 existat,
847 2591 899 2645 tibi
921 2592 1008 2656 possit
1030 2593 1198 2645 auctoritate
1217 2602 1321 2655 nostra,
1343 2591 1492 2655 presertim
1511 2608 1583 2655 cum,
1604 2592 1678 2645 sicut
1697 2600 1751 2645 tua
1770 2592 1868 2656 petitio
1906 2601 1907 2610 ¹

500 2676 582 2729 nobis
615 2675 740 2728 exhibita
772 2674 904 2738 continet,
938 2672 976 2726 ad
1006 2672 1118 2727 diversa
1151 2672 1215 2725 loca
1239 2683 1267 2725 te
1290 2672 1384 2737 sepius
1408 2673 1552 2727 declinare
1575 2672 1732 2737 contingat,
1758 2673 1869 2741 Eucha-

500 2759 577 2813 ristie
599 2751 816 2824 sacramentum,
838 2758 969 2820 quotiens
991 2765 1162 2821 oportunum
1184 2755 1275 2818 luerit,
1298 2755 1464 2816 ministrare,
1487 2756 1613 2810 locorum
1635 2755 1869 2820 dyocesanorum

499 2841 544 2893 vel
572 2850 712 2893 rectorum
740 2839 924 2892 ecclesiarum
951 2837 1178 2903 parrochialium,
1200 2837 1229 2889 in
1253 2854 1373 2901 quorum
1398 2838 1553 2902 parrochiis
1579 2848 1800 2892 sacramentum
1823 2839 1869 2891 liu-

487 2921 625 2985 jusmodi
641 2921 700 2982 tibi,
718 2931 747 2972 ut
765 2920 940 2985 premittitur,
957 2920 1109 2974 ministrari
1126 2918 1279 2985 continget,
1295 2936 1435 2973 consensu
1448 2919 1565 2973 minime
1579 2919 1724 2984 requisito.
1741 2938 1779 2973 ac
1792 2938 1870 2975 cons

491 3005 621 3058 titutione
648 3002 738 3057 felicis
766 3001 968 3055 recordationis
997 3001 1152 3055 Clementis
1174 3018 1247 3065 pape
1269 3001 1303 3066 V,
1327 3001 1535 3065 predecessoris
1558 3001 1654 3062 nostri,
1677 3011 1706 3055 et
1731 3002 1863 3066 qualibet

500 3085 556 3138 alia
575 3086 716 3138 contraria
736 3101 793 3137 non
812 3084 952 3145 obstante,
972 3083 1140 3136 auctoritate
1159 3082 1210 3135 tibi
1232 3084 1408 3146 presentium
1430 3084 1625 3146 indulgemus;
1647 3083 1763 3150 juribus
1786 3088 1871 3140 dicta-

499 3183 562 3219 rum
579 3165 763 3219 ecclesiarum
779 3164 997 3230 parrochialiunr
1015 3173 1043 3216 et
1058 3163 1210 3227 cujuslibet
1227 3164 1341 3217 alterius
1359 3165 1388 3217 in
1403 3166 1536 3218 omnibus
1552 3182 1666 3230 semper
1682 3168 1782 3222 salvis.

538 3247 617 3300 Nulli
631 3258 683 3301 etc.
697 3258 792 3300 nostre
806 3246 996 3300 concessionis
1010 3244 1165 3308 infringere
1181 3255 1235 3299 etc.¹

536 3329 643 3382 Datum
664 3328 804 3381 Arinione
822 3327 905 3381 nonis
925 3327 1047 3381 octobris
1066 3344 1142 3380 anno
1161 3344 1252 3382 nono.

1141 3587 1217 3667 22.

761 3826 944 3890 sucurre
971 3819 1136 3889 o‘Av01a
1160 3838 1211 3888 uu
1236 3838 1366 3890 aursi
1391 3840 1598 3893 nonanus.

1058 4025 1063 4030 .
1107 3985 1145 4044 (u.
1166 3984 1239 4045 924).

535 4138 648 4194 Dilecto
671 4136 732 4189 tilio
754 4135 841 4189 nobili
865 4134 924 4188 viro
947 4136 1081 4199 Roberto,
1106 4132 1203 4188 comiti
1225 4134 1365 4189 Flandrie.

535 4219 691 4271 Personam
714 4226 802 4282 tuam,¹
824 4224 873 4268 tue
896 4214 1054 4269 devotionis
1077 4213 1257 4277 exigentibus
1278 4216 1392 4281 meritis,
1414 4227 1533 4282 paterna
1554 4219 1583 4273 in
1604 4221 1733 4278 Domino
1757 4227 1872 4285 benivo

500 4299 588 4356 lentia
605 4307 819 4366 prosequentes,
838 4298 910 4351 votis
929 4296 985 4350 tuis
1003 4295 1124 4357 libenter
1143 4296 1302 4362 annuimus,
1326 4308 1354 4351 et
1375 4315 1430 4363 que
1453 4301 1499 4365 pie
1519 4301 1651 4366 deposcis
1672 4322 1689 4358 a
1709 4309 1799 4363 nobis
1822 4312 1871 4368 tibi

500 4384 693 4439 favorabiliter
717 4382 900 4449 impertimur.
1284 4447 1287 4453 Ι

536 4466 612 4521 Hinc
630 4477 672 4520 est
688 4465 766 4531 quod
781 4482 841 4530 nos,
856 4467 911 4519 tuis
927 4463 1179 4530 supplicationibus
1199 4464 1333 4526 inclinati,
1363 4466 1489 4521 habendi
1517 4468 1606 4523 altare
1635 4474 1774 4536 portatile
1804 4495 1869 4533 cum

500 4549 597 4603 debita
618 4550 777 4602 reverentia
798 4558 824 4600 ct
847 4548 962 4613 honore,
983 4547 1089 4612 inquo
1111 4548 1161 4600 tibi
1183 4559 1210 4600 et
1227 4547 1292 4600 liliis
1310 4565 1465 4613 eorumque
1481 4551 1615 4605 uxoribus
1631 4562 1660 4606 et
1675 4554 1869 4614 familiaribus

500 4630 555 4683 tuis
571 4631 663 4696 possis
680 4630 709 4683 in
727 4629 795 4683 locis
812 4628 943 4693 congruis
960 4638 988 4683 et
1005 4629 1131 4683 honestis
1150 4629 1247 4683 divina
1266 4630 1364 4684 officia
1383 4649 1434 4696 per
1454 4633 1635 4696 capellanum
1653 4640 1807 4702 proprium
1826 4642 1869 4695 vel

500 4712 587 4766 alium
611 4713 753 4774 ydoneum
777 4713 956 4766 sacerdotem
979 4711 1075 4765 facere
1098 4710 1245 4772 celebrari,
1271 4713 1387 4776 plenam
1409 4723 1438 4766 et
1462 4714 1582 4768 liberam
1604 4715 1656 4769 tibi
1680 4704 1869 4775 concedimus

500 4795 667 4849 auctoritate
686 4796 861 4860 presentium
879 4793 1052 4858 facultatem,
1071 4793 1132 4846 sine
1150 4794 1219 4856 juris
1239 4795 1395 4859 prejudicio
1414 4796 1506 4849 alieni.
1608 4789 1610 4794 ’

536 4877 616 4930 Nulli
632 4887 683 4930 etc.
700 4885 794 4929 nostre
811 4876 1000 4929 concessionis
1014 4876 1179 4939 infringere.

536 4957 641 5011 Datum
661 4960 800 5012 Avinione
817 4960 872 5011 Vll
892 4959 947 5012 kal.
963 4959 1031 5021 junii
1048 4975 1124 5010 anno
1141 4958 1248 5022 quinto.
