4409 6017
931 720 1100 801 Quatrieme
1120 720 1214 790 annio
1702 727 1760 792 319

403 878 554 945 ohanne
570 878 754 965 resignatis,
766 898 835 943 non
852 877 1007 942 obstante
1023 874 1114 960 quod
1134 874 1243 940 dictus
1265 874 1284 952 J
1288 876 1437 941 ohannes
1452 875 1759 943 archidiaconatum
1860 892 1862 896 ·

403 1003 423 1047 e
443 980 623 1067 Majorica
638 983 671 1047 in
689 979 901 1067 Legionensi,
917 1001 956 1046 ac
973 979 1007 1044 in
1019 979 1137 1045 eadem
1153 985 1188 1044 et
1204 978 1238 1043 in
1251 978 1488 1046 Panormitana
1499 980 1648 1046 ecclesiis
1660 1001 1759 1045 cano-

405 1086 529 1152 icatus
544 1094 579 1152 et
590 1086 777 1173 prebendas
793 1104 926 1150 necnon
942 1082 1118 1150 ecclesiam
1134 1083 1166 1148 S.
1188 1082 1322 1148 Roselie
1337 1103 1443 1169 prope
1459 1082 1672 1164 Panormum,
1689 1083 1760 1148 sine

404 1211 485 1271 ura,
504 1189 650 1257 obtinet.

433 1296 536 1361 Solet
551 1293 771 1382 apostolice...

436 1400 521 1467 Dat.
538 1399 637 1463 Avin.
656 1418 673 1483 5
691 1398 756 1463 kal.
772 1395 965 1462 novembris
982 1417 1073 1462 anno
1088 1418 1119 1481 4.

438 1502 481 1568 ln
499 1525 530 1570 e.
546 1523 592 1569 m.
608 1502 770 1567 Omnium
786 1502 984 1568 Sanctorum
996 1500 1031 1566 in
1047 1499 1161 1566 Insula
1177 1498 1436 1567 Catbalaunensi
1453 1511 1488 1567 et
1499 1502 1541 1569 de
1555 1503 1673 1585 Duuis,
1685 1502 1759 1569 Mo-

403 1608 543 1673 inensis
567 1606 720 1689 diocesis,
747 1605 1027 1671 monasteriomm
1050 1604 1227 1670 abbatibus
1253 1624 1293 1670 ac
1323 1604 1425 1671 Petro
1458 1604 1569 1689 Ferro,
1599 1607 1763 1674 canonico

403 1710 696 1778 autissiodorensi.

429 1851 494 1912 neg.
508 1853 559 1899 av.
573 1852 611 1910 13,
622 1851 642 1899 f.
654 1851 701 1897 aar
713 1828 720 1908 ';
734 1850 791 1898 va.
804 1852 845 1909 το,
859 1850 878 1897 r.
890 1850 957 1908 aaa,
970 1863 997 1900 n.
1012 1850 1067 1896 ras.

442 2013 558 2097 778.
1410 2050 1506 2117 1319,
1523 2032 1569 2096 28
1581 2032 1719 2097 octobre.

442 2134 575 2216 Jacobo
591 2127 670 2198 Ursi
685 2131 728 2197 de
744 2131 820 2198 filiis
833 2130 911 2197 Ursi
927 2131 970 2197 de
987 2130 1080 2197 Urbe
1096 2131 1312 2199 conferuntur
1327 2134 1544 2201 canonicatus
1554 2143 1588 2200 et
1598 2134 1767 2222 prebenda

403 2236 545 2305 ecclesie
558 2234 747 2317 FurnensiS,
761 2234 966 2301 Morinensis
975 2234 1127 2317 diocesis
1135 2244 1295 2303 vacantes
1304 2258 1363 2325 per
1372 2238 1632 2323 resignationem
1643 2238 1766 2304 factam

404 2362 417 2406 ι
434 2341 657 2421 Pantaleone,
680 2348 762 2405 nato
778 2339 950 2425 quondam
973 2337 1162 2405 Bartholini
1178 2340 1220 2406 de
1237 2339 1444 2422 Comazano,
1460 2362 1502 2406 ex
1518 2362 1617 2408 causa
1634 2362 1765 2428 permu-

403 2444 542 2511 :ationis
557 2465 634 2510 cum
650 2443 851 2510 canonicatu
867 2452 901 2509 et
917 2442 1087 2530 prebenda
1104 2444 1245 2510 ecclesie
1261 2443 1463 2511 Veronensis
1485 2466 1504 2511 a
1527 2444 1619 2511 dicto
1638 2445 1658 2524 J
1661 2449 1768 2511 acobo

403 2547 588 2634 resignatis,
605 2567 674 2614 non
690 2550 847 2615 obstante
863 2548 954 2632 quod
968 2547 1277 2614 archidiaconatum
1301 2548 1510 2614 Stadiensem
1532 2549 1566 2614 in
1589 2549 1768 2615 Cathalau-

403 2652 513 2733 nensi,
530 2662 564 2717 et
580 2652 614 2716 in
630 2652 749 2718 eadem
765 2651 848 2717 acin
866 2651 1118 2717 Ravennatensi
1135 2651 1285 2717 ecclesiis
1300 2673 1432 2717 necnon
1449 2651 1483 2717 in
1498 2652 1634 2719 basilica
1646 2652 1769 2719 Princi-

403 2757 456 2843 pis
473 2756 704 2841 apostolorum
720 2756 761 2822 de
779 2755 873 2822 Urbe
889 2754 1109 2822 canonicatus
1124 2761 1160 2821 et
1174 2756 1361 2842 prebendas
1376 2756 1516 2822 obtinet.

450 2859 547 2925 Solet
562 2859 789 2946 apostolice...

450 2964 532 3029 Dat.
547 2962 648 3029 Avin.
666 2982 683 3048 5
700 2961 767 3030 kal.
782 2963 975 3030 novembris
989 2984 1079 3029 anno
1095 2985 1126 3048 4.

452 3066 493 3132 In
510 3088 540 3133 e.
556 3088 601 3132 m.
619 3072 777 3155 utsupra,
795 3090 826 3134 n.
845 3084 917 3151 777.

438 3206 501 3266 Bcg.
517 3207 564 3254 Αἵ.
578 3206 616 3263 13,
629 3205 646 3254 f.
659 3207 706 3252 225
720 3220 725 3262 ;
738 3204 797 3254 vat.
810 3208 847 3263 70,
861 3206 879 3254 f.
892 3208 947 3266 229,
959 3220 984 3255 n.
997 3208 1056 3254 42⁴3.

453 3378 568 3462 779.
1400 3412 1496 3479 1319,
1509 3413 1529 3476 9
1546 3394 1729 3459 novembre.

453 3497 593 3579 Simoni,
610 3498 720 3562 eleeto
731 3494 912 3561 Viennensi
924 3495 982 3581 (¹),
998 3503 1195 3581 prorogatur
1210 3516 1314 3580 usque
1330 3495 1372 3562 ad
1386 3517 1490 3562 unum
1506 3517 1631 3563 annum
1640 3507 1774 3583 tempus

408 3600 592 3688 recipiendi
610 3600 898 3666 consecrationem
915 3608 950 3664 et
974 3599 1184 3685 dispensatur
1207 3620 1283 3665 cum
1307 3620 1348 3665 eo
1371 3609 1408 3666 ut
1424 3601 1557 3666 interim
1573 3601 1775 3668 decanatum

409 3705 664 3772 xanctonensis
679 3713 715 3770 et
730 3703 879 3790 ejusdem
903 3725 942 3769 ac
957 3702 1179 3770 Tornacensis
1195 3703 1410 3769 ecclesiarum
1426 3705 1642 3771 canonicatus
1657 3714 1692 3771 et
1702 3725 1775 3791 pre·

409 3808 541 3875 bendas
556 3806 710 3875 retineat.

456 3914 594 3977 Sincere
610 3912 834 3978 devotionis...
853 3928 856 3933 ’

456 4018 537 4082 Dat.
554 4016 654 4082 Asin.
673 4035 689 4099 5
707 4015 751 4082 id.
769 4017 959 4083 novembris
975 4038 1065 4083 anno
1081 4040 1112 4103 4.

445 4154 508 4215 Reg.
520 4154 567 4202 Av.
582 4153 619 4211 1³,
631 4151 650 4201 i.
662 4153 705 4199 21*
717 4167 722 4209 ;
735 4151 795 4201 Vei.
809 4155 846 4213 70,
859 4153 877 4202 f.
891 4155 946 4214 112,
959 4168 983 4202 n.
998 4156 1052 4204 104.

458 4325 576 4409 780.
1373 4366 1526 4432 1319,11
1552 4343 1733 4414 ›zovembra

457 4452 607 4532 Johanni
622 4451 735 4517 Alardi
752 4451 794 4517 de
815 4451 960 4518 Roseriis
984 4463 1172 4520 reservatur
1194 4456 1396 4522 beneficium
1421 4459 1684 4526 ecclesiasticum
1701 4482 1778 4526 cum

414 4580 495 4627 cura
518 4561 573 4624 vel
599 4558 670 4624 sine
697 4579 774 4624 cura
791 4560 849 4642 (60
865 4558 921 4624 lib.
937 4560 1018 4643 tur.)
1035 4559 1077 4625 ad
1102 4561 1319 4626 collationem
1343 4562 1585 4651 archiepiscopi
1602 4565 1778 4647 Bisuntini,

413 4685 483 4729 non
514 4665 672 4728 obstante
703 4661 793 4745 quod
827 4661 1064 4727 canonicatum
1091 4665 1152 4727 sub
1179 4666 1416 4749 expectatione
1440 4670 1611 4753 prebende
1635 4670 1778 4736 ecclesie

415 4770 447 4833 S.
469 4765 637 4846 Johannis
664 4763 861 4831 Leodiensis
886 4766 1017 4831 obtinet
1047 4776 1082 4832 et
1113 4788 1211 4852 super
1237 4769 1382 4853 quadam
1406 4781 1570 4858 perpetua
1594 4777 1779 4863 capellania

416 4874 558 4941 ecclesie
574 4871 750 4938 Bisuntine
765 4869 884 4954 litigat.

423 5066 502 5075 --——*

455 5173 475 5219 l.
494 5173 582 5219 Simon
594 5170 737 5228 caroniae,
751 5166 851 5217 nommc
867 5167 891 5214 le
903 5168 917 5214 3
929 5164 1074 5228 septembre
1088 5163 1149 5209 1319
1162 5163 1267 5224 (Eubcl,
1282 5166 1443 5214 Hierurcltia
1452 5167 1588 5226 catholica,
1601 5174 1619 5216 t.
1634 5169 1652 5227 l,
1666 5184 1690 5230 p.
1709 5174 1776 5231 5557).
