4409 6017
938 711 1084 777 Premibre
1105 712 1208 777 annee.

438 857 609 927 luducunt
625 882 698 927 nos.
708 912 732 927 ..

442 961 513 1029 bat.
529 962 688 1049 Lugduni
707 983 725 1049 7
743 964 786 1030 id.
803 966 1001 1051 septembris
1012 986 1101 1030 anno
1123 985 1148 1030 1.

446 1065 479 1131 In
493 1089 522 1133 e.
537 1089 584 1134 m.
601 1069 715 1134 abbati
732 1069 922 1134 monasterii
937 1069 967 1134 S.
979 1068 1154 1133 Genovefc
1168 1068 1357 1133 Parisieusis
1369 1077 1403 1132 et
1413 1068 1646 1133 archidiacono
1656 1071 1759 1131 Aure-

417 1170 548 1235 lanensis
566 1192 607 1237 ac
622 1172 751 1237 cantori
767 1171 971 1236 Turonensis
987 1172 1211 1237 ecclesiarum.

444 1306 542 1367 Regnr.
558 1310 613 1367 115,
625 1309 644 1357 f.
660 1311 717 1356 163*
730 1326 736 1365 ;
749 1309 808 1357 Vnt.
818 1311 856 1367 63,
867 1309 884 1357 f.
895 1311 958 1364 lll',
968 1324 993 1357 n.
1007 1310 1061 1357 345.

454 1445 517 1532 23.
1383 1461 1477 1545 1316,
1492 1480 1511 1544 7
1527 1461 1715 1547 septembre.

455 1562 586 1641 Johanni
618 1566 661 1630 de
693 1563 798 1630 Blesis
833 1565 1001 1631 confertur
1037 1566 1253 1631 canonicatus
1285 1565 1424 1631 ecclesie
1448 1564 1677 1644 TomacensiS,
1700 1565 1760 1628 sub

429 1670 632 1753 expectatione
652 1670 823 1755 prebende
849 1669 987 1753 integre,
1003 1668 1105 1734 libere
1123 1678 1158 1734 et
1182 1689 1250 1733 non
1274 1668 1496 1749 sacerdotalis
1523 1689 1561 1733 ac
1591 1666 1760 1751 dignitatis

429 1790 467 1835 seu
483 1781 676 1859 personatus
700 1775 754 1838 vel
781 1772 891 1853 officii,
919 1773 1186 1839 consideratione
1217 1772 1371 1859 Philippi,
1407 1773 1462 1837 filii
1500 1771 1641 1857 Philippi
1676 1770 1760 1856 regis

431 1871 547 1957 Francie,
562 1896 705 1961 regnum
722 1875 860 1943 Francie
875 1876 1029 1961 regentis.

458 1977 531 2045 Dum
546 1980 805 2047 conditiones...

458 2080 521 2149 bat.
536 2083 690 2168 Lugduni
708 2102 727 2168 7
743 2083 785 2149 id.
802 2084 999 2169 septembris
1014 2105 1104 2149 anno
1127 2104 1154 2149 1.

394 2261 395 2268 ,
461 2183 490 2250 ln
503 2208 528 2252 e.
543 2208 587 2253 m.
604 2188 718 2253 abbati
734 2188 924 2253 monasterii
946 2188 989 2252 de
1004 2188 1138 2253 Anclrin
1153 2198 1176 2269 ⁶,
1198 2186 1427 2252 Atrebatensis
1447 2186 1596 2266 diocesis,
1610 2207 1649 2250 ac
1663 2186 1760 2249 Atre-

394 2283 395 2308 *
431 2288 528 2356 mensi
542 2299 576 2357 et
591 2291 822 2357 Aurelianensi
839 2291 1090 2357 archidiaconis

454 2426 549 2490 θεων.
560 2431 583 2489 ³,
594 2430 614 2480 r.
629 2432 692 2487 1533
706 2430 765 2478 vai.
779 2431 817 2490 ee,
829 2430 847 2477 f.
863 2432 925 2490 niv,
938 2444 963 2478 n.
976 2431 1030 2479 aaa.

394 2545 396 2618 l
461 2573 522 2657 24.
1383 2587 1717 2675 1316,7septembre.

394 2757 395 2766 ,
462 2690 623 2759 Guillelmo
647 2693 690 2759 de
718 2691 922 2772 Bardewich,
950 2696 1125 2779 capellano
1151 2701 1186 2759 et
1210 2692 1358 2759 familiari
1376 2691 1502 2772 Vitalis,
1519 2691 1550 2757 S.
1568 2689 1704 2755 Martini
1730 2689 1763 2754 in

437 2788 574 2863 Montibus
596 2796 770 2883 presbiteri
790 2796 973 2878 cardinalis,
994 2797 1161 2862 confertur
1182 2796 1397 2862 canonicatus
1418 2795 1556 2860 ecclesie
1576 2794 1606 2858 S.
1627 2789 1765 2857 Servatii

436 2890 635 2984 trajectensis,
653 2899 848 2965 Leodiensis
864 2900 1014 2980 diocesis,
1030 2902 1091 2965 sub
1108 2900 1343 2985 expectatione
1359 2898 1538 2985 prebende.

394 2961 396 3028 l
462 2999 559 3092 Nuper
574 3004 836 3071 attendentes..

394 3105 395 3110 ’
462 3104 522 3175 Dat.
538 3108 692 3192 Lugduni
710 3128 728 3191 7
746 3108 788 3173 id.
805 3108 1001 3193 septembris
1017 3129 1107 3172 anno
1125 3128 1150 3173 1.

461 3207 489 3273 ln
501 3234 528 3277 e.
543 3233 589 3278 m.
612 3211 725 3276 abbati
748 3211 902 3277 secularis
929 3211 959 3276 S.
985 3209 1092 3276 Marie
1120 3210 1371 3292 Namurcensis,
1398 3209 1592 3275 Leodiensis
1618 3208 1767 3288 diocesis

432 3319 453 3373 et
471 3315 631 3400 preposito
656 3313 688 3379 S.
717 3313 809 3378 Pauli
837 3313 1030 3379 Leodiensis
1057 3335 1095 3379 ac
1122 3316 1262 3379 Alberto
1288 3315 1330 3379 de
1365 3313 1570 3394 Mediolano
1594 3313 1767 3397 capellano

431 3428 498 3499 pape,
513 3417 680 3484 canonico
697 3415 962 3481 Ravennatensis
978 3418 1201 3482 ecclesiarum.

449 3548 494 3614 Beg.
506 3554 565 3602 Vat.
576 3555 617 3611 63,
630 3554 648 3601 f.
663 3552 746 3611 lf2bi⁵‚
759 3568 784 3601 n.
797 3555 852 3601 441.

453 3698 521 3786 25.
1386 3713 1481 3795 1316,
1500 3729 1518 3795 7
1534 3711 1723 3799 septembre.

454 3814 564 3898 Blasio,
590 3826 672 3883 nato
697 3818 817 3883 nobilis
841 3817 900 3882 riri
929 3816 1068 3882 Maximi
1100 3818 1143 3883 de
1168 3817 1325 3902 Piperuo,
1354 3817 1527 3902 capellano
1556 3825 1589 3879 et
1616 3813 1766 3879 familiari

426 3913 577 4003 Francisci,
605 3922 636 3988 S.
662 3921 768 3986 Marie
794 3922 825 3985 in
853 3920 1035 3986 Cosmedin
1062 3922 1192 3986 diaconi
1221 3921 1405 4000 cardinalis
1437 3919 1605 3985 confertur
1631 3916 1768 3983 canoni-

424 4033 494 4092 utus
508 4026 649 4092 ecclesie
667 4024 877 4106 MorinensiS,
894 4027 953 4089 sub
971 4025 1205 4110 expectatione
1222 4024 1402 4110 prebende,
1419 4044 1487 4087 non
1504 4025 1659 4088 obstante
1676 4020 1765 4104 quod

423 4146 438 4189 n
465 4128 657 4210 Veronensi,
684 4129 922 4210 Terracinensi,
961 4129 1154 4214 Pipernensi
1182 4150 1220 4194 ac
1251 4127 1482 4209 Namurcensi,
1514 4126 1708 4191 Leodiensis
1732 4132 1766 4188 et

425 4229 647 4301 Terracinensis
670 4233 851 4313 diocesum,
879 4233 1094 4298 canonicatus
1120 4241 1154 4297 et
1180 4231 1375 4318 prebendas,
1392 4253 1430 4296 ac
1452 4231 1484 4294 in
1510 4230 1628 4295 eadem
1655 4228 1768 4314 Piper-

427 4338 498 4402 nensi
519 4337 874 4423 archipresbiteratum,
891 4345 926 4399 et
945 4336 978 4399 in
995 4335 1215 4401 Namurceusi
1242 4335 1387 4401 ecclesiis
1412 4334 1596 4400 custodiam
1624 4333 1767 4400 obtinet.

460 4438 566 4527 Nuper
583 4443 745 4507 volentes.
756 4492 779 4506 ..

463 4542 530 4610 Dat.
545 4545 697 4630 Lugduni
716 4563 734 4627 7
750 4544 793 4609 id.
810 4530 1007 4630 septembris
1023 4564 1113 4608 anno
1135 4564 1160 4609 1.

467 4643 501 4710 ln
522 4670 548 4714 e.
571 4670 615 4713 m.
640 4647 874 4713 archidiacono
901 4648 1046 4728 Anouie,
1074 4646 1332 4729 Cameracensis,
1361 4656 1394 4711 et
1416 4645 1540 4710 Busolo
1568 4643 1610 4709 de
1641 4644 1768 4726 Parma,

437 4742 637 4832 Tomacensis,
654 4751 829 4836 capellano
852 4771 949 4836 pape,
969 4772 1007 4815 ac
1024 4749 1188 4816 Balduino
1216 4751 1257 4816 de
1274 4751 1409 4836 Supino,
1426 4748 1655 4813 Atrebatensis
1671 4768 1769 4812 cauo-

441 4848 726 4921 niusecclesiarum.

469 4982 625 5050 Queat.
638 4994 696 5040 311*
708 5009 714 5051 ;
728 4992 787 5039 vat.
801 4995 839 5050 63,
852 4993 869 5039 f.
885 4994 948 5049 li'iti',
960 5008 985 5039 u.
998 4993 1053 5039 488.

473 5152 493 5186 fl·
506 5144 600 5196 Archino
611 5167 659 5214 rep.
672 5151 720 5199 Ar.
732 5155 756 5198 et
775 5150 831 5199 l'at,
