4409 6017
509 664 571 729 558
1044 663 1202 731 leunene
1223 663 1325 729 annte

558 812 695 897 1514.
1562 843 1669 909 1325,
1687 844 1732 890 12
1747 823 1829 893 avril.

554 929 737 997 Guillelmo
760 928 853 995 dicto
881 926 1037 1014 Morpein
1063 927 1234 993 confertur
1264 928 1483 994 canonicatus
1509 927 1665 995 ecclesie
1694 926 1853 1008 Insulens's

510 1032 732 1099 Tornacensis
747 1032 899 1112 diocesis,
915 1034 976 1097 sub
992 1030 1231 1117 expectatione
1247 1031 1427 1117 prebende,
1443 1050 1514 1097 non
1529 1033 1704 1099 obstante
1715 1032 1802 1119 quod
1808 1053 1871 1120 pan·

510 1136 675 1202 rochiales
702 1136 860 1203 ecclesias
884 1136 926 1202 de
952 1134 1124 1220 Basuques
1146 1143 1183 1201 et
1203 1134 1245 1201 de
1270 1135 1520 1220 Sorquerolhes,
1533 1135 1696 1202 invicem
1719 1137 1857 1203 unitaset

510 1260 668 1322 annexae,
693 1261 770 1308 cum
793 1238 966 1306 beneficiis
990 1238 1229 1305 ecclesiasticis
1250 1238 1293 1304 de
1318 1236 1462 1305 Baibaso
1485 1246 1521 1304 et
1543 1237 1589 1304 de
1613 1237 1693 1327 Bis,
1719 1238 1858 1306 Auxitane

510 1344 663 1426 diocesis,
679 1344 823 1411 obtinet.

555 1446 746 1513 Laudandis
760 1454 851 1513 tue...

556 1548 637 1615 Dat.
652 1549 753 1616 Avin.
771 1570 788 1614 2
807 1548 850 1615 id.
866 1548 979 1635 aprilis
994 1569 1086 1616 anno
1102 1570 1133 1631 9.

556 1651 597 1718 In
613 1673 643 1719 e.
658 1673 703 1718 m.
719 1652 852 1719 decano
866 1652 909 1719 de
924 1652 956 1719 S.
966 1651 1173 1734 Andomaro,
1191 1651 1396 1719 Morinensis
1410 1651 1567 1735 diocesis,
1584 1661 1621 1720 et
1639 1654 1857 1722 archidiacono
1871 1623 1879 1694 d

514 1756 795 1843 Rothomagensis
809 1776 850 1823 ac
865 1754 885 1834 J
888 1756 1013 1823 ohanni
1029 1756 1072 1822 de
1087 1754 1223 1838 Pennis,
1239 1756 1403 1824 canonico
1420 1755 1599 1824 Remensis
1615 1758 1839 1826 ecclesiarum

545 1891 607 1954 neg.
621 1894 670 1942 nv.
685 1894 725 1951 22,
739 1892 758 1942 1.
773 1894 833 1940 assv
844 1910 851 1948 ;
862 1894 922 1941 vn.
937 1893 977 1952 78,
991 1892 1008 1940 1.
1027 1893 1095 1950 2981,
1113 1906 1139 1943 n.
1154 1893 1209 1941 871.

557 2055 692 2139 1515.
1562 2088 1667 2151 1325,
1685 2089 1733 2153 25
1747 2071 1832 2134 avril

556 2171 707 2239 Gerardo
729 2172 772 2238 de
790 2171 1005 2258 Odenlrirgen
1028 2172 1198 2238 confertur
1220 2172 1438 2238 canonicatus
1464 2172 1609 2238 ecclesie
1639 2171 1863 2260 Hugardensis,

515 2275 712 2342 Leodiensis
726 2274 878 2356 diocesis,
895 2277 955 2342 sub
971 2274 1209 2362 expectatione
1225 2274 1406 2361 prebende.

559 2380 706 2465 Exigunt
722 2379 940 2445 laudabilia...

558 2481 636 2551 Dat.
652 2482 753 2549 Avin.
769 2502 786 2566 7
803 2483 869 2549 kal.
884 2483 964 2549 maii
980 2504 1070 2550 anno
1087 2506 1116 2565 9.

557 2585 598 2651 ln
624 2607 654 2652 e.
680 2607 726 2652 rn.
751 2586 789 2652 B.
816 2584 924 2652 Marie
948 2594 984 2653 et
1010 2587 1042 2653 S.
1071 2586 1214 2653 Servatii
1241 2585 1476 2672 Trajectensis,
1499 2585 1708 2655 Leodiensis
1735 2588 1868 2665 diocesis

512 2688 650 2756 decanis
665 2711 705 2756 ac
719 2689 880 2775 magistro
894 2687 1026 2767 Jacobo
1040 2690 1082 2756 de
1105 2688 1250 2771 Mutina,
1267 2690 1443 2779 capellano
1459 2709 1558 2777 pape,
1575 2692 1755 2759 canonico
1769 2691 1868 2759 Came

513 2792 661 2859 recensis
676 2792 903 2860 ecclesiarum.

548 2933 607 2995 Reg.
625 2934 671 2981 dv.
684 2933 723 2991 22,
736 2933 755 2983 i.
769 2931 830 2980 481*
840 2946 847 2989 ;
859 2931 919 2980 Vct.
931 2931 971 2991 78,
985 2931 1005 2981 f.
1019 2931 1086 2991 393',
1106 2946 1133 2982 n.
1154 2933 1224 2980 llll.

559 3101 695 3186 1516-
1567 3129 1667 3194 1325,
1683 3130 1731 3194 25
1746 3112 1838 3176 avril.

558 3218 699 3300 Cononi,
725 3227 807 3284 nato
832 3217 982 3285 Cononis
1006 3217 1048 3283 de
1070 3215 1278 3301 Bynzewelt,
1301 3214 1426 3296 militis,
1462 3212 1635 3280 confertur
1667 3214 1869 3280 canonicatus

484 3322 487 3326 ’
516 3324 656 3391 ecclesie
672 3322 704 3388 S.
722 3321 815 3388 Pauli
833 3321 1029 3388 Leodiensis
1045 3324 1106 3387 sub
1123 3319 1358 3406 expectatione
1373 3317 1553 3406 prebende.

559 3426 613 3492 Ad
629 3427 793 3492 illorum...

560 3530 640 3595 Dat.
655 3530 756 3595 Avin.
774 3547 792 3614 7
808 3528 875 3595 kal.
891 3528 969 3594 maii
986 3549 1076 3595 anno
1094 3549 1123 3610 9.
1895 3596 1901 3631 ι

561 3633 601 3699 ln
617 3655 646 3699 e.
662 3655 707 3699 m.
723 3634 754 3698 S.
772 3634 914 3699 Servatii
931 3642 966 3698 et
982 3633 1013 3699 S.
1031 3631 1140 3698 Marie
1157 3630 1392 3716 Trajectensis,
1408 3627 1605 3695 Leodiensis
1615 3630 1774 3712 diocesis,
1790 3630 1868 3696 deca·
1898 3653 1901 3714 Ι

517 3739 568 3805 nis
583 3758 623 3804 ac
638 3736 657 3815 J
661 3738 768 3803 acobo
783 3737 826 3803 de
843 3735 987 3818 Mutina,
1003 3735 1171 3802 canonico
1196 3734 1446 3800 Cameracensis
1462 3732 1692 3816 ecclesiarum,
1710 3736 1868 3822 capellano
1899 3721 1901 3746 ²

518 3863 616 3929 pape.

551 3973 611 4033 nug.
627 3972 675 4021 xv.
687 3975 727 4034 22,
746 3973 765 4021 1.
781 3973 857 4030 nau
872 3972 923 4020 Vat
947 3974 986 4032 ra,
998 3971 1017 4021 1.
1031 3971 1100 4030 3971,
1115 3986 1141 4020 n.
1158 3973 1229 4019 1151.

562 4129 698 4213 1517·
1557 4153 1654 4217 1325,
1677 4154 1723 4217 25
1742 4133 1836 4199 avril.

562 4247 725 4312 Wernero
751 4244 794 4310 de
819 4241 951 4328 Royde,
977 4248 1060 4306 nato
1086 4237 1208 4306 nobilis
1237 4237 1297 4303 viri
1325 4238 1488 4320 Werneri,
1518 4236 1647 4305 domini
1680 4237 1724 4303 de
1757 4232 1867 4321 Royde,

519 4350 689 4419 confertur
705 4348 924 4416 canonicatus
940 4343 1082 4411 ecclesie
1098 4343 1129 4407 S.
1147 4342 1286 4407 Servatii
1308 4342 1542 4429 Trajectensis,
1559 4340 1762 4409 Leodiensis
1776 4340 1868 4407 dioce-

519 4455 573 4537 sis,
586 4458 646 4521 sub
656 4451 893 4540 expectatione
906 4449 1085 4534 prebende,
1097 4467 1167 4512 non
1177 4449 1334 4512 obstante
1345 4446 1434 4531 quod
1447 4446 1688 4513 canonicatum
1699 4454 1736 4512 et
1748 4448 1869 4533 preben-

519 4559 597 4625 dam
614 4559 647 4623 in
664 4555 806 4623 ecclesia
821 4554 853 4619 S.
871 4551 979 4618 Marie
995 4551 1173 4636 Aquensis,
1189 4549 1280 4616 dicte
1296 4550 1449 4633 diocesis,
1466 4549 1608 4617 obtinet.

564 4662 734 4729 Nobilitas
760 4657 931 4745 generis...

565 4767 643 4831 Dat.
658 4765 759 4830 Avin.
778 4782 795 4847 7
813 4762 878 4827 kal.
894 4760 974 4826 maii
993 4780 1083 4825 anno
1101 4780 1130 4840 9.

565 4869 604 4934 In
632 4889 661 4933 e.
684 4889 729 4934 m.
756 4866 885 4933 decano
912 4873 946 4930 et
970 4863 1098 4930 cantori
1127 4860 1267 4927 ecclesie
1292 4860 1332 4927 B.
1361 4860 1469 4927 Marie
1493 4861 1672 4946 Aquensis,
1690 4856 1872 4928 Leodiensis

519 4973 672 5052 diocesis,
685 4992 724 5038 ac
739 4970 758 5049 J
762 4973 870 5036 acobo
884 4970 926 5036 de
945 4968 1088 5049 Mutina,
1106 4965 1271 5033 canonico
1288 4963 1534 5046 cameracensi,
1550 4966 1730 5052 capellano
1746 4986 1839 5052 pape.

543 5106 605 5161 Reg.
622 5103 668 5147 nir.
684 5103 723 5154 22,
736 5100 754 5147 f.
770 5100 829 5145 565¹
841 5114 846 5154 ;
860 5099 918 5145 Vnt.
931 5101 970 5148 79.
983 5098 1001 5145 f.
1016 5097 1064 5156 18¹,
1077 5111 1102 5145 11.
1117 5097 1188 5143 1254.
