4409 6017
902 719 1184 838 haudque‘anute
1289 698 1313 737 ⁵
1665 724 1725 792 595

365 869 572 952 habundare,
599 878 713 937 tamen
734 890 897 958 processu
918 870 1091 959 temporis,
1114 878 1250 958 propter
1274 892 1407 957 guerras
1431 874 1464 938 in
1491 874 1555 941 illis
1573 877 1727 962 ¹partibus

365 973 599 1059 multipliciter
614 975 807 1060 ingruentes
815 984 850 1041 et
866 976 1022 1042 incendia
1031 977 1276 1062 quamplurima
1286 975 1319 1040 in
1329 972 1430 1043 bonis
1438 976 1519 1044 dicti
1535 981 1725 1046 monasterii

365 1096 427 1160 per
448 1097 581 1162 guerras
595 1078 785 1163 hujusmodi
801 1087 1002 1166 perpetrata,
1017 1080 1062 1145 ad
1076 1087 1218 1160 tantam,
1230 1080 1448 1166 permittente
1465 1082 1561 1163 Deo,
1573 1085 1728 1169 pervenit

365 1179 525 1267 inopiam,
546 1182 636 1268 quod
661 1183 802 1250 dilectos
827 1184 941 1251 filios..
964 1186 1122 1250 abbatem
1145 1192 1182 1250 et
1207 1194 1414 1251 conventum
1430 1185 1510 1252 dicti
1534 1189 1727 1254 monasterii

365 1287 517 1369 oportuit
534 1307 594 1374 pro
617 1287 687 1354 vite
703 1289 897 1354 necessariis
912 1308 1034 1372 magna
1061 1289 1259 1354 contrahere
1281 1311 1347 1355 non
1364 1292 1489 1376 absque
1506 1292 1611 1358 usuris
1627 1313 1728 1358 onera

364 1387 567 1471 debitorum,
589 1391 765 1458 occasione
782 1412 923 1477 quorum
939 1412 1008 1458 non
1029 1393 1216 1459 solutorum
1233 1393 1266 1458 in
1283 1394 1434 1460 terminis
1449 1395 1653 1477 constitutis
1670 1418 1729 1481 per

365 1495 546 1560 nonnullos
558 1493 652 1561 Sedis
663 1497 849 1582 apostolice
861 1495 993 1580 judices
1004 1497 1177 1581 delegatos
1190 1497 1222 1561 in
1233 1517 1393 1582 personas
1402 1518 1518 1564 eorum
1534 1519 1727 1566 excommu-

363 1599 544 1665 nicationis
568 1608 604 1666 et
627 1600 852 1686 suspensionis
876 1609 910 1667 et
937 1601 970 1665 in
995 1599 1123 1666 dictum
1146 1601 1385 1667 monasterium
1410 1601 1578 1668 interdicti
1594 1603 1727 1670 fuerunt

363 1705 535 1771 sententie
556 1706 779 1791 promulgate,
795 1714 830 1771 et
846 1705 926 1773 licet
949 1727 969 1772 a
989 1705 1188 1792 quibusdam
1213 1706 1343 1771 illarum
1359 1706 1514 1773 duxerint
1538 1709 1581 1774 ad
1605 1707 1727 1784 Sedem

363 1809 587 1896 apostolicam
599 1831 642 1875 ex
651 1810 760 1876 causis
773 1810 932 1895 legitimis
940 1811 1189 1898 appellandum,
1203 1818 1317 1875 tamen
1330 1811 1601 1897 prosecutionem
1612 1816 1726 1900 appel-

363 1914 531 1979 lationum
557 1914 760 2001 hujusmodi,
775 1914 881 1980 nimia
906 1923 1105 2002 paupertate
1120 1915 1248 2001 gravati
1264 1913 1481 1981 deseruerunt
1498 1916 1605 1999 inviti,
1621 1918 1725 2003 quod-

363 2039 429 2103 que
441 2018 694 2104 nonnullilayci
705 2017 851 2086 civitatis
860 2028 895 2085 et
904 2019 1047 2087 diocesis
1059 2018 1295 2085 Leodiensium
1309 2021 1487 2086 nonnullas
1498 2020 1727 2107 possessiones

363 2121 445 2188 dicti
469 2123 664 2188 monasterii
680 2123 724 2190 ad
746 2131 875 2190 certum
891 2131 1037 2210 tempus,
1054 2122 1191 2210 quidam
1213 2144 1295 2190 vero
1310 2144 1368 2190 eas
1389 2127 1451 2190 sub
1474 2124 1595 2190 talibus
1611 2124 1726 2191 condi-

362 2225 512 2292 tionibus
537 2227 639 2293 titulo
662 2227 811 2314 pignoris
834 2236 1044 2314 receperunt,
1070 2235 1108 2293 ut
1123 2227 1150 2293 si
1166 2247 1225 2293 eas
1249 2227 1332 2294 dicti
1346 2259 1350 2268 „
1359 2230 1464 2293 abbas
1486 2235 1521 2294 et
1537 2237 1726 2295 conventus

363 2329 450 2395 infra
466 2340 595 2397 certum
620 2332 803 2398 terminum
826 2331 965 2397 minime
984 2332 1229 2417 recollegerint,
1242 2340 1367 2407 extunc
1382 2332 1564 2400 creditores
1587 2333 1724 2399 eosdem

362 2454 463 2519 super
488 2436 538 2501 eis
563 2435 701 2503 minime
735 2437 964 2518 molestarent,
991 2457 1073 2522 quas
1103 2443 1260 2523 pretextu
1293 2437 1506 2523 obligationis
1536 2438 1724 2523 hujusmodi

362 2548 488 2605 extunc
505 2540 658 2607 habuisse
683 2550 719 2606 et
740 2539 888 2606 tenuisse
915 2548 950 2607 et
964 2540 1075 2607 adhuc
1094 2549 1211 2607 tenere
1235 2550 1430 2608 noscuntur.
1447 2540 1492 2607 Et
1515 2543 1667 2627 quamvis
1682 2565 1724 2609 ex

362 2645 411 2709 eis
426 2646 638 2732 perceperint
653 2655 763 2714 totam
778 2655 904 2714 sortem
915 2646 1019 2713 debiti
1029 2647 1232 2734 principalis,
1248 2667 1304 2713 eas
1320 2656 1434 2714 tamen
1446 2648 1539 2714 dicto
1554 2657 1724 2717 monaste-

359 2749 412 2814 rio
438 2750 612 2817 restituere
627 2750 873 2834 contradicunt,
884 2759 1021 2837 propter
1042 2751 1133 2838 quod
1147 2751 1276 2817 dictum
1300 2753 1542 2818 monasterium
1563 2759 1725 2840 perpetue

359 2853 582 2920 destructioni
606 2856 765 2941 subjacet,
780 2856 843 2921 nisi
860 2856 921 2921 sibi
938 2854 1090 2921 celeriter
1105 2854 1149 2920 de
1171 2863 1340 2942 oportuno
1354 2855 1506 2923 remedio
1521 2859 1724 2940 consulatur,

359 2956 472 3041 Quare
488 2958 597 3026 dictus
611 2981 669 3026 rex
684 2961 782 3028 nobis
796 2959 967 3026 humiliter
989 2960 1191 3047 supplicavit
1206 2970 1244 3027 ut
1258 2962 1409 3029 discretis
1424 2962 1588 3047 aliquibus
1603 2966 1725 3032 nostris

358 3061 516 3129 daremus
542 3064 664 3131 litteris
677 3066 722 3130 ‚in
745 3064 912 3131 mandatis
935 3071 983 3145 ut,
1011 3065 1168 3131 omnibus
1193 3065 1316 3132 debitis
1339 3067 1565 3152 quorumlibet
1581 3067 1724 3135 credito-

357 3186 435 3230 rum
457 3166 539 3234 dicti
565 3169 768 3252 monasterii,
790 3170 909 3255 quibus
924 3167 966 3234 de
991 3176 1084 3235 sorte
1104 3190 1173 3235 non
1201 3170 1313 3236 extitit
1337 3170 1556 3254 satisfactum,
1572 3175 1606 3237 in
1622 3194 1724 3239 unam

357 3291 528 3337 summam
543 3272 697 3354 redactis,
710 3274 883 3339 universos
897 3271 1049 3340 redditus
1064 3282 1099 3338 et
1114 3281 1297 3360 proventus
1313 3275 1416 3359 ipsius
1431 3278 1625 3342 monasterii
1644 3277 1723 3344 fide-

356 3375 435 3440 liter
458 3376 618 3462 colligant
641 3386 687 3459 et,
710 3378 878 3463 assignata
903 3398 964 3464 pro
980 3379 1050 3443 vite
1061 3379 1256 3445 necessariis
1282 3379 1458 3446 moderata
1478 3383 1724 3449 sustentatione

356 3478 459 3544 dictis
468 3481 580 3547 abbati
592 3489 627 3547 et
638 3481 820 3548 conventui
831 3482 971 3566 aliisque
980 3482 1131 3569 personis
1146 3482 1345 3567 degentibus
1361 3484 1394 3548 in
1404 3484 1536 3565 eodem,
1554 3486 1721 3552 residuum

355 3582 525 3649 dictorum
534 3584 726 3652 reddituum
736 3594 771 3652 et
782 3593 1017 3672 proventuum,
1027 3585 1132 3652 usuris
1147 3586 1287 3651 omnino
1297 3588 1514 3668 cessantibus,
1525 3599 1724 3656 convertere

355 3686 506 3753 debeant
522 3689 556 3754 in
580 3689 782 3755 solutionem
798 3689 966 3756 dictorum
981 3689 1214 3777 principalium
1236 3689 1437 3773 debitorum,
1454 3691 1544 3777 ipsos
1566 3694 1723 3759 abbatem

356 3800 394 3857 et
410 3802 617 3858 conventum
635 3794 761 3860 adictis
772 3795 950 3860 sententiis
961 3794 1180 3860 absolvendo
1191 3792 1266 3860 Nos
1278 3794 1377 3879 igitur
1388 3795 1499 3860 eidem
1515 3799 1722 3865 monasterio

356 3906 503 3982 patemo
518 3899 766 3982 compatientes
781 3898 914 3980 affectu,
926 3898 1120 3965 discretioni
1135 3906 1193 3963 tue
1203 3899 1410 3984 presentium
1420 3900 1621 3965 auctoritate
1630 3920 1721 3966 com-

356 4001 526 4067 mittimus
541 4011 576 4067 et
591 4001 791 4068 mandamus
800 4012 965 4089 quatenus
976 4002 1159 4069 creditores
1170 4003 1340 4089 predictos
1351 3991 1487 4070 studeas
1506 4003 1680 4090 [inducere
1690 4005 1719 4091 ⁰]

355 4106 401 4172 ad
417 4104 635 4171 annuendum
659 4106 828 4192 premissis
852 4126 917 4192 que
939 4126 999 4193 per
1023 4106 1153 4173 dictum
1176 4126 1291 4191 regem
1306 4106 1340 4171 in
1363 4108 1427 4173 hac
1440 4115 1538 4193 parte
1553 4108 1724 4174 humiliter

356 4211 572 4298 postulantur
587 4218 633 4291 et,
657 4211 683 4275 si
699 4211 931 4277 consenserint
956 4211 989 4275 in
1014 4209 1193 4297 premissis
1208 4209 1307 4277 dictis
1322 4211 1444 4277 debitis
1460 4212 1492 4276 in
1508 4232 1609 4277 unam
1635 4233 1723 4278 sum·

356 4336 449 4380 mam
466 4314 619 4395 redactis,
635 4314 806 4399 predictos
820 4315 969 4381 redditus
984 4323 1020 4381 et
1042 4322 1226 4400 proventus
1241 4315 1345 4400 ipsius
1360 4316 1554 4382 monasterii
1582 4316 1724 4383 fideliter

356 4420 530 4504 colligens,
544 4440 583 4485 ac
599 4419 767 4503 assignata
783 4419 826 4484 de
854 4420 901 4484 eis
927 4418 1101 4485 moderata
1121 4420 1366 4485 sustentatione
1391 4420 1556 4486 duntaxat
1578 4441 1639 4505 pro
1654 4422 1723 4486 vite

355 4524 555 4589 necessariis
570 4523 670 4588 dictis
681 4522 795 4588 abbati
811 4531 847 4587 et
867 4523 1051 4589 conventui
1067 4523 1206 4608 aliisque
1216 4523 1367 4609 personis
1378 4523 1500 4588 ibidem
1513 4526 1721 4608 degentibus,

353 4627 526 4693 residuum
542 4627 709 4692 dictorum
724 4626 916 4691 reddituum
928 4635 962 4692 et
978 4634 1215 4713 proventuum,
1231 4627 1337 4693 usuris
1349 4627 1490 4692 omnino
1505 4628 1721 4708 cessantibus

353 4740 536 4799 convertas
553 4732 587 4795 in
611 4731 815 4796 solutionem
831 4729 1023 4815 hujusmodi
1039 4731 1274 4816 principalium
1294 4730 1494 4810 debitorum,
1508 4730 1597 4816 ipsos
1621 4732 1722 4795 abba·

352 4836 428 4904 tem
444 4845 479 4901 et
504 4843 710 4901 conventum
732 4835 933 4900 auctoritate
956 4842 1071 4901 nostra
1097 4835 1290 4920 apredictis
1305 4835 1481 4900 sententiis
1504 4834 1721 4900 absolvendo

353 4942 459 5027 Quod
475 4941 501 5005 si
514 4940 599 5005 forte
615 4940 694 5005 dicti
708 4939 888 5005 creditores
901 4959 1000 5023 super
1008 4939 1178 5023 premissis
1194 4939 1384 5005 consentire
1400 4939 1579 5018 noluerint,
1592 4939 1722 5004 vocatis

388 5188 415 5220 ιι.
429 5169 550 5217 iuducere
563 5181 670 5228 utrinq-ue
683 5181 732 5227 rep.
