4409 6017
505 716 563 781 102
882 773 902 808 ·.
916 710 938 731 “’
986 693 1013 707 ”
974 718 1193 797 ·j-··Prem‘ere
1216 720 1319 784 annae.

505 887 712 951 exurgemus,
723 860 831 962 super:
830 815 1031 954 cotrtemptu
1047 868 1288 935 sententiarum
1304 871 1490 956 apostolice
1506 869 1601 935 Sedis
1616 876 1720 954 atque
1736 885 1863 953 proces

506 992 601 1036 sunm
618 979 651 1042 et
674 992 772 1065 super
794 977 836 1036 eo
860 972 982 1056 quod
973 994 1006 1036 m
1030 981 1265 1060 contemptum
1289 974 1467 1039 clavium'
1459 996 1491 1039 rn
1515 974 1611 1040 terris
1638 973 1864 1042 ecclesiastico
1898 985 1907 1036 ς

507 1043 686 1173 interdicto
692 1074 881 1161 suppositis
896 1074 1001 1141 fecist
977 1083 1020 1141 rs
1035 1085 1069 1140 e
1087 1076 1203 1158 facitis,
1220 1086 1321 1163 prout
1336 1078 1470 1164 publica
1487 1078 1574 1144 fama
1590 1077 1751 1158 notoriat,
1768 1099 1863 1162 quan·
1896 1039 1905 1190 ἱ

469 1162 604 1268 {attint
595 1175 628 1242 rir
644 1178 741 1243 vobis
756 1187 817 1258 est,
833 1180 1033 1264 prophanari
1050 1180 1117 1245 dir'
1109 1201 1173 1261 ma,
1191 1190 1308 1246 contra
1323 1201 1384 1247 vos
1400 1180 1442 1246 ad
1457 1202 1560 1266 penas
1583 1180 1716 1247 debitas
1737 1201 1902 1266 proces
1897 1193 1902 1228 ²

507 1276 583 1347 s’uri
610 1281 715 1367 Super
741 1281 804 1346 hiis
831 1292 943 1347 autem
970 1291 1006 1348 et
1030 1284 1136 1349 aliis
1128 1306 1161 1349 m
1200 1285 1264 1350 illis
1293 1286 1443 1370 partibus
1474 1284 1681 1369 exequendis
1716 1285 1904 1350 solennes

507 1386 643 1452 nuntios
659 1386 737 1452 illuc
752 1385 784 1451 in
801 1389 902 1452 breue
917 1386 1125 1472 disponimus
1140 1389 1317 1454 destinare.
1335 1389 1413 1454 Dat.
1431 1395 1495 1455 etc.
1513 1406 1529 1456 t

542 1529 601 1588 nug.
616 1532 661 1577 Ar.
678 1533 729 1579 llll.
742 1546 801 1593 pars
815 1532 835 1591 l,
850 1532 868 1580 f.
882 1534 930 1582 74¹.
950 1546 974 1579 n.
988 1535 1043 1581 aba.
1060 1562 1087 1568 -
1112 1534 1218 1594 Conlon,
1231 1550 1256 1582 n.
1272 1538 1316 1583 192
1329 1536 1438 1598 (texto).

1902 1609 1907 1686 l

552 1721 661 1806 319.
1524 1738 1657 1826 [Ι317],
1674 1760 1716 1822 29
1732 1738 1829 1804 avril.
1903 1691 1907 1780 1

552 1849 735 1928 Ludoxico,
753 1851 868 1916 comiti
884 1849 1096 1931 Nivemensi,
1114 1852 1292 1917 mandatur
1307 1860 1472 1937 quatenus
1489 1850 1656 1938 Philipp0,
1673 1852 1742 1938 regi
1768 1850 1866 1916 Fran-

509 1955 569 2034 cie,
585 1956 678 2040 cujus
693 1955 843 2021 dominio
859 1978 895 2021 se
911 1957 1093 2022 subducere
1109 1956 1234 2036 nititur,
1251 1954 1411 2021 obediens
1427 1956 1469 2021 sit
1492 1954 1669 2041 dictusque
1692 1978 1808 2024 comes
1830 1955 1868 2020 de

511 2059 686 2145 Raynaldi,
711 2061 949 2147 archiepiscopi
975 2060 1200 2141 Bituricensis‚
1224 2070 1259 2127 et
1282 2062 1390 2127 fratris
1414 2060 1605 2147 Berengarii
1629 2062 1673 2128 de
1689 2061 1868 2139 Landorra,

510 2160 657 2250 magistri
674 2164 797 2231 ordinis
812 2165 1072 2249 Predicatorum,
1089 2169 1282 2235 nuntiorum
1293 2167 1563 2255 apostolicorum,
1575 2167 1736 2234 missione
1748 2167 1868 2234 certior

513 2269 551 2335 fit
568 2270 625 2355 (ι).

558 2458 724 2525 «Dilecto
739 2459 807 2524 filio
823 2460 926 2525 nobili
938 2459 1009 2525 viro
1019 2459 1202 2541 Ludorico,
1214 2460 1328 2526 comiti
1339 2459 1551 2526 Nivernensi.
1568 2459 1753 2528 Paternum
1767 2460 1873 2542 tibi,si

514 2577 628 2635 tamen
644 2567 798 2645 advertis,
815 2566 1009 2632 exhibemus
1032 2565 1200 2648 affectum,
1217 2565 1295 2632 dum
1319 2564 1385 2630 tuis
1399 2564 1545 2651 lapsibus
1572 2566 1689 2652 utique
1710 2567 1873 2653 gravibus,

514 2672 540 2737 si
557 2671 645 2738 facta
659 2672 815 2737 relatibus
831 2678 1028 2750 consonent,
1040 2678 1262 2751 occurrentes,
1279 2690 1319 2735 ea
1333 2669 1393 2735 tibi
1410 2668 1614 2755 suggerimus
1629 2690 1695 2755 que
1705 2670 1807 2738 saluti
1819 2680 1873 2737 tue

514 2786 779 2861 congruescere⁶
805 2797 845 2842 ac
860 2775 925 2840 tuis
948 2774 1066 2840 honori
1083 2783 1118 2841 et
1134 2774 1278 2841 comodo
1293 2773 1450 2860 expedire
1464 2783 1630 2860 putamus.
1652 2774 1709 2841 Ad
1724 2783 1876 2841 nostrum

514 2880 676 2967 siquidem
708 2902 776 2945 non
800 2880 870 2945 sine
895 2879 1123 2946 admirationis
1146 2887 1180 2944 et
1205 2878 1358 2945 molestie
1381 2878 1517 2945 stimulo
1539 2878 1693 2965 pervenit
1716 2878 1876 2960 auditum,

515 2985 605 3072 quod
620 2994 667 3067 tu,
683 2985 850 3052 nescimus
865 3006 932 3069 quo
947 2984 1066 3051 ductus
1080 2984 1206 3071 spiritu,
1223 2984 1420 3050 fidelitatem
1436 2990 1471 3049 et
1493 2982 1687 3070 homagium
1709 2991 1745 3051 et
1765 2993 1879 3052 cetera

515 3089 558 3157 ad
573 3110 638 3175 que
653 3089 822 3157 carissimo
837 3089 870 3154 in
887 3088 1021 3155 Christo
1037 3089 1106 3155 filio
1121 3097 1238 3155 nostro
1254 3088 1420 3174 Philippo,
1436 3088 1503 3174 regi
1521 3087 1662 3155 Francie
1677 3095 1713 3155 et
1726 3086 1878 3156 Navarre

516 3193 644 3275 illustri,
660 3194 784 3262 teneris
799 3201 836 3260 ut
859 3193 1007 3275 domino,
1024 3194 1053 3259 ei
1076 3200 1225 3281 prestare
1248 3191 1457 3280 subterfugis,
1479 3202 1514 3259 et
1537 3191 1729 3260 obedientie
1750 3195 1878 3261 bonum

516 3299 608 3365 omni
632 3297 834 3387 prestantius
855 3297 991 3367 victima
1018 3296 1207 3365 inconsulte
1235 3296 1430 3385 preteriens
1458 3295 1594 3364 obedire
1616 3296 1677 3365 sibi
1702 3296 1879 3365 temerarie

517 3402 717 3470 contradicis
731 3402 751 3485 ὁ,
767 3404 880 3483 immo,
897 3402 990 3489 quasi
1006 3409 1041 3470 te
1056 3402 1139 3469 velis
1156 3406 1197 3468 ab
1215 3402 1285 3489 ejus
1302 3400 1451 3469 dominio
1476 3407 1510 3468 et
1526 3400 1735 3488 subjectione
1759 3402 1879 3470 subdu-

518 3528 603 3589 cere,
619 3508 729 3593 aliqua
749 3507 940 3574 indecentia
962 3514 1079 3574 contra
1102 3529 1180 3573 eum
1203 3505 1320 3572 niteris
1345 3514 1557 3593 attemptare.
1575 3505 1662 3588 Hec,
1679 3505 1736 3587 fili,
1752 3507 1780 3573 si
1803 3528 1880 3574 vera

518 3621 605 3694 sunt,
621 3635 689 3678 non
705 3615 814 3678 levem
830 3621 961 3698 ponunt
976 3612 1010 3678 in
1033 3612 1080 3679 tui
1097 3612 1242 3678 nominis
1258 3611 1362 3697 gloria
1386 3612 1562 3690 maculam,
1584 3631 1764 3697 personam
1787 3621 1880 3678 tuam

518 3716 683 3783 subiciunt
698 3719 787 3800 graii
804 3716 983 3783 discrimini
1006 3724 1041 3782 et
1062 3724 1182 3783 contra
1198 3724 1243 3796 te,
1260 3715 1347 3781 sicut
1373 3715 1596 3781 verisimiliter
1611 3722 1662 3782 est
1680 3714 1880 3796 timendum,

518 3821 630 3887 divine
640 3830 827 3907 provocant
842 3822 1025 3906 majestatis
1041 3820 1213 3886 offensam.
1232 3820 1335 3885 Porro
1351 3819 1514 3884 vellemus
1530 3827 1564 3884 te
1580 3818 1614 3883 in
1630 3818 1693 3885 hiis
1709 3819 1797 3885 vires
1808 3828 1882 3885 tuas

518 3926 719 4012 ponderasse
743 3926 936 4011 prudentius
962 3934 997 3990 et
1031 3925 1076 3990 rei
1110 3924 1236 3990 exitum
1274 3923 1458 3989 consultius
1491 3922 1684 3989 attendisse.
1711 3922 1882 3989 Vellemus

520 4030 632 4110 etiam,
648 4051 690 4094 ne
717 4051 831 4114 posses
847 4029 1091 4111 ingratitudinis
1116 4028 1217 4112 argui,
1235 4035 1269 4093 te
1293 4027 1335 4093 ad
1358 4029 1556 4092 memoriam
1579 4027 1693 4092 animo
1713 4026 1883 4093 reduxisse

520 4134 673 4216 gratanti,
698 4155 799 4217 quam
823 4133 1088 4213 misericorditer,
1115 4154 1214 4216 quam
1239 4132 1383 4214 benigne
1409 4152 1467 4216 per
1489 4132 1577 4196 clare
1604 4131 1768 4197 memorie
1790 4152 1883 4215 reges

521 4235 661 4303 Francie
678 4237 878 4322 Philippum,
894 4246 1034 4322 patrem,
1051 4245 1085 4301 et
1102 4236 1321 4313 Ludovicum,
1338 4236 1424 4319 regis
1439 4234 1577 4321 predicti
1595 4255 1803 4319 germanum,
1820 4234 1884 4300 tuis

521 4341 601 4406 alias
624 4340 721 4405 fuerit
747 4340 912 4405 indultum
939 4341 1136 4421 excessibus,
1165 4360 1263 4424 quam
1290 4341 1475 4404 clementer
1499 4359 1557 4423 per
1582 4360 1640 4404 eos
1664 4338 1815 4405 extiteris
1843 4338 1884 4403 ad

521 4444 661 4529 gratiam
675 4443 954 4510 reconciliationis
977 4443 1139 4508 admissus
1166 4451 1200 4508 et
1216 4464 1315 4526 quam
1333 4443 1436 4507 etiam
1459 4441 1602 4526 gratiose
1618 4450 1706 4507 terra
1728 4451 1797 4520 tua,
1821 4464 1883 4528 que

522 4547 564 4612 ad
580 4569 697 4612 manns
713 4548 818 4629 regias
833 4547 942 4631 posita
957 4555 991 4611 et
1004 4548 1168 4630 regalibus
1181 4546 1298 4624 iuerat,
1313 4555 1348 4610 ut
1365 4546 1476 4622 fertur,
1494 4546 1676 4612 confiscata
1690 4546 1857 4613 domaniis
1865 4558 1882 4627 ἢ,

521 4651 580 4717 tibi
593 4651 688 4715 fuerit
698 4651 860 4717 restituta.
871 4650 902 4714 Si
916 4651 988 4731 hee,
1000 4650 1055 4730 fili,
1069 4658 1102 4714 et
1113 4650 1176 4715 alia
1188 4671 1286 4735 super
1298 4650 1360 4714 hiis
1370 4650 1574 4714 attendenda
1584 4658 1716 4715 maturo
1728 4650 1880 4716 librasses

555 4875 579 4908 a.
591 4865 732 4918 congruont
746 4875 795 4920 rap.
810 4861 862 4908 lon.
876 4888 906 4895 -
916 4860 937 4908 d.
950 4860 1082 4908 interdicis
1095 4876 1144 4920 lup.
1160 4861 1213 4908 lon.
1223 4888 1255 4895 -
1266 4877 1287 4908 a.
1300 4860 1427 4908 domaniis
1439 4876 1489 4921 rap.
1505 4863 1558 4909 109.

529 5049 585 5055 —-.
623 5049 754 5054 ——
783 5046 1229 5054 ——-———-.——-.-.

558 5175 579 5223 l.
603 5172 668 5219 l’our
678 5171 704 5221 la
714 5171 781 5229 «lato,
796 5185 851 5233 roy.
865 5185 890 5223 n,
905 5172 960 5229 312,
972 5177 1033 5219 notu
1049 5173 1067 5221 l.
