4409 6017
939 741 1096 809 Nannieno
1118 741 1220 808 eunde.

442 890 523 958 Dat.
539 892 639 959 Avin.
655 914 675 979 4
691 912 772 959 non.
787 891 866 958 maii
882 911 972 958 anno
989 911 1018 973 9.

430 1028 495 1090 aeg.
514 1032 560 1079 nv.
573 1030 613 1090 aa,
623 1030 642 1080 r.
657 1032 717 1080 rsav
727 1045 734 1089 ;
746 1031 807 1081 vat.
822 1032 863 1091 rs,
876 1030 895 1079 r.
911 1031 968 1090 soa,
981 1043 1007 1080 n.
1023 1030 1095 1078 aare.

446 1215 550 1280 1562.
568 1253 612 1264 -
628 1215 765 1283 Eisdem
780 1216 971 1303 indulgetur
985 1223 1023 1281 ut
1038 1214 1265 1282 confessorem
1276 1215 1396 1301 eligere
1408 1216 1556 1282 valeant.

443 1318 580 1385 Sincere
595 1320 818 1387 devotionis...

444 1420 526 1489 Dat.
542 1423 643 1489 Avin.
660 1446 679 1509 4
694 1444 775 1490 non.
791 1423 870 1489 maii
887 1444 977 1490 anno
994 1444 1023 1506 9.

432 1558 497 1619 Reg.
512 1560 558 1606 Av.
574 1563 614 1621 23,
628 1561 646 1610 f.
661 1561 709 1610 483
724 1576 730 1618 ;
749 1560 807 1609 Vnt.
823 1562 863 1621 79,
876 1561 895 1610 f.
910 1561 966 1620 362,
980 1575 1006 1610 n.
1021 1563 1092 1611 2267.

447 1735 590 1819 1563·
1494 1771 1512 1814 1
1536 1771 1557 1814 2
1642 1754 1720 1817 mai.

443 1852 585 1937 Symoni
597 1851 640 1917 de
652 1849 885 1917 Castrovillani
898 1850 1068 1917 confertur
1079 1849 1299 1917 canonicatus
1309 1850 1450 1918 ecclesie
1466 1769 1689 1919 Toini'cgnsis
1704 1858 1765 1920 sub

403 1955 642 2042 expectatione
654 1954 911 2039 prebende,n0n
922 1957 1079 2020 obstante
1089 1954 1180 2038 quod
1193 1954 1226 2019 in
1236 1952 1441 2040 Lingonensi
1451 1963 1486 2021 et
1498 1955 1675 2022 S.Servatii
1685 1957 1767 2023 Tra-

403 2059 572 2140 lectensis,
590 2056 786 2124 Leodiensis
801 2057 953 2139 diocesis,
969 2057 1120 2124 ecclesiis
1136 2058 1355 2124 canonicatus
1370 2066 1406 2124 et
1420 2060 1607 2143 prebendas
1621 2061 1764 2127 obtinet.

445 2162 511 2228 Tui
533 2162 732 2228 nobilitas...

446 2268 526 2333 Dat.
542 2266 642 2332 Avin.
660 2286 678 2351 3
695 2287 775 2333 non.
791 2265 870 2331 maii
887 2286 976 2332 anno
998 2287 1027 2347 9.

446 2372 488 2437 In
504 2393 533 2437 e.
549 2392 595 2437 m.
609 2369 723 2435 abbati
738 2370 933 2435 monasterii
950 2370 981 2435 S.
999 2369 1033 2436 N
1036 2369 1132 2436 icolai
1153 2369 1197 2436 de
1213 2368 1321 2436 Pratis
1337 2379 1431 2437 extra
1446 2392 1559 2437 muros
1575 2372 1767 2438 Tornacen-

403 2497 455 2543 ses
471 2483 506 2540 et
522 2472 722 2541 cancellario
737 2493 777 2539 ac
792 2473 953 2558 magistro
967 2471 987 2551 J
990 2472 1117 2538 ohanni
1132 2472 1175 2539 de
1191 2471 1426 2556 Calvomonte,
1442 2476 1609 2542 canonico
1625 2476 1766 2542 ecclesie

403 2577 636 2665 Lingonensis.

438 2726 500 2787 Reg.
515 2727 564 2774 dv.
576 2726 616 2785 23,
630 2724 649 2774 f.
664 2726 707 2772 fif)v
720 2738 725 2781 ;
738 2722 799 2772 Vat.
812 2725 850 2782 78,
862 2723 881 2773 f.
896 2724 963 2782 lov,
972 2736 998 2771 n.
1011 2722 1081 2771 1164.

451 2906 757 2992 1564-1565.
1495 2922 1725 3004 pessmus.

449 3026 612 3107 Henric0,
627 3034 709 3091 nato
735 3023 901 3101 Johannis
925 3024 968 3089 de
992 3022 1159 3103 Flandria,
1175 3023 1309 3090 comitis
1334 3022 1584 3103 NamurcensiS,
1600 3022 1769 3089 confertur

403 3130 624 3199 canonicatus
639 3128 781 3195 ecclesie
797 3126 1078 3193 Cathalaunensis
1093 3129 1154 3193 sub
1170 3127 1409 3213 expectatione
1424 3126 1605 3211 prebende,
1618 3126 1770 3191 conside-

403 3234 536 3301 ratione
562 3231 683 3312 Caroli,
707 3231 803 3316 regie,
825 3241 860 3296 et
886 3230 1054 3312 Johanne,
1081 3231 1196 3317 regine
1222 3229 1374 3311 Francie,
1398 3249 1467 3296 non
1498 3233 1654 3295 obstante
1679 3230 1770 3313 quod

403 3340 533 3408 dudum
548 3335 800 3403 Cameracensis
812 3342 847 3399 et
862 3335 982 3401 eadem
993 3334 1047 3401 die
1064 3333 1240 3400 Remensis
1252 3333 1469 3400 ecclesiarum
1481 3335 1699 3401 canonicatus
1710 3338 1770 3400 sub

403 3440 644 3529 expectatione
659 3438 905 3526 prebendarum
920 3438 982 3525 ipsi
999 3438 1114 3504 collati
1137 3446 1225 3504 sunt.

452 3547 544 3612 Dum
559 3543 813 3610 conditiones...

453 3652 532 3717 Dat.
547 3649 647 3715 Avin.
666 3668 683 3733 3
699 3668 781 3712 non.
797 3646 878 3713 maii
894 3667 984 3712 anno
1001 3666 1030 3728 9.

454 3755 494 3820 In
522 3775 551 3820 e.
576 3772 621 3820 m.
646 3751 678 3817 S.
706 3751 796 3816 Petri
822 3750 866 3816 ad
890 3757 1023 3816 montes
1048 3748 1328 3816 cathalaunensis
1344 3758 1379 3815 et
1395 3748 1557 3817 Omnium
1573 3752 1773 3819 Sanctorum

405 3856 688 3926 cathalaunensis
703 3853 984 3920 monasteriorum
999 3854 1177 3920 abbatibus
1191 3874 1231 3921 ac
1247 3854 1407 3939 magistro
1421 3853 1441 3931 J
1445 3854 1570 3921 ohanni
1590 3856 1632 3922 de
1650 3857 1774 3941 Rocca,

407 3962 577 4032 canonico
595 3959 836 4046 Neapolitano,
848 3959 1023 4043 capellano
1039 3979 1137 4043 pape.

444 4111 507 4168 neg.
525 4111 569 4157 nv.
582 4110 622 4165 22,
635 4108 652 4154 r.
666 4107 725 4153 rssv
738 4124 745 4165 ;
758 4105 817 4153 rat.
832 4106 869 4163 rs,
882 4104 900 4151 r.
913 4105 979 4162 rosv,
992 4118 1018 4151 n.
1032 4106 1102 4152 urs.

456 4288 558 4351 1565.
574 4324 617 4334 -
634 4285 755 4350 Eidem
771 4282 923 4350 Henrico
946 4284 1116 4349 confertur
1132 4282 1350 4349 canonicatus
1366 4283 1507 4349 ecclesie
1525 4284 1700 4353 Remensis
1715 4291 1776 4354 sub

409 4389 648 4474 expectatione
664 4388 844 4475 prebende,
856 4409 923 4455 non
935 4391 1094 4453 obstante
1107 4387 1197 4472 quod
1209 4386 1335 4453 dudum
1346 4386 1597 4454 Cameracensis
1609 4397 1644 4455 et
1657 4391 1776 4457 eadem

408 4492 466 4558 die
483 4489 758 4560 Cathalaunensis
774 4492 991 4558 ecclesiarum
1017 4491 1237 4557 canonicatus
1261 4494 1321 4556 sub
1337 4492 1575 4578 expectatione
1590 4495 1777 4578 prebenda-

412 4617 489 4662 rum
505 4595 567 4681 ipsi
584 4595 698 4662 collati
715 4603 803 4661 sunt.

459 4700 551 4763 Dum
567 4700 820 4766 conditiones...

460 4803 539 4868 Dat.
555 4804 655 4869 Avin.
674 4792 695 4888 3*
708 4825 787 4869 non.
804 4803 882 4869 maii
899 4824 990 4869 anno
1008 4824 1036 4885 9.

461 4907 501 4972 ln
518 4929 547 4973 e.
563 4929 607 4973 rn.
624 4908 655 4973 S.
674 4908 817 4993 Remigii
831 4916 865 4972 et
881 4907 912 4972 S.
930 4907 963 4974 N
967 4909 1056 4974 icasii
1075 4909 1294 4974 Remensium
1310 4907 1589 4974 monasteriorum
1604 4912 1778 4979 abbatibus

413 5033 456 5078 ac
473 5010 633 5095 magistro
647 5010 796 5088 Johanni
823 5011 865 5077 de
891 5011 1016 5092 Rocca,
1033 5012 1198 5077 canonico
1222 5011 1463 5099 Neapolitano,
1479 5014 1655 5098 capellano
1680 5037 1779 5103 pape.

451 5156 514 5216 neg.
529 5157 578 5206 nv.
592 5158 631 5215 22,
644 5156 662 5207 r.
675 5157 739 5212 ism
757 5155 817 5205 var,
828 5158 866 5217 rs,
879 5157 897 5206 r.
910 5158 964 5216 ror,
977 5170 1002 5205 n.
1016 5158 1086 5207 1175.
