4409 6017
927 748 1053 817 Sixitme
1074 746 1176 813 anni.
1680 743 1735 811 391

422 906 461 972 In
478 927 507 971 e.
524 927 568 971 m.
585 905 617 971 S.
632 902 773 970 Auberti
790 909 825 968 et
841 901 873 967 S.
890 899 1038 987 Sepulcri
1061 896 1354 964 Cameracensium
1377 894 1656 960 monasteriorum
1681 896 1737 958 ab·

369 1012 509 1078 batibus
523 1031 563 1077 ac
580 1007 758 1095 Raynaldo
772 1006 815 1072 de
831 1005 906 1071 filiis
929 1003 1018 1085 Ursi,
1033 1001 1240 1069 thesaurario
1255 1000 1396 1068 ecclesie
1411 998 1586 1065 Toletane.

406 1152 470 1212 aeg.
482 1152 530 1198 nv.
544 1150 581 1209 re,
593 1148 612 1197 r.
626 1148 673 1195 raa
684 1162 690 1206 ;
703 1145 762 1195 vxi.
774 1146 813 1204 aa,
825 1144 844 1193 r.
858 1144 912 1203 132,
926 1156 952 1191 n.
965 1143 1020 1190 aaa.

421 1327 560 1411 1018.
1386 1357 1481 1420 1322,
1497 1355 1541 1418 25
1549 1335 1695 1418 jonvier.

419 1447 539 1533 Egidio
550 1447 643 1513 dicto
658 1445 766 1513 Barbe
784 1446 953 1513 confertur
968 1443 1188 1511 canonicatus
1204 1442 1345 1510 ecclesie
1362 1442 1393 1507 S.
1409 1441 1523 1507 Amati
1540 1440 1739 1523 DuacensiS,

369 1552 607 1618 Atrebatensis
629 1550 782 1632 diocesia,
805 1552 866 1615 suh
898 1547 1135 1635 expectatione
1164 1545 1345 1634 prebende,
1368 1566 1437 1611 non
1471 1547 1627 1611 obstante
1650 1543 1738 1629 quod

370 1656 622 1742 parrochialem
638 1655 816 1721 ecclesiam
830 1653 873 1719 de
890 1651 1088 1739 Blandaing,
1104 1650 1327 1717 Tornacensis
1342 1649 1493 1731 diocesis
1510 1650 1652 1716 obtinet.

420 1760 604 1826 Probitatis
619 1769 717 1826 tue„

419 1865 499 1930 Dat.
515 1863 615 1929 Avin.
633 1865 651 1928 8
668 1861 734 1928 kal.
751 1859 904 1926 februarii
921 1878 1013 1926 anno
1031 1862 1059 1925 6.

419 1966 515 2033 Ine.
541 1988 585 2032 m.
610 1964 834 2031 Tornacensis
861 1971 896 2029 et
921 1963 952 2028 8.
981 1962 1071 2027 Petri
1097 1962 1293 2043 Duacensis,
1320 1961 1551 2027 Atrebatensis
1587 1960 1738 2042 diocesis,

368 2072 511 2137 decanis
527 2092 567 2138 ac
583 2070 743 2156 magistro
759 2068 883 2134 Busolo
898 2068 941 2134 de
958 2066 1090 2148 Parma,
1106 2067 1282 2153 capellano
1296 2086 1394 2153 pape,
1410 2065 1573 2132 canonico
1589 2064 1738 2150 ejusdem

368 2176 597 2241 Tornacensis
613 2173 839 2241 ecclesiarum.

406 2316 468 2376 Reg.
481 2317 529 2366 Av.
545 2317 583 2375 17,
594 2316 612 2364 1.
627 2316 694 2373 351*,
707 2329 734 2364 n,
750 2315 813 2362 1188
824 2329 830 2372 ;
842 2313 904 2363 vat.
919 2313 958 2372 73,
973 2313 991 2361 f.
1004 2312 1059 2371 508,
1072 2325 1097 2359 n.
1111 2311 1181 2359 1499.

419 2497 560 2582 1019.
1375 2534 1472 2597 1322,
1489 2536 1532 2601 29
1548 2513 1694 2596 yenvrer.

416 2616 529 2698 Petro,
557 2626 639 2683 nato
664 2616 796 2684 Mathei
827 2618 870 2684 de
902 2617 1136 2698 Vandenaute,
1162 2618 1332 2684 confertur
1355 2619 1571 2686 canonicatus
1597 2618 1738 2685 ecclesie

367 2718 598 2787 Tornacensis
624 2724 684 2787 sub
708 2723 945 2808 expectatione
967 2722 1149 2809 prebende,
1172 2742 1242 2788 non
1266 2725 1424 2789 obstante
1447 2722 1538 2808 quod
1561 2725 1737 2790 canonica-

366 2834 447 2889 tum
468 2834 504 2890 et
526 2826 730 2901 prebendam
754 2827 788 2892 in
811 2826 953 2893 ecclesia
970 2826 1002 2893 8.
1018 2826 1108 2892 Petri
1132 2826 1166 2891 in
1182 2827 1315 2913 parviso
1330 2827 1577 2894 Suessionensis
1592 2829 1737 2896 obtinet.

415 2928 489 2995 Tue
501 2930 720 2998 laudabilia...

416 3033 495 3101 Dat.
511 3034 612 3100 Avin.
629 3058 648 3120 4
664 3033 731 3100 kal.
748 3033 902 3101 februarii
918 3055 1009 3101 anno
1026 3040 1055 3101 6.

412 3137 454 3203 In
471 3161 498 3203 e.
510 3160 555 3205 m.
570 3139 807 3205 Ambianensis
822 3146 858 3205 et
873 3139 904 3206 S.
916 3139 1078 3224 Stephani
1094 3138 1271 3206 Trecensis
1287 3139 1422 3207 decanis
1438 3162 1479 3207 ac
1492 3142 1620 3207 cantori
1636 3144 1735 3209 Atre·

367 3243 519 3309 batensis
534 3243 758 3310 ecclesiarum.

402 3378 464 3437 Reg.
478 3379 525 3425 Av.
540 3378 608 3438 16,1.
623 3380 683 3426 270*
696 3395 702 3436 ;
715 3379 775 3429 vat.
790 3382 831 3439 73,
845 3381 863 3429 f.
877 3382 943 3441 146¹,
955 3396 980 3429 n.
994 3383 1050 3432 382.

414 3557 561 3639 1020.
1382 3602 1479 3663 1322,
1495 3602 1537 3666 29
1547 3581 1691 3663 y'czrrvier.

413 3676 598 3742 Godefrido
614 3676 656 3742 (12
681 3677 841 3744 Willersis
867 3680 1037 3746 confertur
1059 3681 1277 3748 canonicatus
1304 3685 1445 3750 ecclesie
1462 3683 1659 3752 Leodiensis
1675 3692 1734 3754 sub

367 3781 606 3868 expectatione
621 3782 802 3866 prebende,
819 3804 887 3848 non
904 3786 1060 3849 obstante
1087 3784 1178 3870 quod
1202 3786 1235 3851 in
1251 3787 1283 3853 S.
1299 3786 1390 3853 Petri
1405 3789 1448 3854 de
1464 3797 1574 3856 castro
1591 3789 1734 3857 Namur·

368 3885 460 3950 censi
488 3893 522 3949 et
549 3885 582 3949 in
608 3886 639 3951 8.
656 3884 829 3951 Gertrudis
856 3886 1060 3953 Nivellensis
1086 3890 1235 3955 ecclesiis
1250 3892 1468 3973 canonicatus
1491 3902 1526 3959 et
1548 3896 1735 3979 prebendas

369 4009 408 4054 ac
424 3989 666 4073 parrochialem
682 3989 860 4055 ecclesiam
876 3991 918 4057 de
943 3991 1066 4058 Giveto
1090 3993 1222 4058 obtinet
1244 4003 1278 4059 et
1302 3996 1336 4060 in
1359 3997 1498 4063 ecclesia
1514 3998 1546 4062 S.
1563 3997 1733 4066 Laurentii

369 4092 410 4157 de
429 4093 567 4173 Roset0,
584 4092 780 4160 Leodiensis
795 4103 830 4160 et
846 4097 1078 4162 Laudunensis
1104 4099 1288 4180 diocesum,
1313 4104 1374 4166 sub
1399 4103 1635 4188 expectatione
1659 4128 1732 4192 pre-

370 4198 480 4263 bende
496 4198 530 4261 in
546 4198 747 4264 canonicum
764 4209 918 4287 receptus
933 4209 995 4266 est.

414 4301 487 4366 Tue
504 4301 721 4367 laudabilia...

415 4407 493 4471 Dat.
510 4406 611 4473 Avin.
628 4430 647 4492 4
664 4407 729 4474 kal.
746 4409 900 4475 februarii
916 4431 1005 4476 anno
1023 4415 1051 4476 6.

414 4510 452 4575 ln
469 4532 499 4576 e.
515 4531 561 4576 m.
577 4511 808 4579 Laudunensis
824 4522 859 4578 et
875 4514 906 4578 S.
923 4514 1145 4600 Simphoriani
1172 4515 1346 4584 Remensis
1366 4540 1406 4585 ae
1422 4521 1453 4586 S.
1470 4522 1630 4608 Stephani
1651 4528 1731 4590 Tre-

374 4615 478 4680 censis
493 4616 710 4680 ecclesiarum
726 4617 871 4683 decanis.

405 4759 464 4821 [leg.
479 4762 527 4806 Au.
542 4762 577 4818 16,
590 4759 608 4806 f.
622 4762 665 4806 271
683 4761 761 4810 ;Var.
777 4764 815 4819 73,
827 4763 845 4810 f.
863 4764 915 4821 117,
930 4778 954 4810 n.
967 4765 1022 4811 383.

418 4926 553 5008 1021.
1379 4974 1474 5036 1322,
1490 4975 1532 5039 29
1542 4956 1686 5036 janvier.

414 5043 572 5126 Johanni,
589 5054 670 5111 nato
686 5045 854 5113 Guillelmi
882 5050 924 5115 de
949 5050 1086 5133 Harzes,
1112 5054 1281 5119 confertur
1302 5057 1518 5122 canonicatus
1542 5060 1683 5129 ecclesie
1699 5060 1730 5131 S.

375 5143 513 5218 Dionisii
531 5149 726 5219 Leodiensis
742 5155 802 5217 sub
818 5156 1054 5243 expectatione
1070 5159 1250 5243 prebende.
