4409 6017
1067 708 1174 795 Petrus

438 881 552 963 Petrus,
591 894 741 962 epsscopr'rs
779 895 994 961 Cathalaunen„
1034 900 1094 960 140,

440 1058 551 1124 Petrus,
576 1058 727 1124 episcopus
750 1056 952 1123 cenomanen„
976 1063 1037 1117 488,

440 1141 551 1205 Petrus,
566 1140 717 1205 episcopus
731 1139 876 1202 Narnien„
889 1144 951 1203 488,
968 1143 1047 1196 1243.

440 1222 551 1286 Petrus,
572 1220 722 1287 episcopus
743 1220 906 1285 Nivernen.,
927 1230 1013 1274 antea
1033 1236 1092 1286 pref

474 1302 586 1366 positus
604 1303 642 1355 de
662 1301 790 1356 Cassello
810 1311 838 1356 et
857 1317 920 1357 can.
938 1301 1018 1366 preb.
1038 1301 1095 1353 An·

473 1383 624 1447 degaven„
643 1388 705 1442 800.
1002 1401 1010 1420 ⁹

439 1464 550 1529 Petrus,
570 1463 720 1528 episeopus
739 1462 904 1526 Penestn'n„
925 1468 1004 1521 1134.

437 1546 549 1610 Petrus,
564 1544 714 1609 episcopus
728 1545 882 1609 spoletan„
897 1543 1004 1606 -ejus
1017 1543 1090 1605 cler„

474 1626 597 1681 Savinus
622 1625 763 1689 Aycellini
789 1625 826 1679 de
855 1624 1030 1680 Marbechia.

437 1707 548 1771 Petrus,
571 1706 720 1772 episcopus
742 1705 910 1768 Tbnlonen„
931 1723 958 1763 v.
981 1705 1091 1759 Guillel·

472 1788 520 1853 mi,
536 1788 646 1844 Petrus.

436 1869 547 1934 Petrus,
571 1868 722 1933 episcopus
743 1868 894 1930 Vivarien„
918 1885 943 1925 ν,
968 1867 1091 1921 Mortuo

470 1948 552 2015 mari,
571 1950 674 2004 Petrus
690 1950 737 2003 de.

435 2032 546 2097 Petrus,
567 2030 658 2085 abbas
681 2030 714 2087 B.
737 2029 829 2083 Marie
849 2030 887 2083 de
908 2028 1028 2083 Bolonia
1048 2045 1090 2081 su·

470 2128 524 2176 pra
538 2125 625 2174 mare,
644 2117 706 2168 631.

433 2194 545 2258 Petrus,
565 2195 762 2248 loeumenens
781 2190 915 2246 auditoris
933 2190 1086 2245 contradic-

432 2437 535 2489 Petrus
555 2435 649 2492 Alexii
665 2436 705 2489 de
726 2434 813 2498 Urbe,
834 2452 860 2488 v.
880 2434 981 2495 Alexii,

432 2518 535 2570 Petrus
554 2516 683 2572 Amaldi.

432 2598 534 2650 Petrus
555 2597 695 2661 Arquerii.

431 2679 534 2731 Petrus
555 2678 689 2732 Baclrers.

431 2760 534 2812 Petrus
555 2758 696 2813 Balcardi.

430 2841 535 2893 Petrus
555 2838 640 2893 Baldi
652 2840 690 2893 de
703 2840 851 2903 Zagarolo,
865 2856 892 2891 v.
908 2836 998 2892 Baldi.

431 2922 533 2974 Petrus
554 2920 685 2974 Barrerii.

431 3002 533 3055 Petrus
554 3001 674 3056 Barrier.

430 3082 533 3136 Petrus
553 3082 680 3137 Berardi.

430 3164 533 3217 Petrus
553 3162 712 3217 Bertrandi.

429 3245 532 3297 Petrus
552 3244 711 3299 Boitszone‚

429 3326 531 3378 Petrus
552 3326 751 3379 Bonaventure
773 3324 810 3376 de
833 3322 922 3386 Urbe,
944 3340 970 3375 v.
994 3322 1084 3375 Bona·

465 3416 593 3459 venture.

430 3488 531 3540 Petrus
551 3486 669 3541 Bruerii.

429 3570 531 3622 Petrus
550 3567 712 3622 Daurocha.

429 3650 531 3702 Petrus
550 3647 588 3702 de
607 3647 785 3711 Albigniaco.

428 3731 530 3783 Petrus
550 3729 587 3783 de
606 3730 760 3793 Argeneto.

428 3812 529 3865 Petrus
550 3810 587 3863 de
607 3810 794 3865 Bellomonte.

427 3892 530 3945 Petrus
548 3892 586 3945 de
607 3892 725 3945 Bocout.

428 3974 529 4026 Petrus
549 3973 585 4025 de
606 3971 743 4025 Bononia.

427 4054 528 4107 Petrus
549 4054 585 4106 de
606 4052 779 4115 Boyranicis.

427 4135 528 4187 Petrus
548 4134 584 4186 de
605 4133 760 4186 Cabasaco.

426 4217 528 4268 Petrus
548 4215 584 4267 de
604 4213 751 4267 Cabilone.

426 4297 527 4349 Petrus
548 4295 585 4348 de
605 4294 803 4349 Calidobecco.

426 4378 528 4430 Petrus
547 4376 584 4429 de
604 4376 734 4428 Camera.

426 4459 527 4511 Petrus
547 4457 585 4510 de
605 4455 699 4520 Carris,

425 4541 526 4592 Petrus
547 4538 583 4592 de
604 4536 756 4591 Cardinali.

424 4621 526 4673 Petrus
546 4619 583 4673 de
603 4618 737 4672 Castello.

425 4703 526 4755 Petrus
546 4700 583 4753 de
603 4700 741 4753 Causac0.

424 4784 525 4836 Petrus
545 4782 582 4834 de
602 4779 796 4834 Chambliaoe.

423 4866 525 4917 Petrus
545 4863 582 4915 de
602 4862 792 4916 claromonte.

424 4947 525 4998 Petrus
544 4942 583 4995 de
603 4943 756 4997 Colemers.

423 5028 525 5080 Petrus
545 5024 582 5077 de
602 5023 792 5077 Collemedi0.'

423 5109 524 5163 Petrus
545 5106 582 5159 de
602 5104 770 5168 columpna.

421 5192 524 5256 Petrus
545 5189 581 5242 de
601 5186 720 5240 Comite.

1153 894 1254 947 Petrus
1274 896 1310 949 de
1331 897 1469 952 Condeto.
1566 916 1568 921 ⁴

1153 975 1253 1029 Petrus
1274 978 1312 1030 du
1332 979 1451 1043 Coquet.

1153 1057 1252 1109 Petrus
1273 1058 1309 1112 de
1330 1060 1463 1115 Cussaco.

1152 1137 1252 1191 Petrus
1272 1139 1309 1193 de
1329 1141 1421 1205 Equo.

1152 1218 1252 1273 Petrus
1272 1221 1309 1275 de
1328 1223 1471 1287 Eugubio.

1151 1299 1252 1355 Petrus
1272 1303 1309 1356 de
1329 1304 1352 1356 F
1354 1307 1455 1369 ayello.

1151 1381 1251 1435 Petrus
1271 1384 1308 1437 de
1329 1385 1445 1440 Fractis.

1150 1462 1250 1517 Petrus
1270 1465 1307 1518 de
1328 1466 1351 1518 F
1352 1467 1484 1522 risinono.

1150 1543 1250 1597 Petrus
1270 1546 1307 1598 de
1328 1547 1475 1612 Garlenys.

1149 1623 1249 1678 Petrus
1269 1626 1306 1680 de
1326 1627 1437 1682 Gisnes.

1149 1704 1248 1759 Petrus
1269 1707 1305 1760 de
1327 1708 1453 1764 Herella.

1148 1786 1248 1840 Petrus
1268 1788 1304 1841 de
1326 1789 1503 1846 Houtkerke.

1148 1867 1247 1920 Petrus
1268 1869 1304 1922 de
1325 1870 1478 1933 Hyricone.

1147 1948 1247 2002 Petrus
1267 1951 1303 2003 de
1323 1951 1458 2015 Jayliaco.

1147 2029 1246 2083 Petrus
1267 2031 1303 2084 de
1324 2032 1476 2089 Maricolis.

1146 2110 1246 2163 Petrus
1266 2112 1302 2165 de
1323 2113 1435 2168 Meldis.

1145 2190 1245 2245 Petrus
1266 2193 1302 2246 de
1323 2194 1503 2250 Molendinis.

1145 2271 1245 2325 Petrus
1265 2274 1302 2327 de
1322 2274 1548 2340 Montespertuli.

1145 2352 1245 2406 Petrus
1265 2356 1302 2408 de
1322 2356 1517 2413 Mortuornari.

1145 2433 1245 2487 Petrus
1265 2436 1301 2488 de
1322 2437 1410 2491 Mote.

1144 2514 1244 2569 Petrus
1264 2516 1300 2569 de
1321 2517 1477 2581 Nogareto.

1143 2595 1243 2649 Petrus
1263 2598 1299 2650 de
1320 2599 1436 2654 Palude.

1142 2675 1243 2730 Petrus
1262 2678 1299 2731 de
1320 2681 1485 2744 Papariscis.

1141 2757 1241 2811 Petrus
1262 2760 1299 2812 de
1319 2761 1449 2825 Piperno.

1141 2838 1241 2892 Petrus
1262 2840 1299 2894 de
1319 2843 1503 2901 Ponteloveti.

1141 2919 1241 2973 Petrus
1262 2921 1299 2976 de
1318 2923 1418 2978 Pratis.

1141 3000 1242 3054 Petrus
1262 3002 1299 3055 de
1319 3004 1499 3064 Pratofontis.

1141 3080 1240 3134 Petrus
1260 3083 1297 3137 de
1317 3086 1441 3149 Puchey.

1140 3161 1239 3215 Petrus
1260 3164 1296 3217 de
1317 3166 1416 3220 Reate.

1139 3242 1239 3296 Petrus
1259 3245 1296 3297 de
1316 3245 1469 3302 Sabaudia.

1137 3323 1239 3378 Petrus
1257 3326 1296 3379 de
1316 3328 1462 3383 Salvitate.

1138 3403 1238 3458 Petrus
1258 3407 1295 3459 de
1315 3408 1422 3462 Sancto
1442 3412 1627 3476 Leodegario.

1138 3484 1238 3538 Petrus
1258 3487 1295 3540 de
1315 3489 1483 3545 Savinhaco.

1138 3565 1238 3619 Petrus
1258 3569 1295 3621 de
1315 3570 1456 3635 Segneyo.

1138 3646 1237 3700 Petrus
1258 3649 1294 3701 de
1315 3650 1401 3705 Setia.

1135 3727 1237 3783 Petrus
1256 3730 1294 3785 de
1313 3732 1443 3789 Tosalhis
1462 3737 1642 3805 (Thofalhis).

1136 3808 1236 3862 Petrus
1256 3811 1293 3865 de
1314 3813 1410 3868 Ulmo.

1136 3889 1235 3943 Petrus
1256 3892 1292 3945 de
1311 3893 1509 3951 Vandenaute.

1136 3971 1235 4024 Petrus
1256 3973 1291 4026 de
1311 3975 1437 4030 Venac0.

1136 4051 1235 4105 Petrus
1255 4054 1291 4106 de
1311 4056 1444 4112 Verdala.

1135 4133 1234 4186 Petrus
1256 4137 1291 4188 de
1311 4136 1367 4191 Via
1384 4140 1421 4191 de
1443 4141 1465 4191 F
1468 4144 1606 4201 rosinone,
1627 4163 1652 4203 v,
1673 4146 1734 4208 Via,

1135 4213 1234 4266 Petrus
1255 4216 1292 4269 de
1311 4217 1453 4281 Vigonno.

1135 4294 1234 4346 Petrus
1255 4296 1291 4349 de
1311 4298 1375 4352 Yre.

1135 4375 1233 4428 Petrus
1264 4378 1390 4434 Deodati
1423 4383 1542 4437 Infantis
1573 4387 1609 4439 de
1642 4388 1729 4452 Urbe,
1759 4410 1785 4444 ν.

1171 4457 1299 4511 Infantis.

1134 4537 1233 4590 Petrus
1254 4540 1332 4593 Dint.

1134 4618 1233 4671 Petrus
1253 4621 1392 4676 Durandi.

1133 4699 1232 4752 Petrus
1253 4702 1347 4755 Fabri.

1133 4779 1232 4833 Petrus
1253 4783 1340 4836 Ferri.

1133 4861 1232 4914 Petrus
1254 4864 1341 4916 Ferro
1361 4866 1397 4917 de
1418 4867 1547 4929 piperno,
1569 4888 1594 4923 v.
1616 4872 1709 4933 Ferro,

1132 4942 1231 4995 Petrus
1253 4944 1412 4998 Goedanen
1433 4948 1468 4999 de
1494 4950 1603 5014 Brugis‚
1626 4971 1651 5005 v.
1676 4954 1784 5007 Goeda·

1166 5040 1231 5077 nen.

1133 5104 1233 5157 Petrus
1255 5106 1427 5171 Grasparini.

1133 5186 1232 5239 Petrus
1253 5187 1376 5243 Gratiosi
1397 5192 1432 5245 de
1452 5194 1679 5255 Vallemontone.
