4409 6017
979 670 1160 737 Fonnulaire
1208 722 1210 726 ,
1575 706 1579 714 ·
1711 670 1757 736 LV

413 838 479 885 tuam
502 821 580 879 idem
605 821 714 876 electus
728 820 913 891 ‘ritetulerit
939 821 968 874 in
994 819 1118 873 rebelles
1138 830 1229 873 ratam
1246 819 1414 874 habebimus
1434 829 1461 872 et
1478 819 1623 885 faciemus,
1642 828 1757 872 auctore

416 905 524 970 Domino,
547 923 640 969 usque
663 905 700 958 ad
724 903 948 958 satisfactionem
970 903 1144 964 condignam
1167 902 1366 962 inviolabiliter
1387 904 1538 959 observari.

445 987 536 1041 llaturu
552 999 584 1041 ut
601 1005 696 1053 supra.

450 1166 475 1219 ln
488 1165 604 1220 eundem
622 1168 739 1220 modum
758 1165 868 1220 dilectis
886 1165 951 1220 filiis
968 1166 1074 1231 populo
1108 1165 1226 1218 civitatis
1258 1176 1285 1218 et
1316 1166 1436 1220 diocesis
1467 1167 1656 1221 Tornacensis
1686 1166 1758 1219 salu-

427 1259 472 1304 tem.

452 1330 558 1395 Suscepti
577 1346 645 1383 cura
664 1340 717 1383 etc.
737 1346 827 1393 usque
845 1330 978 1393 suscipiet
997 1330 1180 1384 incrementa.

452 1410 567 1478 Quocirca
590 1412 805 1466 universitatem
828 1421 950 1465 vestram
974 1427 1117 1475 rogamus,
1149 1426 1298 1463 monemus
1330 1420 1358 1463 et
1390 1411 1535 1464 hortamur
1566 1421 1673 1465 attente
1705 1429 1756 1476 per

430 1486 548 1556 apostolica
575 1492 657 1546 vobis
686 1493 790 1557 scripta
819 1494 988 1546 mandantes
1016 1502 1160 1556 quatenus
1187 1491 1312 1545 eundem
1337 1495 1459 1547 electum
1485 1502 1621 1557 tanquam
1646 1504 1757 1557 patrem

431 1582 581 1638 etpastorem
599 1573 760 1629 animarum
777 1584 935 1628 vestrarum
952 1576 1054 1628 devote
1077 1574 1262 1639 suscipientes
1287 1586 1314 1627 et
1336 1575 1433 1628 debita
1456 1575 1673 1629 honorificentia
1695 1590 1756 1637 pro

432 1667 546 1719 sequentes
561 1657 623 1720 ejus
638 1656 754 1710 monitis
769 1666 798 1711 et
812 1656 954 1709 mandatis
969 1656 1129 1710 salubribus
1150 1656 1310 1721 intendatis,
1331 1658 1369 1709 ita
1389 1657 1466 1720 quod
1484 1658 1544 1720 ipse
1563 1656 1593 1709 in
1611 1656 1692 1709 vobis
1710 1657 1756 1709 de-

382 1775 383 1779 =
433 1737 517 1792 minuis
539 1738 613 1792 filios
639 1749 666 1793 et
691 1756 741 1791 vos
766 1756 817 1803 per
841 1753 1018 1802 consequens
1043 1737 1072 1791 in
1093 1756 1127 1791 eo
1150 1749 1261 1803 patrem
1283 1738 1424 1791 invenisse
1447 1738 1610 1791 benivolum
1632 1737 1754 1801 gaudea-

431 1817 459 1873 tia

453 1898 536 1955 Datum
555 1912 586 1955 ut
607 1919 702 1969 supra.

454 2079 477 2133 ln
492 2082 608 2137 eundem
628 2083 748 2137 modum
769 2083 880 2137 dilectis
901 2082 967 2137 filiis
990 2082 1127 2136 universis
1154 2083 1283 2136 vassallis
1312 2083 1430 2137 ecclesie
1459 2083 1649 2136 Tornacensis
1684 2081 1755 2133 salu-

430 2168 473 2217 lem.

451 2243 556 2311 Sncepti
576 2263 647 2300 cura
666 2256 719 2301 etc.
742 2263 831 2311 usque
853 2246 1035 2320 incrementa.

451 2323 565 2387 Quocirca
587 2329 765 2383 universitati
785 2338 878 2382 vestre
900 2346 951 2393 per
972 2328 1130 2392 apostolica
1152 2328 1256 2392 scripta
1277 2328 1446 2381 mandamus
1468 2337 1608 2391 quatenus
1631 2327 1754 2382 ctuidem

430 2404 517 2462 electum
531 2408 629 2463 debita
645 2409 863 2463 honorificentia
879 2420 1095 2475 prosequentes,
1118 2409 1143 2461 ei
1163 2409 1332 2463 fidelitatem
1349 2410 1460 2463 solitam
1482 2426 1594 2463 necnon
1616 2420 1752 2463 consueta

429 2488 509 2543 servitia
524 2501 549 2544 et
565 2491 631 2555 jura
649 2490 703 2544 sibi
719 2508 737 2544 a
756 2491 836 2544 vobis
853 2491 950 2545 debita
968 2490 1106 2544 exhibere
1128 2492 1237 2554 integre
1260 2492 1412 2552 studeatis;
1435 2492 1561 2556 alioquin
1583 2494 1753 2546 sententiam

429 2566 468 2623 site
479 2588 580 2635 perrara,
598 2590 671 2637 quas
688 2572 766 2629 idern
783 2573 890 2627 electus
906 2573 958 2626 rite
976 2572 1144 2626 tuleritvseu
1160 2572 1287 2626 statuerit
1303 2573 1331 2627 in
1346 2573 1476 2636 rebelles,
1493 2583 1568 2627 ratas
1584 2573 1752 2626 habebimus

430 2650 586 2716 etbciemus,
606 2665 723 2707 auctore
742 2653 875 2719 Domino,
895 2671 984 2719 usque
1002 2654 1041 2707 ad
1059 2653 1285 2708 satisfactionem
1303 2654 1475 2719 condignam
1491 2654 1691 2709 inviolabiliter
1707 2654 1754 2708 ob-

428 2734 510 2790 m
553 2726 555 2731 .

448 2812 533 2871 Datum
551 2827 584 2872 ut
604 2833 700 2884 supra

450 2992 600 3051 lueuudem
611 2995 731 3050 modurn
742 2995 899 3050 venerabili
912 2996 1009 3051 fratri.
1021 3043 1026 3055 .
1038 2995 1254 3061 archiepiscopo
1276 2996 1413 3057 Remensi
1442 2997 1571 3053 salutem.

448 3074 482 3129 td
494 3078 635 3131 cumulum
652 3088 700 3131 tue
720 3077 794 3132 cedit
811 3078 909 3132 salutis
928 3088 955 3133 et
972 3079 1050 3133 farne
1070 3077 1093 3132 si
1115 3095 1250 3143 personas
1270 3068 1645 3143 ecclesiasticaspresertim
1664 3076 1752 3143 ponti.

426 3150 478 3211 fitali
500 3158 634 3223 dignitate
663 3159 796 3226 preditas,
825 3159 920 3213 divine
948 3158 1157 3223 propitiationis
1179 3160 1288 3225 intuitu,
1309 3159 1440 3225 oportuni
1460 3160 1575 3224 presidii
1594 3177 1628 3213 ac
1648 3160 1753 3215 favoris

382 3267 384 3300 ι
426 3236 490 3297 gratia
508 3241 694 3306 prosequaris.

382 3326 383 3334 ’
450 3318 528 3385 Nuper
542 3324 683 3389 siquidem
699 3324 889 3377 Tornacensis
907 3324 1026 3376 ecclesia
1043 3332 1096 3376 etc.
1115 3340 1205 3387 usque
1223 3329 1405 3378 incrementa.

450 3399 566 3463 Quocirca
584 3405 793 3460 fraternitatem
812 3416 891 3458 tuam
910 3422 1051 3470 rogamus,
1073 3421 1222 3458 monemus
1242 3416 1269 3459 et
1287 3406 1432 3459 hortamur
1452 3417 1558 3459 attente
1577 3425 1627 3471 per
1645 3417 1753 3470 aposto-

428 3476 464 3533 lica
479 3485 520 3540 tibi
536 3488 641 3552 scripta
663 3486 833 3540 mandantes
853 3497 993 3550 quatenus
1016 3485 1140 3539 eundem
1162 3487 1291 3549 electum,
1313 3499 1393 3540 tuum
1414 3487 1637 3551 stilfraganeum
1658 3502 1692 3539 ac
1712 3502 1754 3539 ec·

428 3563 512 3621 elesiarii
528 3569 580 3623 sibi
599 3570 781 3622 commissam
800 3568 918 3633 habens,
938 3585 989 3633 pro
1008 3578 1105 3621 nostra
1126 3578 1154 3621 et
1174 3568 1328 3633 apostolice
1349 3568 1431 3622 Sedis
1451 3570 1616 3634 reverentia,
1637 3584 1754 3631 propen-

427 3640 467 3696 sius
481 3651 683 3705 commendatos
700 3652 861 3715 vipsumque
883 3650 1004 3703 electum
1023 3650 1181 3713 suscipiens
1202 3651 1231 3704 in
1249 3651 1402 3704 visceribus
1422 3651 1553 3713 caritatis,
1574 3652 1602 3703 in
1620 3650 1753 3712 amplian-

427 3720 491 3780 disat
505 3732 701 3785 conservandis
721 3733 778 3786 suis
798 3743 824 3785 et
844 3731 973 3794 ejusdem
993 3732 1114 3785 ecclesie
1139 3732 1192 3785 sibi
1216 3735 1364 3785 commisse
1389 3733 1497 3793 juribus
1521 3732 1560 3784 sic
1584 3731 1623 3784 tui
1648 3730 1752 3783 favoris

427 3807 518 3863 ltesidio
538 3816 725 3880 prosequaris,
749 3815 825 3877 quod
849 3815 909 3876 ipse
932 3831 982 3876 per
1004 3822 1052 3865 tue
1074 3814 1210 3865 auxilium
1240 3815 1331 3876 gratie
1362 3832 1392 3866 se
1425 3815 1512 3877 possit
1543 3814 1570 3866 in
1602 3813 1752 3865 commisso

428 3884 524 3945 eiusdem
537 3895 725 3949 Tornacensis
742 3896 861 3949 ecclesie
878 3896 1015 3958 regimine
1030 3894 1127 3947 utilius
1159 3913 1298 3958 exercere,
1329 3907 1416 3957 tuque
1446 3895 1570 3949 divinam
1600 3893 1752 3947 misericor-

427 3963 483 4021 diam
498 3986 520 4027 et
537 3977 609 4030 dicte
632 3977 714 4030 Sedis
733 3977 954 4031 benivolentiam
974 3977 1070 4030 valeas
1093 3976 1195 4029 exinde
1217 3976 1331 4029 uberius
1354 3978 1515 4041 promereri.

453 4047 535 4109 Datum
556 4068 585 4111 ut
606 4075 700 4122 supra.

457 4224 480 4279 ln
497 4235 608 4289 eundem
630 4237 748 4289 modum
771 4235 916 4289 carissimo
939 4237 967 4289 in
990 4236 1104 4288 Christo
1124 4236 1184 4289 filio
1205 4237 1315 4301 Carolo,
1337 4236 1397 4299 regi
1418 4237 1535 4289 Francie
1556 4234 1663 4297 illustri,
1684 4234 1754 4287 salu-

428 4311 477 4361 fem.

457 4386 529 4447 Gratie
543 4397 636 4451 divine
653 4398 793 4462 premium
811 4408 838 4449 et
853 4398 1017 4460 preconium
1033 4398 1159 4449 humane
1175 4397 1266 4450 laudis
1282 4399 1442 4463 acquiritur,
1459 4400 1481 4450 si
1496 4398 1610 4462 prelatis
1626 4398 1754 4451 ecclesia-

429 4479 482 4537 ΝΠ),
495 4480 630 4537 presertim
649 4478 855 4532 cathedralium
875 4479 1004 4541 regimini
1022 4479 1241 4544 presidentibus,
1258 4480 1416 4542 condignus
1433 4480 1524 4532 honor
1541 4479 1711 4545 impenditur
1727 4490 1755 4533 et

430 4543 490 4602 laver
502 4562 667 4614 necessarius
687 4560 842 4614 exhibetur.

459 4628 533 4698 Nuper
553 4642 692 4706 siquidem
714 4642 889 4694 Tornacensi
914 4642 1033 4695 ecclesia
1057 4652 1111 4695 etc.
1134 4659 1223 4705 usque
1246 4641 1427 4695 incrementa.

459 4710 513 4800 §um
530 4722 627 4796 itaque,
650 4722 693 4777 fili
715 4723 866 4786 carissime,
889 4724 922 4776 sit
946 4724 1053 4778 virtutis
1074 4741 1146 4787 opus
1168 4723 1221 4776 Dei
1241 4723 1382 4777 ministros
1402 4725 1527 4786 benigno
1546 4724 1644 4777 favore
1662 4742 1755 4788 prose-

432 4804 469 4851 lll
486 4814 511 4851 ac
524 4821 566 4858 eos
581 4807 675 4860 verbis
691 4817 719 4858 et
734 4807 868 4872 operibus
886 4824 936 4869 pro
953 4808 1028 4868 regis
1045 4806 1135 4859 eterni
1158 4807 1248 4868 gloria
1270 4808 1406 4870 venerari,
1430 4807 1627 4861 excellentiam
1648 4807 1755 4869 regiam

433 4884 533 4936 ¹⁰l³1nus
549 4898 573 4939 et
591 4888 737 4940 hortamur
755 4896 863 4940 attente
879 4897 1018 4951 quatenus
1036 4886 1162 4940 eundem
1184 4887 1307 4940 electum
1327 4897 1354 4940 et
1375 4887 1515 4952 prefatam
1535 4889 1684 4942 ecclesiam
1705 4904 1755 4940 sue

434 4964 655 5021 curestttttntissam
670 4969 780 5021 habens
796 4986 847 5034 pro
862 4980 958 5022 nostra
974 4978 1000 5021 et
1017 4968 1174 5032 apostolice
1200 4969 1281 5021 Sedis
1307 4972 1464 5022 reverentia
1490 4971 1657 5033 propensius
1683 4985 1755 5020 corn-

435 5038 554 5111 ffltssdatos,
578 5048 653 5113 ipsos
678 5050 796 5112 benigni
820 5049 925 5103 favoris
949 5050 1053 5102 auxilio
1075 5050 1262 5115 prosequaris,
1293 5051 1331 5103 ita
1360 5050 1437 5113 quod
1467 5050 1543 5102 idem
1572 5050 1676 5102 electus
1705 5059 1753 5101 tue

440 5114 575 5182 celsitudinis
593 5131 679 5184 fultus
699 5131 810 5194 auxilia
831 5134 860 5186 in
880 5132 1030 5198 commisso
1050 5132 1075 5195 ei
1095 5148 1162 5184 cure
1182 5132 1331 5196 pastoralis
1350 5131 1448 5184 officio
1468 5133 1563 5196 possit,
1584 5132 1647 5183 Deo
1667 5130 1756 5195 propi-
