4409 6017
887 1039 1234 1139 rnorsnsne
1271 1042 1492 1138 annes.

579 1290 581 1294 ’
615 1310 753 1413 1318,
780 1313 813 1397 5
841 1313 1137 1412 septembre.
1174 1358 1221 1369 —
1252 1312 1389 1413 1319,
1416 1310 1449 1393 4
1472 1309 1768 1411 septembre.

555 1631 669 1717 633·
1470 1644 1567 1726 1318,
1585 1663 1629 1709 ro
1642 1644 1816 1731 septembre.

556 1751 703 1830 Johanni
726 1750 769 1815 de
786 1748 916 1830 lvodio,
941 1752 1082 1815 obtentu
1108 1749 1289 1830 Guillelmi,
1311 1749 1459 1835 episcopi
1482 1746 1683 1829 Penestrini,
1707 1746 1848 1814 eonfertu

513 1854 728 1943 parrochialis
755 1854 896 1920 ecclesia
930 1854 961 1918 S.
983 1852 1138 1919 Medardi
1165 1853 1207 1920 de
1231 1851 1338 1919 Marci
1365 1872 1470 1939 prope
1495 1849 1652 1933 Marlam,
1684 1869 1849 1927 cumcun,

515 1958 747 2026 Laudunensis
758 1957 910 2038 diocesis,
922 1977 1046 2023 vacans
1061 1978 1121 2043 per
1137 1957 1398 2041 resignationem
1414 1977 1435 2022 a
1449 1955 1552 2021 Petro
1566 1954 1611 2021 de
1622 1953 1808 2040 Boyranicis
1819 1974 1848 2018 er

514 2083 614 2129 causa
629 2062 885 2149 permutationis
900 2083 977 2127 cum
993 2061 1085 2128 dicto
1100 2061 1120 2139 J
1124 2062 1258 2127 ohanne
1274 2061 1316 2126 de
1333 2059 1452 2127 lvodio
1463 2059 1506 2126 de
1515 2057 1719 2145 panochiali
1733 2057 1849 2125 ecclesia

516 2168 547 2233 S.
566 2164 675 2232 Marie
691 2165 733 2231 de
752 2165 778 2229 1ἱ
779 2165 971 2249 ormigariis,
990 2165 1177 2232 Electeusis
1192 2164 1344 2246 diocesis,
1360 2164 1496 2245 factam,
1512 2183 1581 2230 non
1606 2165 1762 2229 obstante
1782 2159 1851 2247 quod

516 2271 624 2336 dictus
648 2269 822 2347 Johannes
844 2269 1079 2335 canonicatum
1107 2278 1141 2335 et
1165 2269 1371 2356 prebendam
1395 2268 1534 2335 ecclesie
1555 2267 1587 2333 S.
1610 2265 1774 2345 Johannis
1787 2263 1851 2331 lxo

517 2375 640 2440 diensis
656 2374 798 2440 obtinet.

562 2478 612 2543 Ex
629 2479 880 2545 laudabilibus„

563 2585 641 2649 Dat.
658 2583 758 2648 Avin.
776 2606 794 2667 4
812 2583 855 2649 id.
872 2583 1070 2669 septembris
1086 2603 1177 2648 anno
1195 2604 1224 2667 3.

564 2687 603 2752 lu
620 2709 648 2752 e.
665 2708 709 2753 m.
726 2687 856 2752 decano
872 2686 1104 2753 Laudunensis
1119 2697 1154 2753 et
1169 2686 1405 2753 archidiacono
1420 2686 1602 2769 Gaudensi,
1618 2682 1854 2756 Tomaoensisz

520 2814 559 2858 ac
575 2791 593 2869 J
598 2792 722 2856 obanni
738 2792 780 2856 de
795 2790 954 2874 Jargulio,
970 2792 1134 2857 canonico
1149 2791 1353 2857 Turonensis
1368 2791 1594 2857 ecclesiarum.
1638 2833 1642 2842 -

551 2930 612 2989 11111.
624 2932 671 2977 Ar.
686 2931 722 2987 11,
735 2929 752 2977 f.
765 2932 816 2981 2111,
829 2944 853 2977 n.
866 2932 913 2978 63:
928 2930 985 2977 l'at.
999 2931 1038 2980 aa,
1051 2930 1067 2977 1.
1080 2932 1118 2984 22,
1137 2943 1163 2982 n.
1178 2932 1216 2978 112.

562 3093 678 3178 634.
1439 3113 1552 3199 [1318,
1571 3134 1611 3178 11
1627 3110 1827 3201 septembre}

565 3213 724 3295 Heuric0,
750 3215 888 3280 domino
913 3216 1045 3297 Soliaci,
1070 3216 1248 3281 mandatur
1274 3218 1363 3301 quod
1393 3217 1500 3283 nuntii
1524 3217 1702 3304 apostolici
1724 3210 1857 3283 destinati

519 3338 580 3404 pro
596 3339 678 3403 pace
696 3318 722 3382 F
724 3319 848 3384 landrie
865 3321 953 3405 apud
970 3320 1216 3406 Compendium
1232 3322 1416 3403 tractanda,
1437 3321 1525 3387 mitti
1545 3342 1615 3389 non
1639 3330 1799 3408 possunt;
1817 3315 1858 3384 alii

520 3432 631 3489 auteur
647 3424 792 3489 breviter
808 3424 1056 3490 transmittendi
1072 3434 1160 3491 sunt.

566 3634 583 3673 ut
604 3609 737 3676 Dilecto
756 3610 823 3675 lilio
839 3609 941 3674 nobili
959 3611 1030 3675 viro
1048 3610 1208 3691 Henrico,
1225 3609 1362 3676 domino
1372 3610 1504 3691 Soliaci‚
1519 3610 1719 3678 buticulario
1730 3605 1858 3676 Francia.

522 3715 666 3780 Litteras
682 3725 765 3790 tuas,
783 3715 839 3794 lili,
851 3716 947 3781 nobis
962 3714 1095 3780 noviter
1111 3724 1320 3801 presentatas
1336 3716 1480 3800 benigne
1496 3713 1696 3801 recepimus,
1708 3723 1743 3780 et
1758 3733 1817 3799 que
1827 3710 1858 3775 de

521 3820 752 3905 acceptatione
768 3840 909 3905 persone
925 3841 984 3905 per
1001 3840 1062 3884 nos
1077 3820 1137 3884 tibi
1161 3820 1334 3885 nominate
1350 3827 1479 3885 secreto
1494 3840 1556 3905 pro
1571 3808 1711 3905 negotio
1727 3813 1858 3884 Flandne

521 3922 610 4008 apud
632 3922 877 4008 Compendium
899 3923 1097 3989 destinande
1123 3944 1161 3988 ac
1182 3923 1224 3989 de
1249 3923 1462 4008 adjungendo
1486 3922 1548 3989 sibi
1572 3924 1756 3990 venerabili
1780 3922 1858 3988 fratre

522 4035 637 4092 nostro
656 4026 825 4106 Durando,
836 4026 996 4112 episcopo
1012 4027 1194 4107 Auicieusi,
1207 4028 1303 4093 nobis
1320 4028 1405 4092 inter
1421 4035 1533 4093 cetera
1548 4026 1736 4113 significare
1749 4021 1858 4100 curasti,

523 4131 747 4195 intelleximus
762 4131 939 4215 diligenter
954 4155 960 4209 ;
978 4132 1021 4196 ad
1037 4132 1128 4216 quod
1145 4132 1227 4197 scire
1244 4141 1278 4197 te
1295 4133 1448 4197 volumus
1464 4131 1565 4217 quod,
1582 4152 1659 4198 cum
1676 4132 1718 4199 de
1740 4147 1857 4219 persona

523 4234 624 4320 ipsius
639 4234 699 4298 tibi
717 4235 889 4299 nominata
900 4236 1110 4319 petiissemus
1120 4256 1179 4320 per
1195 4246 1228 4300 te
1245 4236 1340 4301 nobis
1350 4256 1427 4302 cum
1443 4235 1534 4300 omni
1551 4235 1724 4303 celeritate
1738 4230 1855 4304 rescribi.

522 4360 563 4402 ex
579 4346 674 4402 tauta
690 4338 878 4423 scriptionis
895 4339 1060 4419 tarditate,
1077 4360 1188 4422 quam,
1206 4349 1242 4405 ut
1257 4338 1384 4419 asseris,
1401 4338 1550 4404 causavit
1565 4338 1653 4425 regis
1668 4340 1702 4405 in
1716 4345 1852 4406 remotun
1895 4363 1898 4378 ι

522 4441 682 4521 absentia,
700 4441 842 4525 quadam
859 4444 1050 4527 conjectura
1066 4443 1257 4528 putavimus
1273 4444 1363 4528 quod
1388 4450 1446 4508 aut
1466 4441 1539 4528 ipsa
1553 4463 1697 4530 persona
1711 4463 1775 4510 non
1788 4443 1852 4505 esset

522 4569 582 4633 pro
600 4548 670 4633 ipso
687 4548 823 4631 negotio
839 4548 986 4613 fortassis
1002 4556 1141 4633 accepta
1153 4557 1211 4612 aut
1223 4548 1313 4632 quod
1329 4547 1418 4613 idem
1434 4548 1608 4632 negotium
1621 4549 1850 4636 quoadpersone

522 4653 714 4717 missionem
732 4652 869 4734 alicujus
894 4653 1059 4736 neglectui
1087 4654 1274 4718 haberetur.
1292 4652 1410 4737 Sicque
1427 4651 1514 4717 inter
1528 4673 1650 4734 moras,
1666 4648 1847 4732 januensium

523 4764 719 4821 occurrente
735 4756 824 4835 pravi
842 4756 976 4820 dissidio
993 4778 1058 4840 quo
1075 4757 1245 4821 intrinseci
1263 4767 1297 4821 et
1313 4754 1489 4822 extrinseci
1502 4755 1594 4845 cives
1606 4751 1845 4843 periculosissime

522 4860 740 4942 sejunguntur
752 4880 790 4922 ac
805 4859 1055 4924 imminentibus
1071 4860 1290 4925 consideratis
1305 4868 1436 4926 attente
1452 4860 1609 4947 periculis
1623 4866 1739 4951 quibus
1752 4851 1840 4929 011381·
1895 4871 1898 4947 s

522 4984 596 5026 mus
612 4963 644 5026 in
662 4962 795 5026 Christo
813 4963 897 5026 tilius
909 4973 1022 5027 noster
1040 4964 1215 5043 liebertus,
1232 4985 1291 5028 rex
1308 4964 1417 5029 Sicilie
1429 4966 1574 5049 illustris
1587 4971 1837 5036 cumconsortssl

554 5163 578 5197 Ἰ.
591 5150 754 5198 (fardunensis
766 5166 815 5208 r'r‘js.
