4409 6017
489 525 545 589 188
740 613 742 617 ι
1025 522 1181 588 Deuxilme
1202 527 1304 591 annea

488 673 644 757 quodque
658 693 718 758 per
733 673 910 738 consilium
926 680 1077 738 nostrum
1093 694 1191 758 super
1206 674 1271 739 hiis
1285 675 1385 760 plene
1399 683 1482 740 tunc
1497 695 1566 740 non
1582 682 1717 760 poterat
1739 674 1845 759 provi-

488 774 569 856 deri,
585 797 662 841 cam
678 776 759 841 illud
774 777 864 842 dicte
879 784 992 862 partes
1015 797 1056 841 ex
1080 776 1186 841 forma
1206 778 1442 843 conventionis
1464 779 1547 844 inite
1571 778 1733 843 intereas
1756 777 1845 863 sequi

490 878 628 943 minime
643 887 847 959 tenerentur,
863 880 1050 965 hujusmodi
1067 880 1123 945 via
1138 902 1296 966 suspensa
1323 882 1463 962 consilii,
1488 903 1550 947 nos
1571 882 1614 947 ad
1638 880 1847 946 amicabilem

491 982 581 1047 viam
596 984 822 1049 convertimus
837 991 872 1048 et
887 992 1067 1049 tractatum
1079 1004 1139 1070 per
1154 1005 1255 1068 quem
1270 993 1382 1071 partes
1397 985 1484 1071 ipsas
1499 1006 1599 1071 super
1615 985 1744 1051 eisdem
1759 1006 1848 1051 secu-

490 1086 643 1152 ritatibus
665 1107 838 1173 possemus
859 1087 902 1152 ad
925 1086 1140 1153 concordiam
1166 1109 1332 1155 revocare.
1359 1088 1404 1154 Et
1429 1088 1551 1153 deinde
1577 1095 1656 1172 post
1674 1090 1801 1152 multos
1818 1095 1850 1152 et

490 1190 598 1255 varios
612 1198 773 1255 tractatus
788 1210 886 1276 super
901 1190 966 1255 boc
981 1191 1124 1273 habitos,
1141 1193 1410 1278 procuratoribus
1426 1192 1560 1258 comitis
1575 1198 1611 1256 et
1627 1191 1849 1256 communita·

490 1300 562 1357 tum
580 1294 805 1378 predictorum
821 1294 1041 1380 subscriptam
1057 1296 1272 1362 securitatem
1287 1297 1470 1362 obtulimus
1484 1316 1544 1381 per
1561 1315 1623 1360 nos
1638 1296 1740 1381 ipsos,
1754 1315 1851 1378 quam

491 1396 570 1461 licet
586 1398 646 1462 tibi
663 1399 807 1463 multum
822 1398 1010 1464 videremus
1026 1420 1202 1465 onerosam
1224 1410 1258 1466 et
1280 1421 1425 1486 gravem,
1449 1407 1586 1486 propter
1605 1407 1723 1464 tamen
1745 1398 1851 1463 inten-

491 1520 563 1564 sum
585 1500 786 1566 desiderium
812 1510 847 1566 et
872 1502 1032 1585 grandem
1053 1503 1212 1569 affectum
1237 1525 1338 1588 quem
1360 1504 1523 1569 habemus
1538 1511 1573 1568 et
1589 1511 1624 1568 te
1642 1502 1768 1567 habere
1783 1502 1851 1568 sine

489 1604 698 1670 dubitatione
714 1607 932 1691 supponimus
956 1606 999 1671 ad
1020 1609 1272 1673 ultramarinum
1293 1608 1493 1695 passagium,
1516 1606 1607 1691 quod
1622 1627 1664 1671 ex
1688 1605 1851 1672 discordia

489 1708 704 1773 securitatum
720 1709 908 1793 hujusmodi
926 1710 1127 1775 timebamus
1149 1712 1373 1776 verisimiliter
1396 1710 1568 1790 retardari,
1588 1717 1623 1774 et
1648 1709 1726 1794 quia
1749 1709 1851 1774 etiarn

489 1832 557 1876 non
572 1832 768 1877 revocamus
784 1812 817 1876 in
833 1813 970 1878 dubium
986 1814 1065 1897 quin
1082 1822 1199 1898 tuque
1216 1815 1303 1880 circa
1328 1816 1393 1881 hec
1416 1814 1632 1902 promitteres
1659 1812 1851 1878 intenderes

490 1916 653 1982 tenaciter
668 1920 854 1997 observare,
869 1918 1111 2003 recipiebamus
1126 1940 1301 2005 supernos
1318 1920 1407 2004 quod
1423 1927 1460 1983 tu
1475 1928 1608 1984 teneres
1631 1925 1667 1982 et
1691 1916 1849 1983 effectua-

491 2020 565 2085 liter
580 2020 778 2106 adimpleres
791 2044 799 2102 ;
817 2022 999 2087 obtulimus
1014 2023 1141 2087 etenim
1156 2024 1424 2108 procuratoribus
1440 2022 1573 2088 comitis
1600 2029 1635 2086 et
1664 2020 1851 2086 communi·

489 2134 599 2189 tatum
613 2125 838 2209 predictorum
854 2125 944 2209 quod
968 2134 1004 2190 tu
1032 2134 1192 2211 protect
1217 2127 1460 2192 successoribus
1483 2124 1672 2203 antedictis,
1690 2144 1751 2209 per
1763 2124 1849 2208 Jura-

493 2237 644 2292 mentum
669 2250 688 2293 a
715 2236 748 2292 tc
770 2250 811 2293 eo
834 2229 936 2294 modo
961 2230 1186 2315 prestandum,
1211 2252 1279 2315 qao
1312 2251 1406 2315 reges
1442 2228 1581 2294 Francie
1605 2235 1851 2293 consueverant

492 2340 638 2416 prestare
651 2332 849 2415 juramenta,
865 2333 1077 2416 promitteres
1093 2334 1335 2399 conventiones
1350 2336 1520 2418 complere
1536 2339 1571 2396 et
1584 2332 1765 2396 observare
1781 2347 1854 2413 pre-

494 2434 601 2500 dictas
626 2454 667 2500 ac
693 2455 751 2519 per
778 2442 813 2499 te
836 2438 890 2500 vel
915 2436 1018 2501 alium
1042 2458 1100 2503 seu
1127 2437 1210 2502 alios
1233 2445 1351 2502 contra
1374 2458 1430 2502 eas
1455 2437 1488 2499 in
1510 2435 1623 2520 aliquo
1645 2453 1715 2498 non
1739 2431 1854 2496 venire

494 2537 651 2622 quodque
677 2559 884 2604 successores
909 2540 1049 2624 predicti
1085 2549 1232 2626 prestare
1267 2542 1495 2625 juramentum
1529 2535 1721 2623 hujusmodi
1750 2534 1854 2600 modo

495 2642 592 2705 simili
609 2650 822 2721 tenerentur;
840 2650 874 2707 et
895 2643 1132 2710 nichilominus
1154 2653 1192 2709 tu
1214 2647 1340 2728 absque
1366 2644 1446 2709 dolo
1469 2650 1503 2707 et
1527 2640 1640 2706 fraude
1664 2652 1798 2705 curares
1819 2648 1853 2702 et

494 2745 619 2809 faceres
634 2748 722 2810 bona
738 2745 803 2809 fide
819 2746 909 2829 quod
926 2747 1033 2825 frater,
1050 2748 1169 2832 patrui,
1186 2768 1282 2832 pares
1298 2755 1332 2811 et
1353 2744 1490 2811 officiati
1514 2743 1666 2831 predicti,
1689 2750 1854 2827 quantum

495 2849 527 2912 in
544 2849 591 2912 eis
607 2857 694 2913 esset
709 2859 744 2912 et
760 2850 942 2933 pertineret
957 2851 999 2915 ad
1016 2852 1116 2936 ipsos,
1133 2851 1221 2915 idern
1238 2849 1475 2934 promitterent
1487 2845 1726 2913 inviolabiliter
1743 2847 1856 2910 obser-

495 2971 582 3015 vare.
606 2950 746 3033 Quodsi
764 2951 848 3015 forte
872 2961 910 3017 tu
935 2962 1052 3018 contra
1073 2953 1316 3019 conventiones
1339 2951 1508 3037 predictas
1532 2951 1566 3016 in
1589 2950 1703 3033 aliquo
1727 2948 1856 3014 faceres

493 3056 547 3118 vel
563 3053 692 3119 venires
707 3062 764 3118 aut
780 3054 889 3119 facere
905 3056 957 3118 vel
980 3057 1088 3119 venire
1105 3058 1218 3135 velles,
1244 3056 1277 3119 in
1302 3054 1368 3119 hoc
1391 3054 1452 3119 tibi
1478 3054 1631 3119 assistere
1654 3059 1712 3117 aut
1735 3071 1797 3137 per
1821 3072 1856 3116 se

495 3158 547 3219 vel
564 3177 623 3240 per
638 3157 737 3221 alium
755 3179 813 3221 seu
828 3158 910 3222 alios
926 3159 1101 3223 consilinm
1119 3159 1171 3223 vel
1182 3159 1340 3223 auxilium
1351 3160 1488 3242 prebere
1499 3156 1637 3220 minime
1648 3162 1857 3219 tenerentur.

497 3259 596 3342 Quod
612 3260 637 3323 si
655 3259 761 3324 forsan
780 3261 866 3324 inter
882 3270 992 3345 partes
1007 3262 1142 3325 easdem
1170 3281 1268 3346 super
1284 3260 1444 3325 fractione
1461 3258 1727 3325 conventionum
1745 3256 1859 3342 hujus-

497 3363 587 3427 modi
616 3365 668 3426 vel
694 3363 831 3447 alicujus
852 3385 963 3427 earum
990 3365 1200 3447 questionem
1225 3365 1299 3429 oriri
1326 3364 1545 3448 contingeret,
1570 3362 1639 3427 sive
1664 3370 1699 3426 te
1724 3360 1860 3425 dicente

498 3466 625 3531 dictum
642 3466 801 3531 comitem
817 3487 876 3531 seu
891 3469 1151 3532 communitates
1166 3468 1311 3553 prefatas
1327 3467 1380 3530 rel
1402 3465 1553 3549 quamvis
1577 3463 1862 3529 communitatum

498 3570 642 3655 ipsarum
658 3569 765 3634 dictas
780 3571 1024 3635 conventiones
1040 3574 1093 3636 vel
1110 3573 1255 3657 ipsarum
1271 3572 1415 3654 aliquam
1433 3570 1585 3649 violasse,
1610 3589 1668 3633 seu
1691 3567 1717 3632 si
1745 3587 1861 3632 comes

500 3693 539 3738 ac
563 3673 821 3739 communitates
844 3673 983 3758 predicti
1010 3678 1064 3739 vel
1089 3696 1203 3740 eorum
1230 3677 1316 3739 alter
1340 3674 1491 3739 dicerent
1516 3694 1535 3736 e
1559 3691 1724 3737 converso
1739 3679 1775 3734 te
1792 3691 1862 3734 non

498 3796 647 3841 servasse
672 3777 913 3840 conventiones
939 3779 1107 3861 predictas
1131 3779 1165 3842 in
1190 3778 1298 3843 solido
1323 3778 1377 3842 vel
1394 3778 1426 3840 in
1443 3784 1547 3861 parte,
1564 3773 1607 3839 ad
1630 3773 1742 3840 dictos
1764 3795 1863 3859 pares

501 3880 688 3963 hujusmodi
709 3880 892 3963 questionis
916 3883 1065 3965 cognitio
1086 3890 1121 3947 et
1147 3882 1272 3947 decisio
1297 3903 1339 3946 eo
1366 3880 1468 3945 modo
1492 3892 1527 3943 et
1552 3879 1658 3944 forma
1682 3887 1862 3963 spectaret,

500 3986 617 4068 quibus
632 3985 696 4047 alie
712 4006 810 4048 cause
827 3985 868 4049 ad
885 4006 999 4050 eorum
1017 3985 1245 4068 cognitionem
1262 3994 1296 4049 et
1312 3984 1517 4049 decisionem
1533 3982 1705 4067 pertinent
1721 3980 1764 4046 de
1781 4002 1863 4047 con-

499 4087 673 4151 suetudine
689 4089 740 4151 vel
758 4088 800 4151 de
813 4089 895 4172 jare,
912 4092 1006 4153 salvo
1022 4098 1135 4153 tamen
1153 4090 1244 4173 quod
1258 4088 1419 4153 deberent
1436 4089 1468 4165 in
1486 4108 1525 4150 ea
1541 4086 1722 4172 procedere
1735 4087 1862 4172 simpli-

500 4192 583 4256 citer
597 4202 632 4256 et
647 4190 689 4256 de
705 4194 806 4277 plano
823 4195 947 4277 absque
963 4193 1105 4278 strepitu
1126 4193 1240 4276 judicii
1258 4202 1292 4257 et
1310 4193 1411 4270 figura
1428 4215 1444 4270 ;s
1462 4199 1565 4275 tuque
1589 4209 1650 4275 pro
1674 4196 1709 4253 te
1732 4198 1767 4261 et
1790 4211 1862 4256 suc-

500 4296 684 4361 cessoribus
711 4296 891 4361 antedictis
911 4308 1035 4361 extunc
1060 4298 1174 4363 comiti
1200 4305 1234 4360 et
1257 4295 1554 4362 communitatibus
1584 4294 1778 4360 memoratis
1802 4315 1862 4380 pro

500 4400 675 4483 questione
700 4400 888 4481 hujusmodi
913 4402 1154 4486 prosequenda,
1180 4402 1392 4467 securitatem
1419 4397 1620 4465 concederes
1643 4398 1765 4478 eunde,
1792 4421 1861 4464 mo-

500 4504 605 4568 rando
620 4513 655 4567 et
670 4505 771 4568 etiam
788 4504 968 4585 redeundo,
985 4515 1019 4569 et
1037 4506 1273 4571 nichilominus
1289 4513 1358 4570 tarn
1382 4514 1419 4569 tu
1441 4524 1541 4586 qaam
1565 4522 1773 4567 successores
1788 4524 1861 4589 pre·

502 4603 558 4668 fati
570 4602 765 4668 sufficientis
775 4606 961 4669 securitatis
977 4608 1105 4671 litteras
1116 4607 1152 4686 si,
1161 4606 1251 4690 quod
1262 4607 1359 4684 absit,
1374 4628 1470 4672 casus
1483 4615 1677 4690 emergeret,
1690 4625 1753 4691 pro
1762 4606 1861 4673 dictis

502 4711 632 4775 casibus
655 4712 894 4796 prosequendis
915 4710 1100 4776 concedere
1125 4710 1323 4773 teneremini
1347 4710 1443 4774 etad
1470 4709 1618 4794 ipsoram
1645 4709 1781 4774 comitis
1804 4731 1860 4775 seu

501 4816 781 4881 comnnmitatum
799 4816 990 4881 instantiam
1007 4815 1114 4879 dictas
1130 4825 1240 4899 partes
1256 4815 1298 4879 ad
1315 4826 1439 4880 certam
1457 4821 1710 4899 competentem
1726 4813 1816 4879 diem
1828 4825 1860 4880 et

503 4921 613 4990 locum
630 4942 811 5006 congruum
829 4943 889 5013 pro
905 4921 1012 4985 causis
1029 4920 1164 4999 eisdem,
1182 4918 1207 4982 si
1226 4918 1335 4982 forsan
1361 4926 1580 5001 emergerent,
1597 4917 1755 5001 quotiens
1777 4939 1861 5013 opus
