4409 6017
496 691 557 755 546
1030 685 1189 753 lleunbme
1207 681 1311 748 anno.

541 839 593 906 Ex
608 848 667 905 tue
686 838 920 905 devotionis...

542 944 620 1008 Dat.
636 942 737 1007 Avin.
755 941 851 1028 7kal.
868 940 1022 1008 februarii
1037 959 1127 1005 anno
1144 958 1173 1019 9.

542 1046 583 1112 In
593 1067 622 1112 e.
632 1067 677 1111 m.
690 1045 805 1111 abbati
817 1043 1011 1111 monasterii
1027 1043 1059 1108 S.
1075 1041 1167 1107 Petri
1179 1048 1214 1105 et
1228 1036 1400 1125 preposito
1416 1036 1448 1101 S.
1465 1032 1654 1100 Pharaildis
1664 1028 1854 1107 Gandeusis‚

496 1149 717 1217 Tornacensis
740 1148 894 1230 diocesis,
905 1169 946 1215 ac
971 1145 1124 1226 Jordano
1139 1145 1181 1212 de
1201 1143 1400 1228 Columpna,
1417 1138 1659 1206 archidiacono
1674 1133 1854 1218 Translige·
1886 1214 1890 1237 ¹

494 1254 581 1319 rensi
597 1253 853 1339 Andegavensis
876 1251 1104 1318 ecclesiarum.

528 1411 590 1473 aeg.
602 1413 650 1460 nv.
659 1413 699 1471 aa,
711 1411 730 1460 r.
741 1412 801 1459 arev
812 1427 818 1468 ;
831 1408 891 1460 vn.
907 1410 947 1469 ra,
961 1408 981 1460 r.
995 1410 1064 1465 aso,
1075 1422 1101 1456 n.
1115 1409 1170 1456 rrr.

542 1602 686 1686 1476.
1505 1624 1600 1689 1325,
1617 1605 1662 1670 26
1673 1603 1822 1686 ybnvier.

539 1720 721 1786 Guillelmo
744 1718 836 1785 dicto
864 1715 988 1802 Engles
1013 1715 1183 1783 confertur
1209 1713 1428 1781 canonicatus
1451 1710 1594 1777 ecclesie
1626 1709 1660 1774 S.
1688 1706 1857 1792 Gangenci

496 1823 748 1891 Cameracensis
771 1823 832 1888 sub
859 1821 1096 1907 expectatione
1120 1817 1302 1905 prebende,
1318 1836 1387 1881 non
1403 1817 1561 1881 obstante
1577 1812 1672 1898 quod
1686 1810 1857 1877 canonica·

493 1937 567 1995 tum
589 1936 624 1995 et
638 1925 845 2015 prebendam
858 1944 899 1990 ac
914 1923 1123 1991 scolastriam
1139 1921 1282 1989 ecclesie
1293 1920 1326 1987 S.
1343 1919 1428 1986 Piati
1445 1916 1650 1997 Siclinensis,
1665 1915 1857 1982 Tornacen-

493 2032 538 2099 sis
554 2031 705 2113 diocesis,
718 2031 858 2097 obtinet

536 2135 721 2202 Laudabile
741 2133 1006 2200 testimonium...

537 2239 616 2305 Dat.
631 2239 732 2304 Avin.
747 2258 765 2324 7
780 2236 846 2303 kal.
861 2237 1014 2303 februarii
1030 2256 1120 2302 anno
1137 2255 1167 2317 9.

538 2341 578 2407 ln
601 2363 630 2408 e.
657 2362 702 2407 m.
732 2340 847 2407 abbati
875 2339 1068 2407 monasterii
1105 2338 1136 2406 S.
1168 2337 1317 2425 Sepulcri
1353 2333 1605 2403 Cameracensis
1628 2354 1669 2400 ac
1699 2333 1857 2418 magistro

494 2442 643 2523 Johanni
670 2445 713 2512 de
737 2444 861 2526 Rocca,
881 2444 1120 2531 Neapolitane,
1145 2443 1320 2530 capellano
1337 2461 1435 2529 pape,
1460 2460 1499 2507 ac
1526 2437 1713 2505 Francisco
1743 2435 1857 2502 Malle·

497 2549 611 2631 wardi,
624 2548 878 2616 Cameracensis
892 2547 1062 2616 canonicis
1076 2547 1301 2615 ecclesiarum.

532 2711 593 2770 Rea.
606 2715 653 2762 Ar.
668 2714 707 2771 22,
720 2712 738 2763 f.
753 2713 813 2760 348*
824 2726 830 2769 3
843 2710 902 2761 Vut.
917 2713 956 2771 78,
968 2711 987 2760 f.
1002 2714 1089 2771 loom.
1105 2713 1161 2761 778.

546 2903 687 2988 1477.
1509 2921 1824 3005 1525‚2ojanvier.

541 3018 692 3099 Johanni
720 3023 763 3089 de
788 3022 1003 3110 Rattenpade
1027 3022 1197 3090 confertur
1218 3025 1437 3090 canonicatus
1451 3025 1594 3091 ecclesie
1619 3023 1863 3111 Hugardensis,

501 3121 697 3191 Leodiensis
713 3125 865 3209 diocesis,
882 3128 943 3192 sub
959 3127 1197 3212 expectatione
1212 3129 1392 3214 prebende,
1409 3149 1476 3195 non
1492 3130 1653 3195 obstante
1677 3133 1775 3214 quod
1796 3150 1864 3217 per-

460 3270 466 3281 ·
497 3234 637 3313 petuam
653 3230 875 3316 capellaniam
891 3230 1006 3296 altaris
1021 3229 1060 3296 B.
1078 3228 1186 3297 Marie
1202 3231 1256 3297 siti
1285 3232 1319 3296 in
1342 3232 1485 3298 ecclesia
1507 3232 1550 3298 de
1572 3230 1814 3320 Oudenborgh
1833 3242 1862 3298 et

499 3331 531 3394 in
556 3332 699 3398 ecclesia
721 3333 763 3399 de
793 3332 995 3413 Zantvorde,
1025 3333 1252 3400 Tornacensis
1278 3334 1429 3416 diocesis,
1460 3333 1630 3419 quoddam
1660 3337 1862 3404 beneficium

498 3435 774 3518 ecclesiasticum,
787 3437 1049 3504 matriculariam
1066 3437 1146 3503 inibi
1162 3446 1402 3524 nuncupatum,
1415 3439 1556 3506 obtinet.

544 3537 595 3603 Ex
611 3547 668 3605 tue
685 3540 917 3607 devotionis...

542 3642 620 3708 Dat.
636 3643 736 3710 Avin.
754 3663 772 3728 7
788 3644 854 3710 kal.
873 3644 1025 3710 februarii
1042 3664 1134 3710 anno
1151 3664 1180 3726 9.

541 3743 581 3809 In
597 3767 627 3811 e.
643 3767 688 3813 m.
705 3746 959 3834 archiepiscopo
976 3747 1207 3814 Ebredunensi
1224 3756 1258 3813 et
1274 3747 1405 3815 decano
1422 3751 1457 3815 S.
1474 3748 1606 3816 Gudule
1619 3748 1862 3838 Bruxellensis,

496 3846 750 3916 Cameracensis
765 3851 920 3933 diocesis,
935 3871 973 3917 ac
989 3851 1229 3918 archidiacono
1244 3853 1478 3919 Atrebatensis
1493 3853 1728 3923 ecclesiarum.

529 4009 589 4073 ch.
605 4017 652 4061 Ar.
666 4016 703 4071 22,
718 4014 734 4062 i.
745 4016 805 4061 {illlv
814 4033 822 4074 3
836 4015 894 4064 l'at.
911 4017 950 4074 78,
964 4017 984 4065 f.
999 4017 1067 4074 267',
1079 4029 1106 4063 n.
1122 4016 1177 4064 7⁸7.

542 4211 683 4294 1478.
1505 4246 1599 4310 1325,
1616 4228 1820 4312 2ojanvier.

538 4331 684 4410 Johanni
700 4332 813 4418 Troye
826 4340 1013 4398 reservatur
1028 4331 1174 4416 dignitas
1187 4331 1240 4395 vel
1251 4339 1451 4416 personatus
1466 4351 1524 4396 seu
1536 4329 1687 4396 officium
1706 4332 1742 4397 in
1758 4334 1860 4398 eccle-

495 4437 543 4502 sia
559 4435 590 4500 S.
607 4434 791 4501 Salvatoris
807 4435 1040 4520 Trajectensis,
1064 4455 1134 4500 non
1162 4436 1321 4500 obstante
1345 4436 1436 4520 quod
1463 4434 1497 4500 in
1522 4434 1613 4500 dicta
1637 4436 1785 4501 ecclesia
1805 4438 1860 4501 sub

493 4538 730 4626 expectatione
746 4538 913 4624 prebende
930 4540 964 4603 in
980 4539 1184 4605 canonicum
1200 4545 1251 4603 est
1266 4547 1421 4625 receptus
1446 4546 1481 4604 et
1498 4539 1530 4603 in
1547 4538 1680 4624 capella
1695 4539 1731 4606 S.
1745 4538 1862 4604 Crucis

494 4642 536 4709 de
553 4640 688 4707 Nineve
713 4662 754 4707 ac
779 4641 812 4706 in
835 4641 991 4728 hospitali
1015 4644 1046 4709 S.
1073 4641 1184 4708 Marie
1200 4641 1242 4708 de
1258 4640 1380 4724 Tileto,
1398 4642 1653 4709 Cameracensis
1677 4651 1715 4709 et
1737 4642 1859 4710 Toma-

494 4746 604 4812 censis
619 4744 801 4827 diocesum,
817 4745 979 4831 quasdam
996 4754 1175 4832 perpetuas
1191 4747 1393 4832 capellanias
1409 4746 1551 4813 obtinet.

538 4849 733 4934 Apostoliee
749 4848 884 4915 Sedis...

541 4952 619 5018 Dat.
635 4953 734 5018 Avin.
753 4973 770 5038 7
787 4953 853 5019 kal.
870 4952 1021 5019 februarii
1039 4973 1130 5018 anno
1148 4972 1177 5034 9.

543 5053 581 5119 In
599 5078 626 5121 e.
644 5077 688 5121 m.
711 5057 742 5122 S.
769 5056 936 5133 Johannis
961 5055 1158 5121 Leodiensis
1177 5065 1211 5122 et
1234 5054 1449 5140 Xanctensis,
1467 5056 1681 5125 Coloniensis
1705 5057 1857 5137 diocesis,
