4409 6017
420 715 481 780 284
958 715 1114 781 Deuxibme
1135 718 1237 784 annea.

421 862 582 944 defuncti,
599 884 667 928 uon
694 867 852 930 obstante
878 864 969 949 quod
993 865 1025 928 in
1041 864 1246 931 Tomacensi
1273 866 1507 931 cancellariam
1530 867 1656 933 obtinet
1673 888 1701 934 ac
1715 854 1771 934 in'ss

421 967 538 1032 eadem
554 967 758 1033 Tomacensi
774 977 808 1034 et
825 968 858 1032 in
875 967 1049 1035 Parisiensi
1074 981 1109 1035 et
1126 969 1325 1035 Camotensi
1350 970 1501 1036 ecclesiis
1525 970 1559 1036 in
1582 972 1735 1037 canonicum
1759 978 1771 999 ·’

421 1081 472 1137 est
496 1082 649 1159 receptus
671 1083 705 1138 et
728 1073 933 1158 prebendam
957 1084 1125 1161 expectat,
1152 1096 1210 1140 seu
1234 1075 1325 1159 quod
1347 1075 1473 1161 patitur
1498 1075 1531 1140 in
1556 1076 1736 1142 ordinibusel

421 1184 512 1241 etate
527 1175 707 1254 defectum,
723 1198 800 1244 cum
817 1178 849 1242 in
866 1180 1049 1245 minoribus
1064 1180 1235 1245 ordinibus
1250 1187 1285 1245 et
1308 1178 1443 1246 decimo
1457 1188 1588 1247 octavo
1603 1180 1688 1247 etatis
1702 1202 1736 1246 sue
1760 1217 1769 1271 3

420 1301 511 1347 anno
526 1282 729 1349 constitutus
743 1284 875 1349 existat.

466 1385 555 1449 Dum
572 1387 823 1453 conditiones...

466 1489 545 1556 Dat.
561 1491 661 1558 Avin.
682 1494 718 1557 18
735 1491 801 1558 kal.
814 1492 887 1576 julii
904 1512 994 1558 anno
1011 1514 1040 1559 2.

466 1592 504 1658 In
520 1616 550 1659 e.
566 1616 611 1661 m.
626 1596 739 1661 abbati
756 1597 948 1662 monasterii
966 1596 997 1661 S.
1020 1596 1190 1663 llansueti
1207 1607 1301 1665 extra
1316 1619 1429 1665 muros
1445 1598 1612 1666 Metensis
1626 1608 1657 1663 et
1670 1597 1739 1664 areli·

420 1695 566 1763 diacono
583 1697 759 1766 Remensis
773 1721 812 1766 ac
828 1701 1016 1766 succentori
1034 1699 1227 1787 Bajocensis
1242 1703 1468 1769 ecclesiarum.

452 1835 512 1897 Reg.
526 1840 572 1886 Ar.
585 1843 607 1888 tl.
620 1839 638 1887 i.
651 1840 698 1887 280
711 1856 716 1890 :
730 1840 788 1890 l'at.
801 1843 840 1898 os,
852 1841 870 1888 f.
885 1843 950 1890 loun
963 1856 988 1890 n.
1002 1843 1073 1890 1317.

463 2008 582 2090 604.
1486 2029 1581 2109 1318,
1599 2046 1639 2110 14
1647 2024 1716 2107 juin.

463 2126 594 2192 Thome
619 2128 804 2214 Scriptoris,
821 2129 986 2194 canonico
1009 2129 1151 2195 ecclesie
1180 2128 1211 2194 S.
1229 2128 1317 2193 Petri
1345 2129 1387 2194 de
1415 2127 1540 2206 Insula,
1556 2125 1742 2194 Tomacensis

419 2232 570 2310 diocesis,
589 2241 773 2297 reservatur
793 2232 963 2316 prebenda
983 2233 1016 2296 in
1037 2233 1128 2298 dicta
1140 2232 1291 2312 ecclesia,
1313 2231 1582 2298 consideratione
1605 2228 1743 2304 Guidonis,

420 2336 553 2401 comitis
564 2334 741 2412 Blesensis‚
757 2356 832 2400 cum
850 2336 911 2421 ipsi
928 2336 957 2400 T
959 2337 1059 2402 home
1076 2336 1191 2424 similis
1205 2336 1312 2421 gratia
1324 2337 1394 2421 jam
1406 2335 1495 2401 lacta
1511 2336 1635 2416 suisset,
1650 2337 1700 2401 sub
1711 2332 1744 2397 die

425 2458 457 2502 11
478 2437 544 2503 kal.
560 2439 707 2504 octobris
717 2460 808 2504 anno
829 2460 839 2503 r
860 2442 1007 2518 (1‘),cum
1024 2441 1211 2505 cassatione
1227 2460 1441 2526 processuum
1458 2440 1648 2506 habitorum
1663 2438 1746 2521 rigore

420 2542 537 2607 similis
550 2542 658 2626 gratie
673 2543 792 2608 eadem
807 2542 861 2608 die
877 2543 1009 2609 cuidam
1035 2543 1131 2608 alteri
1158 2543 1247 2611 facte
1263 2545 1321 2627 (²),
1342 2543 1398 2628 qui
1414 2564 1490 2608 eam
1505 2544 1631 2630 primus
1646 2559 1747 2629 preren·

420 2656 550 2711 taremt
566 2654 600 2710 et
616 2645 721 2711 firerat
734 2646 859 2731 primus
869 2648 902 2710 in
912 2647 1112 2712 canonicum
1125 2656 1290 2733 receptus,
1306 2666 1375 2711 non
1391 2649 1549 2712 obstante
1568 2646 1658 2733 quod
1670 2644 1750 2711 eidem

422 2749 553 2815 Thome
566 2749 609 2814 de
621 2751 822 2816 canonicatu
833 2762 868 2815 et
879 2751 1049 2837 prebenda
1058 2772 1099 2816 ac
1111 2751 1277 2817 decanatu
1288 2750 1431 2817 ecclesie
1440 2750 1472 2815 S.
1483 2749 1570 2817 Piati
1586 2751 1629 2818 de
1644 2746 1750 2816 Siclioio

421 2854 592 2940 provisum
614 2863 665 2919 est
682 2855 729 2938 (δ’)
752 2866 787 2919 et
811 2854 901 2939 quod
924 2855 957 2919 in
980 2856 1122 2920 ecclesia
1145 2855 1176 2918 S.
1199 2854 1335 2919 Andree
1350 2854 1393 2920 de
1409 2853 1622 2920 Castroduno
1644 2848 1751 2919 oenoni·

422 2969 536 3023 catum
551 2966 586 3021 et
601 2958 807 3043 prebendam
823 2969 859 3024 et
874 2959 1129 3046 preposituram,
1152 2979 1236 3042 quos
1258 2957 1428 3024 dimittere
1451 2957 1631 3037 tenebitur,
1647 2972 1750 3022 necnon

421 3061 588 3148 quandam
605 3071 802 3148 perpetuam
824 3064 1055 3149 capellaniam,
1077 3064 1149 3127 sine
1170 3083 1257 3136 cura,
1277 3063 1310 3126 in
1332 3071 1443 3127 castro
1467 3060 1511 3127 de
1526 3059 1640 3142 Guisa,
1655 3060 1752 3125 Toma·

422 3164 541 3240 censis,
557 3163 775 3230 Camotensis
790 3177 824 3230 et
842 3165 1072 3231 laudunensis
1087 3166 1269 3242 diocesum,
1285 3166 1417 3230 obtinet
1431 3172 1467 3229 et
1482 3165 1575 3249 quod
1591 3165 1623 3228 in
1640 3159 1753 3230 ecclesia

422 3265 624 3332 Tomacensi
641 3268 675 3332 in
692 3269 892 3334 canonicum
908 3281 958 3334 est
975 3281 1130 3355 receptus
1145 3280 1179 3333 et
1196 3268 1400 3355 prebendam
1416 3278 1587 3354 expectat.

466 3371 669 3459 Multiplicia
686 3386 776 3439 tue...

468 3477 545 3542 Dat.
562 3478 660 3543 Asin.
682 3480 718 3543 18
735 3477 801 3544 kal.
815 3480 887 3563 julii
904 3500 996 3544 anno
1013 3500 1042 3543 2.

466 3580 505 3646 In
522 3604 551 3645 e.
569 3602 612 3645 nr.
622 3583 734 3646 abbati
747 3582 938 3646 monasterii
947 3577 1601 3666 Aquicintensis,.ltrebatensisdiocesis,
1612 3586 1647 3641 et
1656 3577 1763 3642 decano

423 3688 657 3752 ,lnrbianensis
672 3707 712 3750 ac
728 3686 929 3751 emeellario
947 3684 1139 3751 Parisiensis
1154 3684 1381 3750 ecclesiarum.

457 3827 515 3886 lior.
530 3830 575 3873 Ar.
592 3829 626 3874 ltl.
640 3827 657 3873 i.
670 3828 726 3872 :ns
741 3842 746 3872 :
763 3826 820 3872 l'ar.
832 3830 871 3873 tir.
884 3826 902 3872 ι’.
915 3827 981 3872 Λὶψ.
995 3838 1020 3871 n.
1033 3827 1104 3871 :aba

467 3993 1584 4081 605.1318,
1603 4020 1643 4082 15
1653 3998 1732 4081 juin.

469 4109 632 4194 Magistro
649 4107 749 4171 Petro
768 4106 875 4178 Fabri.
892 4106 1024 4171 notario
1040 4127 1136 4190 pape.
1150 4104 1317 4169 confertur
1333 4102 1503 4189 prebenda
1517 4103 1660 4168 ecclesie
1676 4102 1771 4166 Picta·

423 4213 533 4279 sensis
557 4232 679 4277 rneuns
702 4232 761 4296 per
783 4210 912 4275 obitum
941 4210 1098 4293 §ymonis
1130 4209 1255 4280 Suavis.
1280 4208 1375 4273 Sedis
1398 4206 1585 4292 apostolice
1609 4203 1771 4293 capellani.

424 4333 517 4383 extra
528 4316 716 4381 Ronnumnr
729 4315 853 4380 curium
866 4313 1026 4382 deruneti.
1037 4334 1113 4378 cum
1126 4313 1236 4378 dictus
1247 4312 1406 4395 magister
1418 4311 1537 4378 Petrus
1547 4314 1771 4379 canonicatum

424 4422 513 4486 diere
529 4420 670 4486 ecclesie
686 4420 848 4488 obtinent.
867 4422 927 4484 sub
943 4418 1180 4502 expectatione
1196 4416 1377 4501 prebende,
1394 4438 1461 4482 non
1478 4419 1635 4482 obstante
1644 4414 1727 4502 quod
1740 4414 1771 4475 io

424 4527 620 4593 carnotensi
641 4526 825 4592 emnorimn
841 4541 874 4588 et
895 4525 926 4587 in
944 4524 975 4587 S.
993 4522 1180 4605 ll'alburgis
1196 4522 1386 4594 Fumensis.
1406 4520 1610 4588 Morinensis
1630 4518 1771 4588 diocesis.

424 4633 666 4716 prepositumm
682 4652 722 4696 ue
738 4631 771 4693 in
787 4629 913 4694 eisdem
930 4642 962 4692 et
986 4627 1017 4692 S.
1036 4626 1216 4693 Frontonis
1243 4627 1532 4710 Petragoricensis.
1549 4624 1718 4692 Parisiensi
1737 4627 1771 4683 et

426 4731 619 4797 llelmceusi
645 4734 793 4799 ecelesiis
817 4733 1035 4799 canonicatus
1050 4747 1084 4796 et
1097 4732 1292 4816 prebendas.
1308 4752 1349 4796 ac
1365 4731 1583 4795 medietatem
1598 4729 1719 4795 decime
1730 4724 1771 4787 (lc

424 4837 613 4922 Surignero
629 4839 661 4902 in
688 4839 855 4903 territorio
873 4837 1039 4906 Belnensi.
1058 4836 1222 4901 Eduensis
1244 4836 1397 4904 diocesis.
1421 4835 1554 4900 obtinet
1576 4849 1613 4899 et
1634 4830 1716 4918 quod
1734 4828 1771 4891 i1¹
