4409 6017
436 760 456 821 4
492 770 494 773 ·
979 755 1127 823 Premibre
1148 755 1251 821 annea.

480 906 552 996 13.
1417 917 1512 1001 1316,
1529 917 1550 980 6
1565 922 1681 1004 septem

475 1023 579 1089 Paulo
590 1025 632 1089 de
643 1022 787 1103 Comite,
812 1022 988 1108 capellano
1009 1041 1106 1107 pape,
1120 1020 1336 1087 conferuntur
1348 1022 1566 1087 canonicatus
1577 1029 1613 1085 et
1625 1041 1681 1107 pre

431 1128 572 1193 ecclesie
600 1127 775 1193 Remensis
799 1133 959 1191 vacantes
974 1146 1033 1211 per
1048 1125 1178 1191 obitum
1199 1126 1346 1211 magistri
1363 1124 1481 1203 Jacobi
1498 1124 1541 1190 de
1557 1123 1681 1191 Boccar

432 1231 616 1316 apostolice
632 1231 726 1296 Sedis
741 1230 873 1311 notarii,
891 1230 924 1294 in
941 1231 1090 1315 partibus
1107 1230 1170 1294 illis
1185 1230 1345 1310 defuncti,
1358 1250 1426 1295 non
1439 1231 1596 1294 obstante
1620 1250 1681 1313 qur

431 1334 615 1421 posituram
630 1334 771 1401 ecclesie
789 1333 1006 1413 Nivellensis,
1018 1332 1214 1398 Leodiensis
1223 1334 1375 1413 diocesis,
1389 1332 1468 1398 etin
1481 1332 1621 1398 basilica
1634 1331 1681 1396 Pr:

430 1439 670 1523 Apostolorum
682 1440 725 1505 de
736 1438 829 1504 Urbe
839 1458 879 1503 ac
891 1438 924 1502 in
939 1437 1133 1517 Senonensi,
1147 1437 1375 1516 Ambianensi,
1386 1435 1594 1517 Carnutensi,
1609 1434 1681 1500 Bai(

432 1550 467 1607 et
492 1543 524 1608 S.
544 1542 659 1608 Amati
682 1542 868 1608 Duacensis
892 1540 1042 1607 ecclesiis
1065 1541 1284 1606 canonicatus
1308 1550 1342 1606 et
1368 1540 1564 1626 prebendas
1591 1548 1627 1605 et
1652 1560 1681 1605 rr

431 1646 608 1712 ecclesiam
624 1647 655 1710 S.
672 1645 782 1711 Cotici
799 1646 840 1711 de
858 1645 1129 1724 Vallemontone,
1154 1645 1388 1709 Atrebatensis
1404 1652 1438 1709 et
1454 1644 1591 1729 Signine
1612 1643 1681 1709 dio(

432 1770 563 1815 necnon
581 1750 612 1814 in
630 1750 777 1829 civitate,
793 1749 918 1815 diocesi
935 1756 969 1812 et
985 1748 1158 1834 provincia
1175 1748 1334 1833 Capuana
1350 1749 1493 1832 quedam
1509 1748 1675 1813 beneficia

434 1852 567 1918 siastica
583 1854 653 1918 sine
669 1873 747 1919 cura
762 1854 902 1918 obtinet.

475 1956 569 2022 Sedis
584 1957 810 2042 apostolice...

476 2060 554 2125 Dat.
572 2058 724 2145 Lugduni
742 2063 760 2124 8
777 2060 820 2125 id.
837 2060 1036 2145 septembris
1052 2079 1142 2124 anno
1162 2079 1187 2124 r.

477 2163 515 2227 ln
532 2184 561 2229 e.
578 2185 621 2228 m.
638 2164 749 2228 abbati
766 2163 958 2228 monasterii
975 2163 1006 2227 S.
1025 2162 1167 2247 Remigii
1183 2162 1358 2228 Remensis
1370 2171 1404 2227 et
1416 2164 1545 2229 decano
1558 2162 1681 2248 Calagu

432 2288 471 2332 ac
487 2266 632 2334 (luidoni
648 2267 691 2332 de
708 2266 866 2347 Velletr0,
884 2267 1047 2332 canonico
1063 2264 1279 2331 Belracensis
1295 2267 1520 2332 ecclesiarum.

465 2395 525 2457 aeg.
538 2398 585 2445 av.
598 2398 619 2456 a,
633 2397 650 2444 r.
663 2395 723 2443 subo
735 2412 740 2453 ;
754 2397 811 2444 rat..
825 2399 862 2452 ua,
876 2397 894 2445 r.
909 2398 972 2455 rsa,
986 2410 1011 2444 n.
1024 2398 1080 2445 roo.

478 2553 551 2632 14.
1411 2567 1505 2650 1316,
1523 2566 1543 2630 6
1558 2572 1676 2654 septem

474 2669 644 2756 Episcopo
667 2670 833 2738 Meldensi
857 2682 890 2738 et
914 2672 1151 2738 archidiacono
1173 2672 1402 2738 Aurelianensi
1428 2671 1606 2736 mandatur
1628 2690 1681 2754 qua

431 2775 637 2858 compellant
662 2776 800 2842 clericos
830 2777 1010 2842 comitatus
1042 2776 1198 2842 Flandrie
1228 2777 1271 2842 ad
1301 2776 1500 2842 solvendum
1525 2773 1681 2839 deciman*

434 2875 573 2942 Francie
590 2899 793 2945 concessam.

474 2980 697 3047 «Venerabili
714 2982 836 3049 fratri..
860 2983 1020 3070 episcopo
1042 2983 1210 3049 Meldensi
1226 2992 1261 3048 et
1282 2983 1408 3049 dilecto
1424 2982 1523 3048 filio..
1553 2980 1678 3047 archidi

427 3085 668 3151 Aurelianensi.
680 3086 744 3152 Pro
756 3097 852 3172 parte
868 3087 981 3153 dilecti
999 3087 1056 3151 filii
1073 3088 1193 3153 nobilis
1209 3088 1269 3152 viri
1287 3087 1443 3172 Philippi,
1455 3086 1512 3150 filii
1527 3086 1615 3151 clare
1628 3107 1681 3149 nre

429 3186 573 3274 Philippi
600 3189 686 3274 regis
713 3189 927 3272 Francorum,
954 3190 1095 3256 Francie
1116 3200 1151 3256 et
1173 3190 1323 3256 Navarre
1346 3211 1447 3275 regna
1467 3188 1623 3275 regentis,
1646 3188 1680 3253 su

427 3292 573 3376 positum
603 3293 709 3374 nobis,
740 3295 830 3379 quod
860 3296 1020 3359 nonnulle
1057 3315 1199 3381 persone
1231 3295 1456 3360 ecclesiastice
1492 3293 1577 3357 infra
1608 3312 1681 3357 com

428 3393 584 3461 Flandrie
599 3406 613 3429 ²
637 3398 829 3479 constitute,
860 3398 1008 3463 decimas
1037 3399 1163 3464 dudum
1193 3419 1296 3484 regno
1326 3408 1360 3462 et
1392 3397 1522 3483 regibus
1555 3395 1681 3461 Franci

427 3521 543 3565 eorum
573 3501 828 3566 necessitatibus
857 3501 994 3567 diversis
1024 3502 1211 3587 apostolica
1241 3502 1441 3567 auctoritate
1474 3520 1662 3581 concessas

427 3610 593 3685 tenentur,
617 3606 746 3670 solvere
770 3606 1014 3670 contradicunt.
1042 3606 1154 3689 Quare
1177 3604 1368 3670 discretioni
1391 3613 1502 3669 vestre
1523 3624 1583 3689 per
1601 3624 1681 3689 apos

427 3708 551 3793 scripta
566 3708 775 3788 mandamus,
792 3717 955 3792 quatenus
967 3730 1128 3795 personas
1141 3710 1276 3775 easdem
1292 3709 1334 3773 ad
1350 3708 1558 3788 solvendum,
1571 3717 1606 3772 ut
1620 3717 1681 3772 ten

425 3811 572 3877 decimas
598 3812 805 3898 supradictas
829 3814 956 3898 regenti
983 3814 1114 3898 prelato
1134 3816 1187 3878 rel
1216 3835 1276 3879 suo
1298 3812 1504 3899 procuratori
1530 3832 1592 3897 pro
1618 3811 1681 3897 ips(

424 3905 600 3980 'censuram
627 3916 889 3981 ecclesiasticam
914 3918 1101 3982 monitione
1129 3918 1298 4003 premissa,
1331 3917 1444 4003 previa
1473 3915 1617 3994 ratione,
1650 3935 1681 3979 c<

424 4018 583 4083 invocato
598 4018 640 4083 ad
656 4018 731 4100 hoc,
749 4019 774 4083 si
792 4040 875 4104 opus
892 4019 1001 4101 suerit,
1017 4020 1142 4085 auxilio
1157 4020 1284 4085 brachii
1301 4020 1467 4085 secularis.
1486 4018 1613 4083 Datum
1633 4016 1681 4082 Lu

426 4124 444 4188 8
462 4122 535 4187 idus
550 4123 747 4207 septembris
763 4143 852 4188 anno
873 4145 884 4188 1
906 4140 935 4192 r.

457 4252 517 4311 Reg.
529 4254 576 4300 Ar.
589 4254 610 4310 3,
624 4252 642 4299 l.
655 4255 730 4304 tituil:
747 4252 803 4299 Vnt.
817 4255 854 4310 63,
869 4253 886 4301 f.
901 4256 953 4311 luo,
968 4269 992 4301 n.
1005 4256 1059 4301 (llll.

468 4409 539 4492 15·
1400 4426 1493 4508 1316,
1511 4426 1530 4488 ό
1546 4428 1681 4512 seplcml

465 4527 655 4609 Guillelm0,
672 4530 702 4596 S.
720 4529 851 4596 Nicolai
869 4531 901 4595 in
919 4531 1058 4597 Carcere
1074 4530 1229 4595 Tulliano
1245 4530 1388 4595 diacono
1404 4530 1571 4610 cardinali,
1589 4551 1681 4596 cono

422 4632 559 4699 facultas
574 4633 765 4700 conferendi
790 4636 940 4720 personis
956 4657 1036 4719 quas
1052 4635 1189 4717 elegerit
1212 4634 1374 4699 beneficia
1396 4634 1551 4699 vacantia
1574 4655 1635 4719 per
1654 4637 1681 4699 ol

421 4734 586 4801 Mansredi
603 4737 645 4802 de
661 4736 795 4820 Longis,
813 4740 944 4823 nepotis
958 4741 1037 4823 ejuS,
1054 4739 1180 4803 scilicet
1193 4738 1408 4802 canonicatus
1420 4746 1454 4801 et
1464 4737 1652 4822 prebendas
1666 4737 1681 4801 l

419 4841 552 4919 mensis,
570 4839 772 4906 Morinensis
788 4851 822 4907 et
839 4840 1064 4927 Neapolitane
1081 4841 1303 4920 ecclesiarum,
1322 4851 1355 4906 et
1371 4841 1677 4907 archidiaconatum

419 4944 495 5009 dem
518 4945 656 5010 ecclesie
672 4944 910 5027 Pergamcusis,
928 4967 1059 5011 necnon
1077 4946 1250 5011 ecclesiam
1269 4947 1299 5009 S.
1317 4944 1488 5009 iltlranasii
1507 4954 1541 5010 ct
1558 4946 1681 5029 quedar

419 5048 582 5114 beneficia
597 5048 631 5113 in
647 5049 783 5114 civitate
799 5059 833 5115 et
849 5050 971 5116 diocesi
989 5049 1226 5136 Neapolitana.

435 5228 459 5261 a.
473 5212 581 5261 Flandic
594 5228 645 5276 rap,
