4409 6017
494 714 557 780 392
1046 712 1173 779 Sixibne
1194 712 1296 777 anate.

539 862 613 929 Tne
628 863 847 930 laudabilia...

540 970 618 1035 Dat.
634 968 734 1035 Avin.
750 990 770 1053 4
785 968 852 1035 kal.
868 968 1022 1035 februarii
1038 988 1131 1033 anno
1148 972 1177 1032 ό.

540 1071 579 1137 ln
607 1093 636 1138 e.
662 1093 706 1137 m.
734 1072 964 1138 Laudunensis
998 1080 1033 1137 et
1063 1071 1095 1137 S.
1121 1071 1281 1158 Stephani
1307 1070 1481 1139 Trecensis
1505 1093 1546 1140 ac
1572 1073 1604 1140 S.
1631 1073 1851 1160 Simphoriani

497 1177 675 1243 Remensis
690 1176 907 1243 ecclesiarum
922 1176 1068 1243 decanis

529 1331 590 1392 neg.
602 1333 650 1379 nv.
664 1333 702 1389 ro,
714 1331 732 1380 r.
746 1333 807 1379 anv
819 1348 825 1390 ;
839 1331 897 1380 vm.
909 1333 947 1390 73,
961 1332 979 1380 r.
993 1333 1046 1393 147,
1060 1344 1087 1381 n.
1104 1333 1159 1381 aaa.

544 1520 684 1601 1022.
1533 1558 1629 1619 1322,
1647 1554 1668 1619 7
1676 1538 1818 1623 sevrr'er.

540 1638 681 1724 Symoni
709 1638 932 1705 Clarembaldi
956 1648 1145 1705 reservatur
1177 1639 1378 1705 beneficium
1403 1639 1667 1706 ecclesiasticum
1692 1639 1737 1706 ad
1764 1642 1855 1706 colla-

496 1742 625 1808 tionem
640 1743 788 1829 episcopi
806 1743 1001 1809 Parisiensis
1017 1744 1097 1828 (roo
1113 1743 1170 1809 lib.
1185 1753 1249 1810 tur.
1266 1744 1385 1829 paru),
1401 1764 1470 1809 non
1494 1746 1653 1810 obstante
1676 1743 1769 1827 quod
1791 1763 1856 1829 par-

496 1849 680 1916 rochialem
718 1847 894 1914 ecclesiam
925 1847 968 1913 de
1001 1847 1172 1933 Doegnies
1203 1854 1239 1913 et
1269 1848 1489 1933 capellaniam
1519 1848 1561 1914 de
1592 1845 1855 1927 BarentoncellO,

496 1952 747 2018 Cameracensis
779 1960 814 2017 et
852 1951 1083 2017 Laudunensis
1105 1951 1287 2033 diocesum,
1311 1952 1453 2034 obtinet,
1484 1972 1585 2037 quam
1617 1951 1855 2037 parrochialem

498 2058 676 2125 ecclesiam
691 2056 861 2122 tenebitur
876 2055 1057 2123 dimittere.

544 2160 741 2227 Laudabilia
755 2168 855 2226 tue...

544 2264 623 2332 Dat.
639 2263 739 2329 Avin.
757 2281 776 2348 7
792 2263 836 2330 id.
853 2262 1007 2329 februarii
1024 2282 1115 2329 anno
1133 2267 1162 2330 6.

542 2369 582 2433 ln
607 2390 637 2434 e.
664 2390 708 2434 m.
734 2368 765 2434 S.
788 2366 944 2433 Germani
961 2368 1003 2434 de
1020 2366 1128 2432 Pratis
1142 2374 1178 2432 et
1194 2367 1225 2432 S.
1242 2367 1416 2433 Genovefe
1433 2367 1466 2432 in
1483 2377 1600 2435 monte
1625 2368 1857 2436 Parisiensium

499 2473 776 2539 monasteriorum
792 2472 967 2538 abbatibus
981 2492 1022 2537 ac
1037 2471 1196 2556 magistro
1210 2470 1310 2536 Petro
1321 2472 1364 2538 de
1376 2470 1712 2559 Fractis,primicerio
1724 2474 1860 2540 ecclesie

501 2578 676 2644 Gaietane.

532 2736 593 2798 aeg.
605 2737 653 2785 av.
666 2737 704 2797 ro,
716 2736 735 2787 r.
750 2736 810 2785 aro
825 2751 831 2795 ;
844 2735 903 2785 rat.
916 2736 955 2795 ra,
967 2736 987 2785 f.
1002 2737 1056 2794 rar,
1069 2749 1095 2785 n.
1110 2736 1165 2783 nr.

546 2928 689 3015 1023.
1537 2969 1666 3037 1322,9
1679 2950 1822 3038 saurim.

544 3047 667 3112 Abbati
694 3049 886 3114 monasterii
912 3050 943 3117 S.
970 3050 1088 3129 Jacobi
1107 3049 1302 3118 leodiensis
1327 3061 1362 3118 et
1387 3053 1418 3119 S.
1444 3053 1618 3120 Adalberti
1644 3060 1740 3119 extra
1755 3073 1862 3119 muros

500 3151 675 3235 Aquenses
690 3159 725 3217 et
741 3152 772 3217 S.
789 3152 927 3219 Servatii
943 3154 1167 3239 Trajectensis
1190 3156 1406 3223 eeclesiarum
1428 3157 1565 3223 decanis
1587 3157 1766 3223 mandatur
1786 3178 1860 3242 qua-

500 3256 591 3321 tinus
605 3255 789 3321 decernant
804 3278 847 3322 an
863 3259 1030 3324 abbatissa
1045 3268 1080 3325 et
1096 3260 1279 3347 capitulum
1304 3262 1459 3328 secularis
1474 3261 1615 3327 ecclesie
1640 3261 1859 3341 AssindensiS,

501 3360 710 3427 Coloniensis
725 3361 877 3443 diocesis,
894 3361 960 3427 sint
975 3364 1124 3449 exempti
1141 3384 1160 3429 a
1175 3364 1307 3430 decima
1328 3365 1484 3451 imposita
1500 3385 1560 3451 per
1575 3365 1860 3452 archiepiscopum

504 3463 753 3530 Coloniensem.

546 3568 612 3633 Suo
628 3568 725 3634 nobis
740 3568 905 3635 dilecte...

547 3670 625 3737 Dat.
642 3672 741 3736 Avin.
760 3691 776 3756 5
795 3672 838 3738 id.
855 3673 1006 3739 februarii
1023 3695 1114 3739 anno
1134 3680 1162 3739 6.

538 3836 654 3897 Original
676 3853 729 3886 aux
742 3838 865 3886 Arcbires
886 3838 917 3885 de
933 3838 1085 3897 Duaseldort
1098 3840 1216 3887 archites
1226 3839 1259 3887 de
1282 3840 1307 3887 la
1319 3839 1702 3901 Collegialed'llssen‚n.179.
1723 3866 1755 3873 -
1778 3838 1859 3885 Sauer-

505 3918 574 3978 land,
586 3934 611 3969 n.
624 3922 671 3967 592
688 3921 794 3981 (texte).

552 4128 855 4211 1024-1027.
1541 4134 1819 4219 152229srvror.

550 4247 659 4325 Petro,
676 4246 836 4332 episcopo
859 4244 1103 4322 Cameracensi,
1120 4241 1315 4308 conceditur
1338 4240 1478 4306 facultas
1500 4236 1695 4305 conferendi
1718 4232 1855 4301 tabellio·

506 4359 604 4416 natus
620 4350 768 4416 officium
786 4349 906 4434 Egidio
921 4348 1131 4414 Cauchekiez
1147 4355 1182 4411 et
1197 4344 1217 4423 J
1220 4344 1344 4411 obanni
1360 4344 1402 4409 de
1419 4342 1522 4422 F0c0,
1539 4339 1667 4408 clericis
1683 4338 1761 4406 suis.

551 4454 689 4537 Quanto
704 4454 878 4538 majoris...

553 4558 630 4623 Dat.
647 4557 746 4622 Avin.
764 4577 781 4642 5
798 4556 842 4623 id.
860 4555 1013 4622 februarii
1029 4575 1119 4621 anno
1137 4557 1166 4619 6.

543 4722 604 4783 neg.
617 4724 664 4771 nv.
678 4724 716 4781 ro,
729 4722 747 4770 r.
760 4723 814 4780 roo,
834 4736 859 4770 n.
872 4724 911 4770 so.

553 4939 655 5003 1025.
679 4971 719 4979 -
742 4931 862 4998 Eidem
877 4932 1066 5018 indulgetur
1080 4936 1119 4994 ut
1134 4925 1301 5005 ecclesiae,
1325 4922 1470 5009 capellas
1492 4928 1527 4985 et
1550 4918 1714 4985 cimiteria
1739 4926 1848 5016 suarum

509 5043 654 5110 civitatis
678 5049 713 5106 et
737 5035 877 5105 diocesis
903 5055 963 5123 per
986 5034 1132 5119 aliquem
1157 5028 1367 5097 sacerdotem
1389 5024 1432 5092 ad
1457 5022 1639 5091 triennium
1665 5015 1848 5090 reconcilian

511 5148 621 5215 facere
636 5147 757 5213 valeat.
