4409 6017
889 774 1037 841 Huitibme
1057 769 1159 838 eunde.
1649 757 1712 830 lta

398 1043 553 1111 Henrico
566 1044 609 1111 de
627 1043 782 1111 blandria
793 1042 999 1130 compatitur
1010 1041 1052 1107 de
1064 1022 1216 1126 dampno
1227 1058 1326 1126 passo
1338 1023 1373 1104 ἰὴ
1384 1037 1544 1106 conflictu
1559 1035 1593 1101 in
1609 1034 1713 1103 comi-

341 1153 430 1211 tatu
447 1145 692 1213 Mediolanensi
708 1146 835 1213 habito.
1485 1155 1488 1160 ’

357 1238 359 1240 ’
398 1250 453 1316 De
468 1250 559 1335 gravi
574 1250 791 1337 dispendio...

398 1354 479 1420 Dat.
494 1355 647 1422 kalendis
661 1356 775 1442 aprilis
790 1376 881 1421 anno
897 1357 926 1421 8.
1139 1446 1143 1454 ι

385 1494 450 1554 Reg.
462 1493 522 1545 Vat.
538 1496 590 1553 112,
605 1509 664 1557 pars
675 1494 695 1560 l,
708 1495 727 1543 i.
740 1497 792 1558 58',
806 1509 831 1542 n.
843 1495 898 1541 226.

398 1680 530 1763 1311.
1409 1709 1505 1774 1324,
1530 1706 1551 1772 7
1573 1688 1670 1755 avril.

396 1797 473 1863 Ade
488 1798 531 1863 de
548 1797 732 1864 Donnonio
753 1796 923 1865 confertur
947 1796 1167 1868 canonicatus
1192 1793 1332 1868 ecclesie
1357 1792 1388 1858 S.
1406 1791 1495 1858 Petri
1523 1791 1573 1877 de
1592 1790 1715 1874 Insula,

347 1901 577 1967 Tomaeensis
593 1901 745 1983 diocesis,
761 1902 821 1967 sub
838 1899 1076 1986 expectatione
1099 1897 1289 1986 prebende,¹
1303 1917 1372 1962 non
1395 1897 1551 1962 obstante
1575 1895 1665 1980 quod
1681 1895 1714 1960 in

348 2005 572 2071 Atrebatensi
588 2015 624 2071 et
639 2005 671 2072 S.
687 2005 801 2070 Amati
819 2004 1005 2069 Duacensis
1020 2002 1171 2070 ecclesiis
1186 2000 1403 2068 canonicatus
1417 2008 1453 2086 et
1468 1999 1664 2085 prebendas,
1680 2009 1715 2065 et

349 2110 520 2196 capellam
535 2108 578 2174 de
595 2108 791 2189 Donnonio,
806 2108 1039 2173 Atrebatensis
1055 2105 1207 2185 diocesis,
1220 2103 1362 2170 obtinet.

400 2212 581 2279 Probitatis
596 2222 694 2279 tue...

401 2320 482 2383 Dat.
496 2318 598 2384 Avin.
614 2336 632 2402 7
648 2317 693 2384 id.
708 2318 821 2404 aprilis
836 2339 926 2385 anno
944 2318 973 2381 8.

402 2420 443 2486 In
459 2442 488 2486 e.
503 2441 549 2487 m.
565 2420 695 2488 decano
711 2422 742 2487 S.
760 2421 847 2487 Petri
873 2418 1059 2489 Duacensis
1082 2426 1117 2484 et
1141 2418 1312 2506 preposito
1335 2420 1567 2487 Atrebatensis
1588 2441 1631 2487 ac
1646 2441 1718 2487 sco-

353 2525 481 2592 lastico
497 2523 749 2592 Cameracensis
765 2525 992 2593 ecclesiarum.

391 2664 453 2723 Reg.
465 2665 513 2711 Av.
525 2665 565 2721 20,
580 2664 598 2712 f.
613 2665 688 2719 548v;
701 2664 759 2712 l'at.
775 2665 814 2722 76,
829 2665 846 2713 l.
862 2667 928 2722 320',
942 2679 966 2713 n.
982 2665 1036 2711 972.

407 2850 540 2934 1312.
1085 2876 1087 2881 '
1431 2884 1525 2948 ¹328>
1542 2882 1562 2947 7
1577 2865 1675 2932 avril.

407 2969 575 3055 Episcopo
590 2967 767 3035 Leodiensi
777 2968 975 3053 regratiatur
989 2968 1032 3033 de
1048 2966 1219 3034 oblatione
1236 2978 1371 3033 centum
1383 2968 1590 3053 galeatorum
1602 2977 1721 3035 contra

357 3074 505 3138 rebelles
519 3073 660 3138 ecclesie
676 3072 929 3138 mittendorum.
950 3140 954 3148 ,

408 3239 614 3326 «Episcopo
641 3239 830 3306 Leodiensi.
855 3239 883 3304 T
886 3260 941 3304 am
968 3239 1132 3305 relatione
1159 3238 1273 3304 dilecti
1302 3239 1359 3305 lilii
1376 3241 1482 3332 nostri
1498 3239 1673 3322 lobannis,
1689 3242 1720 3306 S.

360 3343 532 3409 Theodori
549 3343 679 3410 diaconi
696 3343 883 3425 cardinalis,
907 3364 1009 3428 quarn
1032 3341 1188 3428 specialis
1210 3342 1257 3407 tui
1281 3341 1394 3408 nuncii
1418 3363 1524 3434 nuper
1539 3345 1582 3413 ad
1597 3345 1720 3412 curiam

358 3449 529 3531 destinati,
545 3459 716 3536 gratanter
731 3448 921 3514 audivimus
937 3449 1028 3534 quod
1043 3449 1075 3513 in
1093 3449 1270 3515 servicium
1282 3455 1398 3513 sancte
1412 3447 1565 3515 Romane
1580 3434 1721 3516 ecclesie

359 3561 478 3620 contra
493 3553 607 3619 hostes
622 3563 657 3619 et
673 3554 814 3619 rebelles
829 3553 931 3638 ipsius
946 3553 1090 3638 partium
1116 3551 1330 3632 Lombardie,
1347 3550 1481 3636 quando
1496 3559 1531 3617 et
1547 3549 1601 3615 ubi
1617 3549 1722 3634 magis

362 3659 512 3745 placeret
527 3659 624 3723 nobis
640 3659 758 3723 militie
774 3666 831 3723 tue
847 3657 1039 3737 subsidium,
1063 3678 1140 3723 curn
1164 3664 1300 3722 centurn
1315 3655 1454 3742 galeatis
1470 3654 1634 3720 offerebas
1649 3674 1722 3740 per-

360 3763 521 3827 sonaliter
535 3771 570 3828 te
586 3771 776 3828 venturum.
794 3760 897 3826 Hanc
913 3761 1012 3845 igitur
1027 3761 1235 3826 oblationem
1250 3760 1343 3825 velut
1352 3759 1555 3825 benevolam
1571 3766 1606 3824 et
1620 3757 1723 3823 Altis·

360 3865 447 3930 simo
462 3865 632 3950 placidam
653 3874 881 3951 acceptantes
904 3873 949 3944 te,
974 3864 1075 3929 frater
1097 3872 1221 3943 noster,
1244 3863 1424 3950 plurimum
1447 3858 1725 3930 commendamus

361 3971 395 4034 in
412 3971 561 4036 Domino
576 3979 612 4036 et
626 3978 804 4056 propterea
814 3969 933 4032 uberes
944 3966 1117 4033 referimus
1126 3967 1186 4033 tibi
1196 3974 1316 4052 grates
1327 3966 1494 4050 Quocirca
1503 3973 1724 4052 expectantes

360 4074 404 4139 de
421 4083 535 4139 cetero
551 4074 648 4140 avide
676 4074 821 4139 futurum
847 4072 944 4156 hujus
968 4080 1026 4137 tue
1052 4071 1233 4138 oblationis
1257 4071 1426 4150 effectum,
1451 4090 1518 4154 quo
1541 4071 1614 4157 plus
1630 4069 1723 4133 illum

361 4179 557 4245 sciverimus
573 4180 727 4257 celerem,
744 4185 841 4241 tanto
857 4176 1045 4258 hujusmodi
1070 4177 1277 4241 oblationem
1299 4183 1394 4239 tuam
1410 4173 1638 4260 reputabimus
1652 4193 1725 4257 gra·

362 4284 496 4349 tiorem.
514 4283 593 4347 Dat.
610 4283 709 4346 Avin.
726 4302 743 4364 7
761 4281 803 4346 id.
820 4281 931 4366 aprilis
946 4300 1036 4345 anno
1053 4281 1083 4344 8.
1100 4302 1117 4342 n

398 4424 459 4482 Reg.
475 4422 532 4468 l'at.
548 4424 599 4468 112.
614 4436 671 4483 pars
684 4421 715 4467 ll.
729 4421 745 4468 i.
763 4423 798 4467 75.
814 4435 837 4468 n.
853 4422 907 4465 llllb'.

413 4608 547 4693 1313.
1415 4640 1511 4703 1524,
1528 4641 1568 4683 11
1586 4620 1682 4685 avril.

410 4727 567 4805 Guidoni,
578 4726 738 4812 episcopo
751 4725 967 4804 lomacensi,
980 4724 1154 4789 nuntiatur
1166 4725 1236 4808 ejus
1247 4724 1423 4789 translatio
1439 4723 1481 4788 ad
1497 4724 1727 4809 episcopatum

364 4834 658 4910 Cameracensem,
669 4838 846 4895 vacantem
860 4850 918 4914 per
929 4829 1184 4893 translationem
1197 4828 1297 4909 Petri,
1308 4827 1455 4913 episcopi
1467 4825 1729 4905 Cameracensis,

367 4937 414 5004 ad
431 4936 663 5022 episcopatum
680 4934 902 5017 Bajocensem
920 4934 976 5017 (¹).

405 5206 425 5249 l.
440 5201 479 5247 Cf.
492 5215 517 5249 n.
533 5202 601 5247 13⁰7.
