4409 6017
882 742 1029 808 Premi'ere
1050 743 1153 810 annae.
1663 749 1702 813 88

393 886 628 970 264-267.
1410 925 1504 990 1317,
1521 927 1539 971 r
1557 929 1660 974 mars.

392 1004 581 1087 Bertrando,
597 1007 629 1073 S.
641 1006 748 1072 Marie
764 1007 797 1072 in
813 1009 939 1091 Aquiro
954 1008 1098 1074 diacono
1108 1008 1274 1091 cardinali,
1294 1010 1548 1076 commendatur
1559 1011 1705 1077 sacristia

362 1109 479 1175 ecclesie
510 1109 751 1195 Lugdunensis
781 1132 904 1177 vacans
934 1133 993 1198 per
1023 1113 1153 1177 obitum
1183 1111 1351 1177 Guillelmi
1383 1111 1585 1199 Raymundi,
1617 1115 1705 1201 apud

361 1212 461 1279 Sedem
486 1215 705 1300 apostolicam
731 1216 890 1294 defuncti,
907 1237 976 1281 non
1001 1218 1158 1281 obstante
1183 1217 1273 1301 quod
1289 1216 1320 1283 S.
1338 1215 1445 1282 Marie
1464 1217 1498 1281 in
1514 1218 1640 1302 Aquiro
1663 1219 1706 1284 de

362 1315 436 1382 Urbe
451 1328 486 1382 et
502 1317 535 1384 S.
552 1318 639 1383 Petri
656 1318 699 1384 de
714 1318 954 1403 Greichenquis
970 1322 1135 1398 ecclesias
1151 1320 1221 1385 sine
1237 1341 1323 1399 cura,
1340 1319 1533 1386 Tholosane
1555 1321 1705 1400 diocesis

359 1442 387 1485 rc
398 1421 702 1488 archidiaconatum
718 1422 761 1487 de
777 1421 924 1488 Vallibus
940 1424 973 1487 in
990 1424 1129 1489 ecclesia
1145 1423 1339 1489 Caturcensi
1352 1444 1390 1490 ac
1406 1423 1440 1488 in
1456 1424 1526 1509 ipsa
1539 1433 1573 1491 et
1584 1423 1706 1490 Catha-

358 1525 493 1590 lumensi
524 1547 564 1591 ac
595 1525 772 1591 Leodiensi
806 1527 953 1592 ecclesiis
983 1528 1218 1593 canonicatum
1250 1538 1284 1591 et
1322 1528 1527 1613 prebendam
1565 1528 1706 1608 obtinet,

356 1628 500 1713 quodque
530 1629 561 1693 ei
591 1649 696 1715 nuper
724 1630 887 1716 prioratus
917 1630 948 1696 S.
979 1630 1111 1710 Albani,
1136 1631 1179 1696 ad
1203 1630 1441 1696 monasterium
1479 1632 1510 1697 S.
1544 1632 1706 1716 Eugendi‚
1814 1659 1818 1665 ·

354 1732 387 1796 0.
402 1732 433 1797 S.
450 1731 500 1814 Β,
518 1731 750 1817 Lugdunensis
765 1734 915 1812 diocesis,
931 1734 1112 1819 pertinens,
1129 1744 1163 1799 et
1180 1734 1319 1800 ecclesia
1335 1735 1366 1800 S.
1388 1734 1530 1800 Victoris
1545 1735 1587 1800 de
1604 1734 1707 1815 Cuc0,

351 1856 419 1901 cum
440 1856 529 1916 cura,
546 1857 585 1903 ac
601 1836 730 1903 decime
746 1836 832 1903 Ville
849 1837 996 1916 Urbane,
1012 1836 1205 1903 Tholosane
1221 1859 1259 1904 ac
1276 1838 1505 1922 Lugdunensis
1526 1838 1707 1917 diocesum,

349 1940 523 2005 commissa
538 1949 627 2006 sunt.

388 2043 480 2107 Dum
495 2042 540 2109 ad
554 2063 743 2130 personam.
752 2096 775 2111 ..

388 2146 467 2214 Dat.
484 2147 597 2214 Avin.
612 2147 678 2214 kal.
694 2147 804 2214 martii
820 2169 910 2214 anno
931 2170 957 2215 1.

377 2286 440 2346 Beg.
453 2286 501 2334 Ar.
514 2289 538 2343 6,
551 2288 569 2335 i.
584 2290 641 2335 175ν
652 2303 658 2344 ;
671 2287 731 2336 Vnt.
747 2288 785 2346 65,
793 2287 811 2335 f.
824 2288 889 2343 267',
902 2302 927 2335 n.
940 2288 1012 2334 2619.

386 2461 474 2524 265.
492 2491 537 2500 —
555 2452 673 2517 Eidem
690 2452 847 2518 cardinali
862 2451 1118 2517 commendatur
1137 2452 1300 2536 prioratus
1321 2451 1352 2515 S.
1368 2451 1490 2516 Albani
1515 2451 1557 2516 ad
1577 2471 1711 2516 monas·

340 2559 467 2624 terium
495 2557 528 2623 S.
545 2556 697 2640 Eugendi
722 2553 879 2635 Jurensis,
896 2554 938 2622 Ο,
954 2554 986 2622 S.
1003 2553 1052 2633 Β,
1079 2554 1309 2639 Lugdunensis
1333 2554 1482 2633 diocesis,
1506 2576 1628 2620 vacans
1653 2576 1712 2641 per

341 2663 476 2728 obitum
494 2660 644 2746 ejusdem
657 2658 836 2724 Guillelmi.

391 2766 483 2830 Dum
500 2764 711 2848 exquisita...

393 2870 472 2935 Dat.
488 2869 590 2933 Avin.
606 2866 672 2933 kal.
689 2867 797 2932 martii
813 2888 903 2932 anno
923 2888 949 2931 1.

382 3010 443 3069 llrg.
456 3010 504 3056 Ar.
518 3009 541 3065 6,
550 3008 567 3054 f.
580 3009 638 3054 :307'
649 3023 655 3060 ;
667 3006 727 3053 l'nl.
740 3008 778 3063 65,
791 3007 808 3053 l.
817 3007 872 3062 266,
885 3019 909 3052 n.
922 3006 993 3051 2650.

393 3182 478 3243 266.
495 3211 540 3220 -
557 3172 674 3238 Eidem
698 3170 854 3237 cardinali
878 3170 1133 3236 commendatur
1163 3168 1301 3234 ecclesia
1325 3168 1356 3231 S.
1381 3168 1523 3234 Victoris
1546 3168 1588 3234 de
1612 3168 1714 3247 Cuc0,

348 3279 377 3343 T
380 3280 546 3343 lrolosane
572 3276 722 3354 diocesiS,
746 3296 822 3340 curn
849 3274 983 3358 capellis
1014 3272 1162 3352 annexis,
1178 3292 1301 3336 vacans
1325 3291 1384 3356 per
1410 3273 1539 3338 obitum
1567 3272 1716 3356 ejusdem

349 3380 535 3446 Guillelmi.

398 3486 489 3550 Dum
506 3482 711 3567 exquisita...

400 3589 477 3654 Dat.
494 3587 594 3652 Avin.
610 3585 676 3651 kal.
693 3586 800 3679 martii
817 3606 907 3650 anno
928 3606 953 3649 1.

388 3728 448 3787 lior.
461 3729 510 3773 Ar.
523 3727 546 3773 6.
559 3724 576 3772 t.
589 3725 664 3773 389l:
679 3723 735 3770 l'al.
749 3725 787 3780 65,
800 3723 818 3770 l.
831 3724 886 3772 274.
899 3737 923 3769 u.
937 3722 1008 3768 2666.

400 3907 481 3967 267.
494 3934 537 3944 -
549 3895 667 3960 Eidem
678 3894 833 3960 cardinali
844 3893 1059 3959 conferuntur
1073 3890 1296 3957 decimeVille
1307 3889 1445 3956 Urbane
1461 3900 1495 3955 et
1511 3890 1553 3954 de
1570 3889 1718 3968 Calzoni,

354 3998 589 4087 Lugdunensis
618 3997 768 4076 diocesis,
799 3997 842 4062 ad
879 4017 1029 4061 mensam
1068 3995 1228 4081 episcopi,
1248 3993 1479 4077 Lugdunensis
1517 3999 1720 4077 spectantes,

353 4115 516 4173 vacantes
530 4122 591 4188 per
605 4101 735 4166 obitum
752 4100 900 4184 ejusdem
917 4100 1097 4164 Guillelmi.

403 4210 494 4274 Dum
510 4204 716 4290 exquisita...

401 4313 481 4377 Dat.
497 4310 596 4374 Avin.
613 4307 678 4373 kal.
695 4308 804 4372 martii
820 4327 910 4371 anno
931 4325 956 4369 1.

401 4415 442 4480 In
459 4435 488 4479 e.
505 4435 549 4478 m.
566 4412 676 4478 abbati
702 4410 893 4475 monasterii
910 4408 1135 4483 Galliacensis,
1152 4406 1318 4471 Albiensis
1334 4405 1485 4483 diocesis,
1502 4414 1535 4470 et
1559 4405 1722 4490 magistris

355 4517 506 4584 Geraldo
530 4515 573 4580 de
596 4514 764 4594 Lautrico,
781 4512 983 4591 Tholosane,
1008 4533 1047 4576 ac
1064 4510 1225 4575 Ratlrerio
1249 4510 1292 4575 de
1318 4508 1535 4586 Mirornonte,
1557 4508 1724 4573 Albiensis

356 4620 529 4689 canonicis
545 4617 768 4684 ecclesiarum.

392 4760 455 4821 ch.
467 4760 518 4806 Ar.
531 4760 553 4815 6,
564 4757 582 4805 i.
594 4756 653 4803 466ν
664 4771 670 4812 ;
683 4754 742 4802 Vnt.
755 4756 793 4811 66,
802 4756 819 4800 f.
833 4756 882 4805 22¹.
894 4768 920 4800 n.
932 4755 1003 4800 311178.

402 4928 519 5011 268.
1431 4952 1525 5018 1317,
1541 4951 1562 5013 5
1579 4955 1681 4997 mars.

406 5047 571 5132 Magistro
598 5042 797 5127 Pandulpbo
823 5041 866 5105 de
893 5041 1039 5119 Sabellis,
1068 5041 1199 5105 notario
1226 5060 1322 5125 pape,
1348 5037 1537 5120 indulgetur
1563 5046 1726 5120 quatenus

361 5152 487 5217 fructus
501 5148 746 5215 subdecanatus
773 5144 912 5211 ecclesie
945 5143 1165 5209 Eboracensis
1188 5163 1321 5208 necnon
1348 5140 1554 5227 prepositure
1581 5139 1623 5203 de
1640 5138 1726 5204 Cha·
