4409 6017
511 690 569 755 410
1064 693 1191 761 Sixibme
1211 696 1315 761 annae.

513 840 694 929 prohibita,
711 864 774 909 nec
790 844 857 911 siut
881 853 1018 933 propter
1043 845 1125 912 mali
1151 847 1345 933 exemplum
1371 846 1581 931 aliquatenus
1607 846 1801 930 toleranda,
1820 867 1869 911 nos

513 947 668 1012 volentes
684 967 783 1033 super
797 947 864 1014 hoc
879 948 1065 1016 remedium
1087 970 1258 1036 apponere
1282 958 1495 1037 oportunum,
1512 949 1720 1016 fraternitati
1747 959 1805 1016 tue
1824 969 1869 1035 per

513 1051 699 1136 apostolica
725 1051 850 1137 scripta
873 1053 1074 1120 mandamus
1099 1055 1256 1140 quatinus
1275 1055 1420 1121 eundem
1445 1054 1617 1135 comitem,
1643 1075 1753 1139 quem
1779 1054 1868 1120 absol·

513 1154 623 1221 vimus
639 1158 681 1222 ab
697 1155 886 1242 hujusmodi
899 1158 1102 1243 juramento,
1119 1158 1338 1245 promissione
1354 1167 1389 1226 et
1404 1158 1609 1244 obligatione
1631 1158 1809 1245 predictis,
1820 1179 1868 1243 que

515 1258 588 1346 ipso
596 1260 669 1345 jure
684 1261 776 1326 nulle
788 1261 930 1328 existere
942 1261 1171 1347 dinoscuntur,
1180 1284 1393 1350 nequaquam
1402 1263 1625 1345 obstantibus,
1638 1262 1739 1347 quod
1749 1260 1869 1328 eosdem

513 1365 681 1431 usurarios
697 1366 845 1451 expellat
861 1366 903 1432 de
919 1386 978 1432 sua
993 1375 1083 1434 terra
1093 1367 1136 1433 de
1147 1368 1276 1433 Avenis
1286 1367 1446 1455 predicta,
1459 1375 1559 1453 prout
1574 1365 1704 1433 videris
1714 1365 1869 1452 expedire,

514 1468 716 1535 auctoritate
730 1478 845 1536 nostra
860 1470 1055 1557 compellas,
1070 1491 1135 1536 nec
1159 1472 1333 1558 permittas
1360 1471 1505 1537 eundem
1528 1469 1572 1536 ad
1599 1471 1694 1557 ipsos
1717 1469 1870 1536 usurarios

514 1572 728 1639 retinendum
744 1576 786 1640 ab
813 1574 979 1660 aliquibus
994 1576 1152 1661 compelli
1168 1597 1228 1642 seu
1251 1576 1354 1642 etiam
1369 1571 1651 1642 molestariNou
1678 1576 1867 1640 obstante...

517 1676 596 1743 Dat.
612 1677 718 1743 Avin.
729 1677 795 1744 kal.
812 1680 1013 1766 septembris
1028 1700 1118 1746 anno
1135 1684 1192 1746 6.»

549 1815 610 1876 neg.
625 1816 673 1865 Av.
690 1818 728 1877 17,
742 1817 761 1865 f.
775 1819 820 1865 127
833 1818 907 1874 mas.
924 1820 961 1878 rs,
974 1819 992 1868 f.
1008 1820 1063 1878 ns,
1077 1833 1103 1868 n.
1120 1803 1191 1868 noa

558 1980 703 2065 1085.
1494 2015 1589 2080 1322,
1607 2016 1625 2060 r
1642 1996 1836 2083 septembre.

558 2098 578 2177 J
581 2100 707 2166 ohanni
720 2101 845 2168 Cesarii
861 2103 904 2169 de
915 2102 1019 2183 Urbe,
1030 2102 1207 2187 capellano
1217 2109 1252 2167 et
1267 2099 1420 2166 familiari
1437 2098 1682 2184 Neapoleonis,
1699 2098 1733 2164 S.
1744 2094 1870 2164 Adriani

516 2202 651 2282 diaconi
667 2205 852 2288 cardinalis,
873 2206 1043 2272 confertur
1058 2205 1275 2272 canonicatus
1290 2203 1431 2271 ecclesie
1447 2202 1482 2268 N
1484 2201 1665 2282 ivellensis,
1683 2199 1871 2267 Leodiensis

516 2307 668 2388 diocesis,
684 2312 745 2376 sub
761 2310 998 2396 expectatione
1013 2308 1192 2397 prebende,
1208 2328 1277 2374 non
1293 2311 1449 2374 obstante
1464 2306 1556 2391 quod
1578 2306 1613 2370 in
1626 2303 1832 2371 Abrincensi
1845 2311 1872 2368 et

517 2411 549 2478 S.
565 2412 788 2499 Simphoriani
806 2412 983 2480 Remensis
998 2413 1147 2480 ecclesiis
1162 2412 1380 2479 canonicatus
1395 2419 1431 2477 et
1445 2408 1633 2497 prebendas
1648 2408 1798 2475 obtinet.

560 2518 758 2604 Apostolice
774 2518 1023 2585 liberalitatis...

562 2620 641 2687 Dat.
656 2621 755 2689 Avin.
771 2621 838 2689 kal.
854 2621 1052 2708 septembris
1067 2641 1157 2687 anno
1175 2627 1203 2688 ό.

563 2724 602 2789 ln
618 2745 647 2791 e.
663 2746 708 2790 m.
724 2725 960 2792 archidiacono
977 2723 1226 2811 Majoricarum,
1242 2723 1470 2816 Legionensis,
1481 2730 1517 2788 et
1527 2721 1657 2789 cantori
1676 2718 1876 2787 Turonensis

517 2849 558 2896 ac
574 2827 752 2896 Frederico
768 2829 810 2895 de
821 2828 841 2907 J
844 2848 941 2911 anua,
957 2829 1121 2896 canonico
1137 2828 1313 2895 Remensis
1328 2828 1557 2895 ecclesiarum.

552 2961 613 3031 neg
628 2972 676 3019 nv.
692 2971 731 3030 17,
745 2970 763 3018 t.
777 2971 838 3018 222ν
850 2985 856 3022 ι
870 2969 928 3020 vn.
944 2972 983 3030 73,
997 2971 1015 3019 r.
1031 2972 1099 3030 430¹,
1113 2985 1139 3021 n.
1154 2973 1222 3019 noa.
