4409 6017
500 687 563 753 578
1038 681 1197 747 sennenn
1215 680 1322 745 tunae

502 833 542 901 B.
559 833 649 900 Petri
668 831 749 918 juris
764 831 888 910 existit,
904 830 937 895 in
953 850 1021 915 quo
1034 829 1152 895 dirino
1168 829 1249 894 eatis
1260 828 1423 913 obsequio
1431 829 1651 916 mancipati,
1665 831 1735 896 sub
1749 827 1788 894 B.
1799 825 1858 893 Par

501 951 538 1004 et
552 947 669 1004 nostra
683 935 894 1022 protectione
906 934 1104 1020 suscipimus
1117 957 1126 1012 ;
1141 931 1353 998 adindicirun
1365 943 1482 997 autem
1496 931 1601 1018 quod
1617 931 1860 1018 idemhospittl

502 1041 545 1108 ad
557 1043 610 1127 jus
625 1053 661 1105 et
675 1039 915 1126 proprietatem
934 1036 971 1102 B.
988 1036 1077 1103 Petri
1093 1038 1189 1102 nullo
1212 1036 1384 1101 mediante
1408 1036 1600 1121 pertineat,
1619 1037 1767 1123 signum
1779 1034 1860 1110 cltr'a

501 1145 610 1212 eidem
629 1142 667 1209 Β.
685 1141 819 1207 Petroa
837 1141 985 1206 llomino
1000 1143 1166 1206 salvatore
1186 1153 1304 1206 nostro
1325 1140 1460 1220 collate,
1471 1139 1517 1205 de
1533 1140 1778 1208 concessione
1796 1158 1863 1226 apte

500 1249 602 1316 tolica
625 1246 792 1312 ‹leseretis
818 1244 911 1310 Nulli
936 1266 1016 1331 ergo
1039 1246 1180 1310 omnino
1203 1244 1379 1309 hominum
1402 1242 1505 1309 lioeat
1519 1244 1715 1331 prefattnn
1729 1244 1864 1332 hospitale

500 1353 553 1418 vel
568 1354 658 1417 bona
673 1351 776 1437 ipsius
790 1361 849 1413 aut
870 1369 1028 1434 personas
1044 1359 1172 1414 vestras
1186 1359 1316 1414 temere
1330 1349 1529 1433 perttnbare
1540 1350 1606 1414 rel
1621 1349 1726 1416 hanc
1738 1349 1865 1436 pagimu

500 1467 613 1522 nostre
629 1453 849 1541 protectionis
863 1465 899 1517 et
914 1453 1140 1519 concessionis
1154 1452 1332 1538 infringere
1347 1450 1401 1515 vel
1415 1451 1448 1515 ei
1462 1451 1705 1536 aliquatenus
1719 1451 1866 1521 oonmie

500 1560 533 1625 Si
550 1559 623 1644 quis
639 1569 752 1623 autem
769 1556 834 1622 hoc
856 1568 1062 1642 attemptare
1077 1555 1327 1643 presumpserit,
1340 1554 1622 1638 indignationem
1638 1553 1865 1646 omnipotenti

504 1662 566 1728 llei
598 1674 633 1727 et
663 1659 732 1727 BB.
759 1659 846 1724 Petri
873 1669 908 1725 et
934 1659 1037 1740 Pauli,
1063 1662 1292 1746 apostolorum
1316 1660 1398 1743 ejuS,
1423 1670 1460 1724 se
1488 1659 1640 1727 noverit
1670 1661 1864 1730 incursum

503 1767 629 1832 Datum
647 1762 829 1848 Lugduni6
845 1763 917 1829 idus
932 1763 1010 1829 maii
1033 1764 1250 1849 pontificatus
1264 1762 1369 1829 nostri
1383 1782 1475 1827 auno
1489 1764 1661 1832 muido
1681 1769 1699 1852 (
1719 1775 1748 1852 ).

544 1868 704 1934 Ceterum
732 1879 769 1931 ut
794 1866 983 1953 hujusmodi
1008 1877 1108 1933 tenor
1130 1866 1360 1933 omnimodam
1386 1866 1433 1931 rei
1457 1886 1519 1931 seu
1534 1866 1627 1934 facti
1644 1869 1868 1938 certitudinn

499 1971 600 2038 iaciat
615 1971 662 2036 sic
677 1970 830 2050 insertus,
846 1971 1048 2035 auctoritate
1072 1971 1258 2057 apostolica
1279 1969 1490 2035 decernimus
1513 1980 1553 2035 ut
1571 1970 1667 2039 illud
1684 1973 1781 2040 idem
1794 1975 1868 2039 robu

496 2096 639 2160 eamque
665 2075 733 2139 vim
749 2072 960 2158 eundemque
977 2075 1126 2158 n'gorem
1141 2095 1201 2160 per
1216 2074 1331 2139 omnia
1346 2073 1469 2138 habeat
1489 2083 1527 2139 et
1542 2083 1690 2159 teneat,
1707 2099 1778 2164 que
1790 2078 1868 2143 habet

498 2179 706 2267 privilegium
729 2176 967 2263 supradictum,
984 2186 1019 2242 et
1041 2178 1161 2244 eadem
1184 2198 1318 2265 prorsus
1342 2176 1403 2242 sibi
1431 2175 1516 2242 fides
1536 2177 1774 2265 adhibeatur,
1789 2200 1867 2269 quau

498 2283 676 2368 docunque
700 2291 735 2347 et
750 2280 939 2365 ubicunque
955 2282 1026 2346 sive
1043 2282 1075 2347 in
1100 2282 1228 2368 judicio
1243 2283 1297 2348 vel
1313 2282 1391 2347 alibi
1407 2281 1463 2345 ubi
1484 2280 1593 2348 fuerit
1610 2286 1816 2354 exhibitum
1832 2284 1869 2348 vel

499 2399 682 2466 ostensum,
695 2396 730 2451 et
746 2394 854 2450 stetur
868 2385 899 2449 ei
917 2385 1053 2450 firmiter
1069 2386 1101 2451 in
1119 2386 1285 2468 omnibus,
1298 2385 1383 2452 sicut
1396 2383 1508 2450 eidem
1523 2386 1723 2476 privilegio
1738 2399 1870 2458 staretn.

499 2491 526 2558 si
543 2489 628 2556 soret
644 2488 829 2554 exhibitum
846 2489 898 2553 vel
915 2498 1098 2570 ostensum,
1112 2499 1147 2555 et
1170 2490 1299 2556 firmam
1319 2488 1420 2554 fidem
1435 2508 1496 2574 per
1511 2490 1639 2558 omnia
1652 2492 1775 2576 faciat,
1789 2496 1870 2561 euan

501 2593 528 2661 si
552 2592 761 2680 privilegium
792 2592 979 2674 predictum
1013 2613 1083 2659 non
1117 2594 1341 2674 exhiberetur,
1365 2611 1429 2657 nec
1452 2604 1657 2678 appareret,
1686 2618 1760 2666 nec
1789 2597 1870 2665 etian

502 2697 690 2763 baberetur.
715 2695 778 2760 Per
801 2696 866 2762 boc
897 2709 1011 2761 autem
1042 2717 1112 2763 non
1145 2697 1351 2763 intendimus
1383 2695 1480 2761 vobis
1502 2703 1540 2760 et
1564 2696 1746 2787 hospitali
1778 2711 1871 2770 vestro

501 2800 638 2886 aliquod
650 2800 703 2885 jus
718 2799 843 2883 acquiri
859 2798 901 2864 de
918 2820 1018 2881 novo,
1037 2800 1097 2866 sed
1112 2801 1288 2885 antiquum
1303 2798 1544 2865 tantummodo
1569 2804 1773 2874 observari.
1796 2803 1870 2873 Nulli

500 2914 565 2971 ete,
582 2912 695 2969 nostre
718 2903 969 2969 constitutionis
985 2913 1020 2969 et
1035 2904 1233 2970 intentionis
1249 2903 1426 2989 infringere
1440 2912 1507 2969 etc.
1528 2902 1617 2973 Dat.
1634 2909 1748 2979 Avin.
1769 2931 1805 2997 15
1819 2908 1869 2974 kal

497 3027 580 3092 Junn
593 3027 683 3073 anno
697 3029 725 3087 9.
738 3033 755 3068 a

537 3144 594 3202 its-g.
608 3147 654 3191 liv.
667 3150 707 3204 22,
722 3146 739 3193 i.
755 3147 831 3192 litut:
847 3144 904 3192 l'at.
921 3147 958 3202 fu,
972 3145 989 3192 1.
1000 3146 1068 3202 lll‘l',
1084 3159 1108 3191 n.
1123 3146 1193 3192 11115.

550 3312 692 3396 1580.
1575 3346 1679 3409 ¹325·
1697 3350 1742 3414 19
1762 3330 1833 3393 mai.

545 3430 726 3495 (luillebno
760 3429 852 3494 dicto
886 3428 1016 3492 boneta
1049 3428 1091 3493 de
1124 3429 1236 3492 Salmo
1269 3427 1438 3492 confertur
1476 3428 1709 3496 canonicatus
1741 3429 1862 3498 ecclesie

501 3535 532 3601 S.
553 3534 638 3599 l'ctri
662 3534 818 3613 ariensis,
848 3531 1050 3596 Morinensis
1074 3531 1227 3611 diocesis,
1253 3534 1312 3595 sub
1338 3531 1578 3616 expectatione
1594 3534 1787 3618 prebende,
1809 3551 1859 3598 non

501 3641 657 3702 obstante
673 3636 763 3721 quod
783 3637 1026 3721 parrochialem
1042 3635 1219 3700 ecclesiam
1235 3634 1278 3699 de
1303 3633 1449 3716 Lochiis,
1467 3633 1698 3720 Lingonensis
1724 3637 1858 3710 diocesis

503 3742 644 3807 obtinet.

543 3846 713 3909 Attributa
737 3844 838 3910 tibi...

545 3949 620 4013 bat.
637 3948 735 4011 rivin.
758 3968 793 4031 14
810 3947 875 4012 kal.
889 3947 970 4032 junii
988 3968 1077 4011 anno
1095 3968 1124 4026 9.

543 4051 581 4116 lu
613 4072 702 4118 e.1n.
727 4052 854 4116 cantori
881 4051 1072 4116 Parisiensis
1103 4059 1138 4115 et
1164 4050 1371 4115 thesaurario
1403 4048 1608 4117 Morinensis
1641 4073 1683 4119 ao
1714 4054 1855 4140 magistro

498 4153 644 4233 Jolmnni
661 4154 703 4218 ‹le
720 4156 842 4234 Saltim,
859 4155 1022 4220 canonico
1039 4154 1270 4219 Laudunensis
1285 4154 1512 4221 ecclesiarum.

533 4293 593 4351 ltcp.
610 4295 655 4340 Αν.
671 4294 710 4348 23,
723 4292 740 4340 l.
753 4294 817 4346 2111ς
833 4292 890 4341 l'ot.
905 4295 941 4350 tu,
953 4292 969 4340 l.
985 4294 1039 4351 113,
1054 4307 1079 4340 n.
1095 4294 1163 4339 15111.

547 4472 680 4557 1581.
1527 4505 1626 4569 1325,
1644 4508 1689 4552 20
1706 4489 1782 4554 mm'.

540 4590 697 4670 Jolranni,
714 4597 797 4653 nato
813 4587 983 4672 quondam
1001 4585 1172 4652 Godefridi
1189 4587 1271 4653 dicti
1290 4587 1332 4652 de
1350 4586 1524 4668 Noieseur,
1543 4590 1718 4657 confertur
1733 4588 1852 4657 canoni·

499 4707 593 4760 catus
609 4692 749 4759 ecclesie
765 4693 796 4757 S.
814 4691 1041 4756 Bartholomei
1060 4690 1256 4757 Leodiensis
1272 4694 1331 4757 sub
1348 4691 1588 4777 expectatione
1605 4694 1787 4780 prebende,
1797 4711 1850 4758 non

507 4900 1200 4914 ....---„„-—„--„
1897 4847 1903 4918 ι

537 5043 558 5090 l.
573 5041 649 5089 Cultu
662 5036 731 5084 bullo
742 5037 777 5084 ‹ln
793 5040 820 5084 lll
833 5037 883 5083 nial
900 5038 960 5082 1215
980 5048 1090 5094 nutuque
1107 5032 1172 5080 (lans
1191 5032 1226 5080 los
1249 5032 1376 5092 [capistro
1394 5027 1542 5077 d'lunmnt
1562 5027 1611 5075 11’
1625 5029 1732 5093 publiea
1746 5043 1791 5095 put
1807 5011 1851 5074 1111

506 5123 605 5183 llcrgcr.
