4409 6017
957 764 1115 829 Deuxieme
1136 764 1238 829 auree.
1715 768 1776 829 203

423 912 565 995 predicte
592 933 730 997 presens
755 913 904 979 interfuit
930 922 964 979 et
991 934 1146 999 expresse
1184 914 1354 979 consensit
1376 914 1548 1000 ipsamque
1572 916 1719 981 laudavit
1745 924 1780 979 et

422 1016 516 1079 etiarn
533 1017 744 1101 approbavit,
761 1017 826 1082 fide
853 1026 888 1082 et
900 1019 1092 1103 juramento
1118 1039 1178 1103 per
1193 1018 1301 1103 ipsum
1326 1018 1481 1103 prestitis,
1497 1019 1649 1103 promisit
1665 1026 1780 1084 contra

421 1120 670 1184 concessionem
686 1129 720 1185 et
747 1120 965 1186 donationem
984 1121 1150 1207 predictas
1177 1142 1287 1206 perse
1303 1124 1356 1186 vel
1379 1122 1480 1186 aliurn
1498 1144 1567 1188 non
1584 1123 1708 1203 venire,
1722 1122 1779 1187 sed

422 1223 488 1288 illas
505 1231 625 1288 contra
641 1244 759 1290 omnes
786 1247 957 1311 personas,
974 1234 1010 1290 ut
1027 1225 1137 1290 verbis
1153 1226 1224 1309 ejus
1249 1234 1391 1306 utamur,
1408 1247 1469 1311 pro
1486 1248 1521 1291 se
1537 1227 1670 1311 suisque
1686 1227 1780 1291 liere-

420 1326 512 1392 dibus
527 1328 738 1411 guarandire,
755 1329 975 1415 supplicando
991 1338 1202 1395 sacrosancte
1220 1329 1374 1395 Romane
1390 1352 1430 1396 ac
1453 1331 1648 1395 universalis
1665 1330 1780 1395 Eccle-

421 1432 462 1495 sie
479 1451 613 1495 summo
629 1433 781 1517 pontifici
807 1442 844 1498 ut
861 1434 1021 1519 premissa
1042 1433 1156 1498 omnia
1179 1442 1214 1497 et
1239 1434 1367 1518 singula
1394 1435 1464 1499 sine
1487 1436 1702 1518 requisitione
1718 1434 1781 1499 alia

421 1535 612 1620 dignaretur
642 1535 675 1600 in
702 1536 773 1621 ejus
808 1537 959 1602 absentia
995 1537 1192 1602 confirmare
1217 1544 1252 1601 et
1277 1538 1378 1602 etiam
1408 1537 1552 1603 eundem
1592 1537 1776 1602 Robertum

421 1638 677 1724 primogenitum
702 1641 903 1725 compellere
930 1649 967 1705 ut
994 1640 1155 1725 premissa
1180 1641 1302 1705 debeat
1333 1649 1448 1705 tenere
1472 1663 1529 1706 seu
1558 1662 1624 1706 non
1650 1651 1781 1706 contra-

422 1743 530 1807 venire
553 1762 672 1828 perse
695 1744 748 1807 vel
772 1744 925 1819 alium,in
951 1753 1027 1808 toto
1051 1746 1105 1808 vel
1130 1751 1341 1829 parte,prout
1365 1745 1398 1808 in
1421 1744 1599 1810 autenticis
1614 1754 1648 1809 et
1664 1755 1781 1828 paten-

422 1845 503 1910 tibus
525 1845 646 1911 litteris
666 1845 743 1912 inde
763 1847 935 1926 confectis,
951 1848 1119 1912 dictorum
1143 1846 1316 1928 Gnidonis,
1332 1848 1445 1932 patris,
1462 1856 1496 1912 et
1514 1847 1660 1929 Roberti,
1674 1847 1781 1911 fratris

422 1957 562 2030 tuorum,
579 1949 741 2015 comitum
759 1950 786 2013 F
788 1950 925 2031 landrie,
939 1951 1163 2036 predictorum
1189 1950 1304 2035 sigillis
1318 1962 1330 1984 ⁶
1347 1951 1493 2033 munitis,
1510 1971 1591 2036 quas
1607 1950 1781 2036 originales

423 2051 597 2118 exhibuisti
614 2053 703 2138 apud
728 2054 848 2118 Sedem
865 2054 1085 2139 apostolicam
1102 2074 1215 2119 coram
1239 2054 1335 2119 nobis
1351 2074 1556 2138 quarumque
1571 2063 1723 2119 tenorem
1739 2053 1781 2118 de

423 2159 520 2222 verbo
537 2156 580 2221 ad
597 2159 736 2222 verbum
753 2157 962 2242 presentibus
985 2158 1084 2221 inseri
1101 2156 1249 2234 fecimus,
1267 2156 1397 2242 plenius
1412 2165 1447 2221 et
1463 2157 1616 2222 seriosius
1632 2157 1782 2223 contine-

423 2270 480 2325 tur.
498 2259 574 2325 Nos
601 2259 725 2344 itaque,
742 2261 807 2325 tuis
832 2261 1131 2346 supplicationibus
1158 2260 1319 2341 inclinati,
1337 2262 1590 2326 concessionem
1615 2269 1649 2325 et
1679 2262 1782 2325 dona-

422 2364 546 2429 tionem
562 2363 742 2449 predictas,
759 2372 847 2429 ratas
863 2373 897 2429 et
913 2372 1023 2447 gratas
1038 2365 1214 2445 habentes,
1231 2365 1303 2429 illas
1318 2364 1518 2430 auctoritate
1533 2364 1728 2450 apostolica,
1741 2385 1782 2428 ex

423 2475 509 2532 certa
525 2467 678 2546 scientia,
695 2468 932 2533 confinnamus
955 2476 989 2532 et
1005 2468 1170 2552 presentis
1186 2467 1300 2552 scripti
1324 2468 1511 2553 patrocinio
1527 2468 1782 2533 communimus.

423 2570 529 2636 Tenor
545 2580 660 2636 autem
677 2571 901 2656 predictarum
918 2572 1103 2637 litterarum
1120 2572 1195 2636 talis
1211 2580 1283 2636 est:

464 2675 540 2741 Nos
556 2674 679 2755 Guido,
696 2697 809 2741 comes
827 2674 854 2739 F
857 2675 983 2741 landrie
1000 2684 1034 2740 et
1050 2675 1201 2741 marchio
1225 2674 1473 2756 Namurcensis,
1498 2683 1616 2740 notum
1643 2675 1783 2740 iacimus

425 2779 586 2845 universis
602 2778 693 2863 quod
707 2800 769 2844 nos
785 2780 910 2844 dilecto
926 2780 994 2844 lilio
1010 2790 1126 2844 nostro
1141 2778 1286 2856 Johanni
1313 2779 1355 2844 de
1380 2778 1552 2844 Namurco
1574 2779 1726 2844 dedimus
1749 2788 1783 2843 et

425 2884 650 2950 concessimus
676 2891 781 2948 terras
807 2903 865 2948 seu
890 2882 1032 2967 rejectus
1056 2883 1166 2964 maris,
1192 2903 1403 2967 quocumque
1418 2883 1484 2947 alio
1500 2883 1635 2947 nomine
1658 2883 1783 2967 volgari

425 2989 643 3075 appellentur,
667 3008 748 3071 quas
770 2987 933 3052 habemus
955 2987 1109 3072 jacentes
1136 2986 1222 3051 intra
1243 2987 1396 3071 Quatuor
1420 2985 1542 3052 Officia
1563 2996 1658 3052 e-xtra
1681 2996 1785 3051 terras

425 3098 616 3177 aggregatas
631 3111 689 3155 seu
705 3091 865 3155 sclusatas
881 3090 935 3154 die
950 3089 1122 3170 bodiema,
1138 3089 1296 3155 videlicet
1312 3111 1415 3154 unum
1431 3091 1590 3174 rejectum
1607 3091 1716 3171 maris,
1727 3090 1783 3174 qui

427 3194 546 3261 dicitur
561 3193 741 3278 volgariter
765 3215 839 3259 scor
863 3195 917 3258 vel
943 3194 1069 3274 utdich,
1091 3194 1146 3277 qui
1167 3194 1260 3278 jacet
1276 3194 1362 3258 inter
1381 3194 1558 3259 Adendich
1586 3203 1620 3258 et
1645 3195 1783 3279 Stripee,

424 3318 479 3382 pro
507 3319 576 3363 una
591 3307 686 3383 parte
703 3298 736 3361 in
753 3297 865 3363 officio
881 3298 923 3363 de
938 3299 1045 3361 Axele
1061 3305 1096 3362 et
1111 3318 1172 3384 pro
1193 3298 1258 3362 alia
1282 3305 1378 3383 parte
1395 3297 1427 3361 in
1446 3296 1558 3363 officio
1573 3298 1616 3362 de
1639 3298 1760 3362 Hulste
1775 3322 1783 3376 ;

425 3401 501 3466 item
519 3423 624 3466 unum
640 3402 801 3486 rejectum
818 3409 897 3465 ante
913 3400 1084 3481 Ontbene,
1101 3401 1181 3466 satis
1196 3422 1300 3486 prope
1316 3408 1444 3466 curtem
1461 3401 1503 3466 de
1515 3399 1685 3479 Bodeloe3
1704 3403 1783 3466 item

425 3527 523 3571 unum
541 3506 702 3589 rejectum
717 3506 886 3589 jacentem
900 3504 980 3569 satis
996 3525 1111 3589 prope,
1125 3526 1223 3588 quem
1241 3525 1330 3569 nunc
1343 3505 1460 3569 dividit
1477 3504 1645 3587 quoddam
1669 3508 1785 3569 canale

424 3610 527 3674 dulcis
543 3631 651 3692 aque;
680 3608 760 3672 item
786 3630 886 3672 unum
912 3609 1074 3692 rejectum
1099 3609 1154 3692 qui
1179 3608 1343 3694 apellatur
1366 3607 1600 3688 Outenhoert;
1619 3610 1699 3672 item
1716 3631 1785 3672 me-

424 3713 509 3778 diam
527 3720 656 3797 partem
676 3712 772 3776 unius
787 3714 929 3796 rejectus
951 3713 1048 3796 juxta
1074 3714 1192 3791 Axele,
1217 3712 1259 3777 de
1281 3733 1345 3796 qua
1367 3733 1428 3777 nos
1448 3712 1517 3797 jam
1533 3721 1662 3797 partem
1686 3734 1784 3777 unam

424 3816 641 3882 sclusavimus
662 3837 719 3880 seu
742 3816 928 3894 clausimus,
954 3837 1053 3900 quam
1078 3825 1207 3900 partem
1233 3815 1280 3879 sic
1304 3815 1482 3879 sclusatam
1507 3814 1616 3879 eidem
1639 3814 1784 3892 Johanni

424 3920 649 3986 concessimus
666 3940 741 3983 cum
759 3927 854 4002 parte
870 3919 934 3983 alia
949 3940 1018 3983 non
1035 3922 1178 3984 sclusata
1195 3942 1203 3996 3
1220 3920 1301 3982 item
1319 3918 1478 3998 rejectum
1505 3940 1606 3981 urium
1625 3919 1656 3982 in
1674 3919 1786 3984 ollicio

424 4022 462 4087 de
479 4023 595 4100 Hulst,
612 4022 666 4105 qui
684 4022 864 4106 volgariter
880 4024 1067 4107 appellatur
1091 4022 1230 4100 Craior;
1257 4022 1338 4085 item
1367 4042 1468 4085 unum
1497 4023 1597 4085 alium
1625 4025 1786 4107 rejectum

421 4126 513 4207 juxta
531 4126 742 4190 Hossenesse
755 4126 788 4189 in
805 4126 896 4190 dicto
914 4125 1025 4190 officio
1041 4126 1083 4190 de
1102 4124 1206 4189 Hulst
1222 4148 1229 4202 ;
1247 4125 1328 4188 item
1345 4124 1506 4208 rejectum
1524 4126 1577 4209 qui
1596 4126 1686 4210 jacet
1710 4138 1788 4191 ante

424 4230 673 4313 Cbavetinghes
689 4237 724 4293 et
742 4228 965 4310 Frankedike,
994 4238 1027 4292 et
1053 4230 1198 4313 singulas
1223 4236 1326 4293 terras
1350 4228 1419 4292 sive
1444 4231 1551 4293 clusas
1568 4251 1623 4293 seu
1646 4232 1789 4314 rejectus

425 4335 521 4399 maris
538 4354 614 4398 cum
631 4333 695 4397 biis
710 4331 878 4418 predictis,
895 4353 1108 4417 quocumque
1125 4332 1261 4395 nomine
1286 4332 1414 4417 possint
1436 4353 1494 4395 seu
1510 4332 1655 4397 debeant
1673 4337 1787 4419 appel-

426 4437 492 4516 lari,
510 4458 576 4520 que
594 4457 726 4501 exnunc
743 4437 775 4499 in
793 4446 892 4500 antea
908 4447 1104 4500 accrescunt
1121 4457 1178 4499 seu
1195 4455 1384 4500 accrescere
1401 4444 1559 4520 poterunt
1576 4457 1635 4520 per
1651 4439 1789 4501 alluvio-

426 4560 511 4618 nem,
528 4561 588 4625 per
604 4541 746 4624 rejectus
762 4541 861 4603 maris
878 4561 935 4602 seu
952 4540 1018 4603 alio
1034 4539 1137 4604 modo
1154 4540 1186 4603 in
1204 4541 1356 4622 Quatuor
1372 4538 1500 4603 Olliciis
1517 4540 1724 4624 supradictis.
1747 4540 1790 4604 Et

428 4643 503 4709 istas
520 4654 634 4723 terras,
647 4645 790 4727 rejectus
803 4645 902 4707 maris
915 4653 948 4707 et
959 4645 1092 4724 sclusas,
1104 4644 1189 4708 sicut
1200 4644 1348 4728 superius
1359 4653 1435 4706 sunt
1448 4644 1621 4725 nominati,
1633 4645 1788 4709 volumus

428 4748 513 4831 quod
530 4746 713 4827 Jolrannes,
730 4747 814 4810 filius
831 4756 945 4810 noster
960 4747 1161 4826 antedictus,
1177 4748 1310 4826 lrabeat,
1327 4753 1442 4809 teneat
1465 4755 1499 4810 et
1525 4748 1650 4811 maniet
1668 4748 1791 4831 imper-

428 4860 573 4933 petuum,
590 4859 625 4915 et
641 4851 710 4933 ejus
727 4851 876 4928 heredes,
894 4851 926 4911 in
944 4850 1078 4913 feudum
1095 4872 1114 4914 a
1130 4850 1226 4914 nobis
1242 4859 1276 4913 et
1293 4850 1469 4914 heredibus
1486 4850 1617 4931 nostris,
1643 4850 1790 4917 dominis

430 4963 460 5018 et
476 4955 655 5020 comitibus
673 4953 836 5031 Flandrie,
855 4957 915 5017 sub
932 4954 1089 5038 homagio
1106 4954 1194 5039 ligio,
1211 4962 1246 5017 et
1262 4954 1371 5017 eidem
1389 4954 1540 5018 dedimus
1564 4965 1597 5017 et
1624 4975 1728 5018 conce
1736 4955 1793 5017 ssi-

461 5194 483 5225 α.
495 5179 603 5240 singulis
616 5192 665 5239 rep.
689 5177 741 5225 litt.
