4409 6017
912 693 1068 760 lleuvierne
1089 694 1192 760 annea.
1676 692 1736 757 539

308 827 339 937 j'i
417 846 614 931 «Magistro
640 845 788 924 Johanni
822 845 864 912 de
899 843 1090 931 Arpadella,
1121 842 1252 909 decano
1292 842 1434 909 ecclesie
1474 839 1735 921 xanctonensis,

309 950 334 995 Ξ
369 953 549 1038 capellano
575 959 698 1017 nostro.
727 950 883 1017 Sedulam
910 948 1130 1034 diligentiam,
1147 948 1264 1034 utique
1290 948 1387 1014 nobis
1413 955 1554 1033 gratam,
1571 968 1673 1033 quam
1701 947 1734 1010 in

309 1056 333 1102 Ι
368 1054 549 1121 scribendo
577 1053 709 1120 dilectis
736 1054 811 1121 tiliis
835 1052 1007 1120 canonicis
1031 1052 1173 1118 ecclesie
1197 1050 1460 1134 Cameracensis,
1486 1072 1526 1118 ac
1553 1051 1586 1117 in
1614 1052 1677 1117 hiis
1700 1060 1735 1116 et

309 1161 329 1206 *t
367 1159 444 1225 aliis
459 1158 582 1224 nostris
605 1166 639 1224 et
655 1158 797 1224 ecclesie
825 1156 979 1223 Romane
994 1155 1141 1241 negotiis
1156 1155 1315 1222 adhibere
1333 1156 1516 1242 prudenter
1539 1163 1573 1221 et
1596 1155 1734 1241 provide

309 1269 322 1312 1
366 1261 539 1342 curavisti,
564 1261 795 1347 multipliciter
817 1260 851 1326 in
878 1260 1026 1326 Domino
1051 1259 1342 1341 commendantes
1367 1259 1559 1325 discretioni
1588 1268 1644 1324 tue
1676 1280 1735 1344 per

309 1376 316 1417 ¹
365 1365 559 1453 apostolica
572 1366 695 1452 scripta
710 1365 908 1431 mandamus
923 1372 1088 1450 quatenus
1111 1384 1209 1450 super
1223 1362 1288 1428 hiis
1304 1371 1338 1429 et
1354 1365 1425 1430 aliis
1441 1385 1506 1449 que
1521 1364 1607 1430 circa
1622 1373 1736 1429 nostra

365 1478 406 1537 et
433 1470 575 1537 ecclesie
600 1477 786 1536 memorate
808 1471 946 1555 negotia
962 1467 1084 1534 videris
1109 1475 1286 1555 oportuna,
1303 1468 1350 1534 sic
1366 1468 1563 1535 continuare
1590 1477 1647 1534 tue
1662 1469 1734 1533 dili-

363 1574 484 1662 gentie
506 1574 654 1641 studium
675 1594 743 1640 non
767 1573 915 1655 omittas,
936 1572 1027 1659 quod
1041 1571 1185 1659 amplius
1212 1574 1325 1638 valeas
1349 1571 1470 1640 merito
1495 1572 1732 1640 commendari.

365 1680 452 1746 Dat.
467 1678 568 1746 Avin.
586 1698 604 1763 7
621 1678 664 1745 id.
685 1678 878 1744 novembris
893 1698 984 1744 anno
1008 1698 1037 1758 9.
1054 1699 1072 1739 n

401 1801 465 1863 neg.
478 1800 538 1850 eat.
550 1802 606 1861 11³,
618 1801 639 1851 r.
654 1802 677 1860 a,
689 1814 716 1851 n.
730 1802 771 1849 aa.

416 1940 564 2023 1449.
1333 1974 1428 2040 1324,
1445 1976 1488 2019 12
1505 1957 1687 2021 novembre.

412 2057 596 2124 Guillelmo
612 2057 739 2124 Medici
766 2058 809 2124 de
836 2057 1020 2144 Serignano
1035 2066 1223 2124 reservatur
1242 2058 1444 2124 beneficium
1467 2057 1730 2125 ecclesiasticum

360 2161 411 2227 ad
428 2161 648 2228 collationem
664 2162 814 2249 episcopi
831 2160 1038 2243 Biterrensis,
1054 2180 1124 2227 non
1140 2164 1298 2227 obstante
1322 2162 1413 2246 quod
1435 2162 1673 2229 canonicatum
1696 2170 1731 2227 et

359 2264 573 2351 prebendam
588 2265 731 2332 ecclesie
748 2265 973 2332 Rosnacensis
989 2274 1024 2330 et
1039 2264 1282 2353 parrochialem
1299 2266 1477 2332 ecclesiam
1499 2266 1542 2332 de
1565 2266 1730 2346 Condeto,

361 2366 620 2435 Cameracensis
632 2376 666 2434 et
682 2367 902 2436 Camotensis
916 2369 1099 2450 diocesum,
1117 2368 1259 2435 obtinet.

411 2471 594 2539 Probitatis
609 2480 708 2538 tue...

411 2578 493 2642 Dat.
508 2576 607 2641 Avin.
625 2597 642 2641 2
660 2576 704 2643 id.
720 2576 913 2643 novembris
928 2597 1019 2644 anno
1036 2598 1065 2658 9.

412 2679 453 2745 In
470 2701 499 2747 e.
514 2701 559 2746 m.
572 2680 733 2767 episcopo
749 2680 780 2746 S.
797 2680 915 2767 Papuli
931 2691 966 2747 et
982 2682 1165 2748 camerario
1181 2681 1379 2749 Biterrensis
1395 2703 1434 2748 ac
1446 2681 1546 2747 Vitali
1559 2682 1601 2748 de
1613 2681 1728 2762 Testa,

361 2783 534 2851 canonico
549 2782 800 2850 Saresbiriensis
815 2784 1041 2850 ecclesiarum.

399 2905 460 2967 neg.
474 2906 522 2953 nv.
534 2907 575 2965 22,
590 2905 608 2954 r.
623 2907 671 2952 aar
684 2920 690 2961 ;
704 2904 763 2955 rat.
778 2907 817 2964 rs,
831 2906 849 2954 r.
863 2907 917 2966 144,
930 2921 955 2955 n.
969 2908 1025 2962 aaa.
1074 2913 1079 2930 ·

410 3053 557 3139 1450.
1323 3070 1478 3157 1324,16
1501 3074 1684 3139 novembre.

407 3172 521 3255 Petro,
538 3173 608 3239 filio
633 3173 806 3258 quondam
829 3172 972 3239 Romani
998 3173 1237 3241 Bonaventure
1262 3176 1304 3242 de
1328 3175 1432 3256 Urbe,
1457 3175 1574 3261 nepoti
1592 3173 1728 3261 Neapo-

357 3277 483 3358 leonis,
509 3277 540 3343 S.
572 3277 710 3343 Adriani
741 3278 875 3344 diaconi
906 3278 1093 3361 cardinalis,
1126 3280 1296 3346 confertur
1325 3279 1495 3365 quoddam
1525 3280 1727 3345 beneficium

358 3380 639 3462 ecclesiasticum,
650 3381 722 3446 sine
738 3402 825 3463 cura,
837 3390 1036 3467 personatus
1052 3382 1094 3448 de
1110 3382 1297 3449 Wambeke
1311 3390 1554 3470 nuncupatum,
1571 3383 1728 3448 Camera-

360 3484 475 3552 censis
483 3484 768 3565 diocesis,vacans
784 3506 844 3571 per
859 3485 1122 3571 resignationem
1138 3508 1156 3553 a
1173 3488 1333 3573 magistro
1348 3486 1530 3553 Guillelmo
1544 3487 1587 3553 de
1603 3488 1729 3553 Sancto

360 3588 512 3670 Victore,
531 3590 698 3654 Pennensi
724 3598 759 3654 et
783 3589 938 3655 Adriensi
964 3591 1085 3672 electo,
1108 3591 1141 3655 in
1165 3592 1318 3658 manibus
1334 3591 1483 3673 Arnaldi,
1500 3591 1532 3656 S.
1555 3591 1727 3657 Eustachii

357 3692 497 3760 diaconi
521 3692 708 3775 cardinalis
725 3693 859 3774 factam,
886 3714 957 3759 non
983 3697 1140 3760 obstante
1164 3695 1256 3780 quod
1274 3696 1307 3760 in
1334 3695 1474 3761 ecclesia
1497 3695 1528 3761 S.
1551 3695 1727 3777 Gaugerici

359 3796 616 3862 Cameracensis
632 3798 869 3863 canonicatum
887 3806 921 3864 et
937 3798 1144 3885 prebendam
1161 3799 1302 3865 obtinet.

407 3896 578 3965 Nobilitas
593 3900 757 3984 generis...

407 4003 486 4068 Dat.
502 4003 603 4069 Avin.
624 4008 661 4068 16
677 4003 743 4070 kal.
761 4003 947 4070 decembris
964 4027 1055 4071 anno
1074 4027 1102 4087 9.

406 4105 448 4170 In
465 4127 493 4172 e.
510 4127 554 4171 m.
571 4108 730 4192 magistro
748 4107 927 4194 Raynaldo
951 4109 993 4175 de
1019 4110 1094 4175 tiliis
1121 4110 1209 4191 Ursi,
1235 4112 1276 4177 de
1305 4112 1492 4198 Campinia,
1517 4111 1725 4192 Leodiensis,

359 4210 495 4277 notario
509 4231 607 4296 pape,
624 4220 658 4275 et
675 4211 887 4298 Neapoleoni
904 4214 946 4279 de
965 4213 1163 4301 Romangia,
1181 4214 1358 4280 Remensis
1381 4216 1596 4282 ecclesiarum
1619 4216 1726 4281 archi-

359 4314 514 4381 diaconis
528 4335 567 4381 ac
583 4316 697 4381 abbati
713 4318 907 4383 monasterii
925 4319 956 4383 S.
974 4319 1112 4385 Auberti
1130 4317 1393 4386 Cameracensis.

394 4437 456 4498 aeg.
468 4437 517 4486 nv.
530 4440 569 4497 aa,
582 4438 600 4486 f.
613 4440 674 4486 arav
686 4455 692 4495 ;
706 4438 764 4488 Vat.
777 4442 815 4498 aa,
828 4441 846 4489 r.
861 4443 916 4500 reo,
931 4456 956 4489 n.
969 4443 1023 4490 ras.

407 4578 546 4663 1451.
1323 4620 1419 4684 1324,
1436 4601 1481 4664 18
1497 4603 1679 4667 rrouembre.

406 4695 571 4782 Magistro
595 4695 741 4774 Johanni
767 4696 876 4762 Amici
904 4698 946 4764 de
974 4698 1091 4785 Bmgis
1129 4701 1300 4768 confertur
1332 4704 1550 4770 canonicatus
1582 4705 1723 4771 ecclesie

359 4801 615 4867 Cameracensis
631 4804 691 4866 sub
707 4803 944 4887 expectatione
960 4805 1129 4890 prebende
1145 4813 1180 4869 et
1195 4806 1367 4891 dignitatis
1384 4810 1438 4872 vel
1453 4817 1650 4893 personatus
1665 4830 1723 4874 seu

359 4905 476 4985 officii,
492 4925 561 4970 non
577 4908 735 4970 obstante
757 4906 846 4989 quod
866 4908 1102 4974 canonicatum
1121 4917 1155 4974 et
1170 4910 1374 4994 prebendam
1392 4912 1424 4975 in
1441 4912 1581 4978 ecclesia
1606 4913 1637 4978 S.
1654 4914 1723 4977 Sal-

359 5008 490 5077 vatoris
504 5017 518 5042 ⁴
532 5009 567 5074 in
584 5019 694 5075 castro
710 5010 741 5075 S.
759 5009 863 5092 Pauli,
882 5010 1085 5077 Morinensis
1101 5013 1254 5095 diocesis,
1271 5015 1413 5082 obtinet.

393 5169 421 5202 a.
434 5152 515 5201 Salvii
527 5167 578 5215 rep.
