4409 6017
515 730 578 793 434
1059 722 1206 802 septime
1227 721 1328 787 annes.

516 881 607 942 bona
622 876 656 939 in
671 884 759 940 terra
773 873 816 938 de
827 872 1053 952 Ostrevanno,
1070 871 1220 957 predicte
1234 879 1292 935 tue
1306 868 1459 948 diocesis,
1475 866 1712 934 obtinentium
1725 876 1751 949 ⁶,
1763 866 1877 953 recepi·

516 1002 591 1045 mus
606 977 837 1044 continentem
852 977 952 1062 quod,
968 976 1047 1042 licet
1062 995 1125 1042 nos
1139 975 1266 1041 dudum
1282 973 1452 1040 carissimo
1468 972 1501 1037 in
1518 970 1655 1038 Christo
1672 970 1752 1038 filio
1774 979 1877 1037 nostro

516 1083 646 1162 Carolo,
662 1080 729 1165 regi
748 1078 887 1146 Francie
904 1080 1032 1161 illustri,
1045 1080 1212 1147 decimam
1225 1078 1375 1145 omniurn
1391 1084 1618 1164 proventuum
1634 1075 1876 1144 ecclesiastice

515 1209 588 1252 runr
605 1187 638 1251 in
654 1185 764 1270 regnis
779 1191 814 1249 et
828 1183 924 1249 terris
939 1185 1006 1250 suis
1021 1184 1187 1251 duntaxat
1202 1203 1307 1268 usque
1322 1182 1365 1247 ad
1381 1180 1555 1253 biennium
1568 1199 1633 1267 per
1647 1188 1793 1248 nostras
1807 1179 1875 1248 certi

516 1292 641 1358 tenuris
657 1291 784 1356 litteras
799 1288 953 1353 duximus
969 1287 1233 1366 concedendam,
1248 1295 1284 1351 te
1300 1286 1342 1351 ad
1367 1284 1591 1371 colligendam
1617 1294 1654 1351 et
1681 1286 1875 1372 exigendam

516 1394 704 1481 hujusmodi
734 1393 900 1459 decimam
930 1394 964 1457 in
986 1391 1200 1457 Atrebatensi
1235 1390 1371 1456 civitate
1407 1398 1441 1454 et
1463 1387 1588 1454 diocesi
1608 1398 1809 1465 executore
1828 1408 1876 1476 per

515 1510 644 1566 nostras
659 1498 787 1562 litteras
795 1495 969 1582 deputatu,
981 1506 1016 1562 et
1032 1506 1102 1562 tarn
1118 1497 1221 1561 abbas
1231 1504 1266 1559 et
1276 1502 1462 1560 conventus
1473 1512 1512 1558 ac
1527 1501 1683 1559 rectores
1696 1502 1735 1559 et
1745 1512 1875 1581 persone

514 1624 576 1688 pro
590 1602 658 1667 suis
673 1600 833 1680 ecclesiis,
848 1599 1032 1666 redditibus
1054 1608 1089 1665 et
1113 1598 1340 1685 proventibus,
1358 1617 1458 1682 quarn
1481 1596 1654 1664 abbatissa
1677 1598 1806 1683 prefati
1826 1616 1875 1684 pro

515 1726 581 1769 una
595 1705 759 1770 duntaxat
775 1712 868 1769 curte
890 1724 949 1769 seu
966 1703 1069 1769 domo
1083 1701 1175 1769 dicte
1191 1722 1249 1768 sue
1265 1701 1407 1768 ecclesie
1423 1700 1456 1765 in
1472 1699 1563 1766 dicta
1588 1708 1686 1766 terra
1711 1702 1758 1768 de
1772 1700 1873 1768 Ostre-
1906 1698 1907 1718 ¹

514 1828 626 1874 vanno
642 1807 911 1888 consistentibus,
928 1828 947 1871 a
963 1807 1072 1892 longis
1089 1814 1181 1871 retro
1196 1806 1404 1891 temporibus
1419 1824 1488 1870 non
1499 1804 1566 1870 sint
1581 1804 1746 1887 ecclesie,
1755 1826 1872 1873 monas

514 1912 609 1992 teria,
640 1912 716 1976 loca
748 1920 782 1976 et
803 1931 947 1997 persone
976 1910 1200 1977 ecclesiastice
1222 1909 1314 1993 regni
1350 1908 1499 1988 Francie,
1536 1906 1597 1973 sed
1627 1908 1702 1975 sint
1733 1910 1870 1986 ecclesie,

515 2015 728 2095 monasteria,
744 2015 820 2079 loca
835 2022 871 2079 et
886 2034 1028 2100 persone
1044 2013 1234 2099 hujusmodi
1252 2013 1285 2077 in
1309 2022 1396 2078 terra
1412 2012 1549 2099 Imperii
1575 2014 1783 2096 constituta,
1797 2014 1869 2081 deci·

515 2139 606 2183 mam
622 2119 752 2182 solvere
768 2127 1026 2197 consueverunt,
1043 2125 1143 2202 prout
1159 2137 1218 2202 per
1238 2116 1376 2200 antiqua
1398 2117 1537 2201 registra
1559 2126 1594 2182 et
1617 2118 1689 2183 alia
1712 2118 1869 2185 autentica

514 2220 718 2284 documenta
748 2239 847 2304 super
875 2218 1007 2283 decime
1029 2219 1199 2284 solutione
1222 2218 1378 2285 confecta
1401 2219 1471 2284 fieri
1495 2220 1622 2305 poterit
1645 2224 1755 2308 plena
1777 2222 1867 2296 fides

516 2322 752 2388 nichilominus
767 2332 882 2387 tamen
898 2332 945 2404 tu,
961 2323 1185 2408 predictarum
1202 2322 1387 2388 litterarum
1400 2343 1499 2409 super
1513 2324 1580 2390 hoc
1594 2325 1659 2390 tibi
1679 2326 1867 2394 directarum

516 2427 657 2492 formam
673 2427 848 2507 excedens,
863 2427 975 2491 abbati
991 2437 1026 2492 et
1041 2427 1234 2517 conventui,
1252 2428 1437 2493 rectoribus
1453 2436 1487 2494 et
1497 2429 1651 2514 personis
1662 2449 1707 2498 ac
1716 2433 1868 2499 abbatisse

516 2530 664 2617 prefatis,
688 2534 748 2596 sub
779 2531 1137 2596 excommunicationis
1160 2532 1194 2596 in
1217 2553 1376 2620 personas
1399 2543 1434 2599 et
1457 2533 1627 2601 interdicti
1652 2536 1689 2601 in
1715 2538 1868 2617 ecclesias,

517 2634 721 2700 monasteria
736 2643 771 2699 et
786 2636 860 2700 loca
876 2635 1023 2720 ipsorum
1040 2636 1145 2720 penis,
1163 2656 1244 2720 quas
1260 2638 1286 2701 si
1302 2658 1397 2703 secus
1413 2647 1549 2723 agerent
1574 2639 1790 2708 incurrerent
1810 2642 1870 2729 ipsc

518 2738 618 2820 facto,
649 2738 815 2804 mandasti
838 2738 929 2823 quod
951 2739 1118 2804 decimam
1141 2739 1291 2805 omnium
1314 2742 1619 2809 ecclesiasticonrm
1642 2755 1870 2831 proventuum,

519 2862 604 2926 quos
620 2842 653 2906 in
669 2842 760 2907 dicta
775 2849 834 2907 tua
848 2842 974 2908 diocesi
991 2843 1158 2924 obtinent,
1175 2845 1274 2910 certis
1289 2847 1439 2931 personis
1454 2856 1563 2934 perte
1578 2848 1622 2914 ad
1646 2853 1869 2939 receptionem

516 2956 551 3011 et
567 2946 772 3011 levationem
787 2946 878 3012 dicte
893 2946 1025 3013 decime
1040 2946 1211 3032 deputatis
1226 2950 1405 3032 solverent,
1413 2950 1460 3016 eis
1475 2950 1518 3017 ad
1533 2951 1599 3019 hoc
1615 2962 1753 3021 certum
1768 2956 1868 3023 termi-

515 3071 596 3115 num
612 3048 820 3135 pretigendo.
837 3050 881 3115 Et
897 3071 1104 3135 quamquam
1119 3071 1181 3137 pro
1196 3061 1291 3137 parte
1307 3054 1454 3140 ipsorum
1470 3054 1586 3122 fuisset
1601 3077 1723 3124 coram
1739 3068 1776 3126 te
1799 3059 1870 3125 int'ra

515 3154 643 3219 dictum
658 3154 840 3218 terminum
856 3154 1057 3239 excipiendo
1072 3155 1281 3239 propositum
1297 3157 1387 3241 quod
1402 3160 1606 3226 monasteria
1634 3169 1670 3228 et
1697 3166 1802 3231 curtis
1823 3184 1869 3229 seu

515 3255 655 3321 domus&
670 3277 710 3322 ac
726 3266 894 3322 rectorum
911 3266 945 3321 et
961 3276 1179 3343 personarum
1191 3261 1416 3344 predictorum
1434 3264 1582 3329 redditus
1591 3273 1627 3329 et
1636 3277 1824 3350 proventus
1837 3286 1868 3331 ac

515 3364 605 3427 bona
620 3383 688 3426 non
706 3371 783 3428 sunt
799 3363 885 3428 infra
899 3383 1038 3448 regnum
1055 3371 1089 3428 et
1104 3373 1209 3429 terras
1224 3363 1309 3448 regis
1325 3363 1484 3447 ejusdem,
1500 3364 1560 3430 sed
1575 3365 1608 3431 in
1625 3368 1726 3434 terris
1747 3365 1868 3454 Imperii

516 3467 680 3551 prelibati,
697 3475 731 3531 et
747 3467 838 3551 quod
853 3470 895 3532 ab
912 3467 1059 3551 antiquis
1074 3468 1250 3533 retroactis
1274 3468 1481 3553 temporibus
1496 3468 1664 3535 decimam
1691 3469 1867 3559 hujusmodi

516 3590 650 3635 suorum
666 3581 902 3655 proventuum,
920 3572 1005 3636 sicut
1021 3571 1172 3652 ecclesie,
1189 3572 1402 3652 monasteria,
1419 3573 1494 3636 loca
1511 3579 1546 3637 et
1561 3593 1708 3658 persone
1725 3574 1866 3642 ecclesia·

515 3673 598 3738 stice
614 3674 648 3738 in
664 3674 785 3739 eodem
802 3673 959 3760 Imperio,
977 3682 1014 3739 ut
1029 3674 1221 3759 predicitur,
1238 3675 1424 3740 constituta
1446 3677 1680 3761 persolverint,
1698 3687 1800 3765 prout
1819 3696 1867 3765 per

515 3778 652 3861 antiqua
664 3788 810 3862 regestra
826 3786 860 3843 et
875 3778 1079 3844 documenta
1094 3785 1246 3864 pretacta
1262 3785 1356 3842 erant
1373 3778 1521 3863 legitime
1536 3779 1659 3845 docere
1675 3782 1797 3866 parati,
1820 3800 1866 3845 ecs

515 3881 557 3945 ad
582 3883 778 3948 solvendam
802 3882 927 3947 dictam
951 3882 1118 3948 decimam
1141 3882 1183 3947 de
1207 3882 1355 3968 ipsorum
1370 3884 1601 3969 proventibus
1622 3906 1708 3970 quos
1732 3888 1767 3952 in
1788 3887 1865 3953 dicte

425 4016 427 4020 ·
515 3996 602 4049 terra
624 3986 666 4050 de
690 3987 915 4065 Ostrevann0,
939 4007 1004 4070 que
1027 3994 1064 4051 ut
1089 3987 1293 4071 premittitur
1315 3986 1357 4051 de
1383 3984 1530 4074 Imperio
1553 3997 1589 4053 et
1611 4010 1683 4055 non
1708 3991 1752 4057 de
1774 4008 1863 4077 regno

428 4174 432 4180 .
515 4087 656 4153 Francie
677 4089 747 4153 fore
771 4090 964 4169 dinoscitur,
988 4089 1153 4168 obtinent,
1167 4092 1370 4175 compellere
1394 4091 1436 4157 de
1456 4093 1529 4177 jure
1553 4113 1622 4159 non
1645 4104 1794 4181 poteras,
1814 4112 1864 4159 nec

515 4192 669 4257 debebas.
695 4193 739 4258 Et
763 4196 840 4277 quia
863 4215 921 4259 eos
945 4214 1044 4279 super
1066 4194 1134 4259 hoc
1156 4195 1270 4259 audire
1294 4204 1412 4261 contra
1432 4196 1597 4280 justitiam
1620 4201 1793 4279 recusasti,
1815 4196 1863 4263 fuit

514 4315 575 4379 pro
591 4304 684 4380 parte
700 4297 847 4380 ipsorum
863 4298 906 4362 ad
922 4297 1042 4363 Sedem
1058 4298 1281 4382 apostolicam
1297 4301 1515 4386 appellatum.
1529 4300 1641 4384 Quare
1658 4304 1758 4370 nobis
1773 4301 1863 4369 humi·

513 4401 589 4463 liter
604 4402 832 4485 supplicarunt
848 4410 884 4467 ut
901 4402 1076 4486 providere
1092 4402 1140 4466 cis
1156 4422 1254 4487 super
1270 4402 1336 4467 hoc
1351 4404 1394 4467 de
1411 4413 1580 4489 oportuno
1595 4408 1752 4475 remedio
1767 4408 1862 4493 digna·

516 4523 636 4566 remur.

558 4605 633 4669 Nos
664 4606 770 4690 igitur,
798 4607 1014 4672 attendentes
1038 4608 1138 4692 quod,
1162 4608 1242 4673 licet
1264 4628 1324 4693 per
1346 4609 1475 4676 litteras
1507 4612 1596 4696 ipsas
1618 4621 1654 4678 et
1678 4614 1763 4681 alias
1784 4628 1865 4699 super

513 4708 679 4773 solutione
695 4709 883 4793 hujusmodi
900 4710 1029 4776 decime
1046 4712 1140 4777 dicto
1155 4711 1223 4795 regi
1240 4711 1393 4778 facienda
1409 4715 1681 4783 mandaverimus
1707 4719 1794 4786 inter
1815 4715 1864 4784 atta
1906 4743 1907 4750 ¹

513 4812 555 4876 de
579 4811 812 4877 ecclesiasticis
835 4812 1018 4879 redditibus
1042 4824 1077 4879 et
1093 4815 1310 4899 proventibus
1334 4819 1560 4900 ecclesiarum,
1585 4825 1864 4891 monasteriorum,

514 4917 662 4980 locorum
679 4924 713 4978 et
729 4936 945 4999 personarum
963 4918 1263 4985 ecclesiasticarum
1279 4922 1363 4987 infra
1379 4944 1518 5010 regnum
1545 4924 1572 4990 F
1574 4928 1687 4992 rancie
1716 4929 1865 4996 duntaxat

548 5153 572 5184 n.
595 5136 791 5182 obvenientium
805 5149 854 5195 req.
877 5134 930 5182 var.
944 5162 975 5171 -
988 5134 1011 5184 b.
1032 5135 1120 5183 domos
1134 5152 1184 5199 req.
1205 5136 1261 5185 rat.
