4409 6017
900 740 1046 824 Septlbne
1066 742 1170 811 anuto.

402 891 584 962 Probitatis
599 905 697 961 tue...

401 998 478 1064 Dat.
494 1000 594 1066 Avin.
615 1019 651 1083 15
669 998 734 1063 kal.
748 998 820 1082 julii
837 1016 926 1064 anno
943 1016 973 1080 7.

400 1100 440 1165 In
455 1123 484 1168 e.
500 1124 545 1169 m.
561 1104 723 1189 episcopo
739 1101 938 1167 Florentino
952 1108 987 1166 et
1003 1102 1117 1167 abbati
1140 1102 1334 1168 monasterii
1351 1102 1382 1168 S.
1399 1101 1527 1168 Bertini
1552 1103 1585 1168 in
1602 1104 1633 1170 S.
1650 1104 1718 1167 Au-

351 1205 504 1286 domato,
522 1205 725 1273 Morinensis
749 1205 904 1286 diocesis,
928 1225 969 1271 ac
991 1204 1093 1270 Petro
1108 1205 1150 1272 de
1167 1204 1375 1272 Collemedio
1394 1206 1528 1290 juniori,
1550 1205 1722 1272 canonico

355 1310 604 1376 Attrebatensi.
646 1328 648 1331 ·

392 1468 455 1529 Reg.
471 1470 518 1519 Ar.
534 1469 573 1525 19,
587 1472 606 1518 f.
623 1470 681 1516 laer
694 1484 699 1524 ς
714 1468 775 1519 Vat.
788 1472 824 1527 75,
838 1469 857 1518 f.
871 1470 909 1526 56,
923 1482 948 1517 n.
965 1470 1035 1517 11⁴2.

408 1662 553 1746 1209.
1428 1701 1447 1744 ι
1471 1699 1492 1743 2
1542 1699 1561 1742 1
1612 1677 1681 1742 'ozia

405 1781 516 1862 Petro,
532 1790 614 1847 nato
629 1765 798 1859 Johannis
820 1780 902 1847 dicti
920 1780 1021 1868 Pape‚
1039 1781 1123 1848 civis
1140 1782 1295 1864 Romani,
1312 1697 1726 1849 confertdrjdanzrdicatus

356 1886 501 1952 ecclesie
517 1885 550 1951 S.
566 1885 657 1952 Petri
677 1884 873 1967 Insulensis,
889 1883 1113 1952 Tornacensis
1137 1886 1290 1969 diocesis,
1306 1889 1366 1953 sub
1391 1884 1628 1972 expectatione
1653 1905 1726 1970 pre-

356 1989 478 2069 bende,
494 2010 562 2055 non
577 1993 732 2055 obstante
748 1988 839 2073 quod
854 1988 888 2053 in
915 1989 1059 2056 ecclesia
1076 1989 1108 2055 S.
1129 1988 1236 2056 Marci
1251 1990 1295 2055 de
1320 1988 1414 2056 Urbe
1430 1989 1668 2056 canonicatum
1691 1994 1726 2051 et
1826 2050 1828 2053 .

357 2093 565 2179 prebendam
582 2093 723 2159 obtinet.

404 2196 624 2282 Suffragantia
639 2197 741 2263 tibi...

404 2299 483 2365 Dat.
498 2300 599 2365 Avin.
621 2321 657 2385 15
674 2300 740 2366 kal.
754 2301 825 2386 julii
842 2322 933 2367 anno
951 2319 980 2385 7.

405 2402 445 2468 ln
462 2425 490 2469 e.
507 2425 551 2468 m.
567 2405 680 2470 abbati
696 2405 890 2469 monasterii
907 2404 938 2469 S.
956 2404 1050 2470 Pauli
1067 2405 1110 2470 de
1127 2403 1221 2471 Urbe
1236 2412 1272 2469 et
1294 2403 1459 2469 Riccardo
1479 2402 1522 2468 de
1538 2401 1722 2481 Anibaldis,

314 2554 317 2559 -
356 2506 547 2587 RemensiS,
565 2527 606 2573 ac
627 2506 807 2595 Francisco
822 2508 865 2573 de
889 2508 1147 2590 Scannabechis,
1163 2506 1388 2572 Tornacensis
1414 2505 1584 2572 canonicis
1612 2504 1726 2568 eccle-

359 2630 495 2676 siarum.

394 2778 456 2838 Reg.
470 2780 518 2826 Av.
535 2778 571 2836 19,
586 2777 603 2825 l.
622 2780 666 2824 197
680 2793 685 2825 :
699 2777 758 2826 tat.
774 2780 813 2836 75,
826 2778 842 2825 l.
858 2778 898 2836 79,
912 2792 938 2825 n.
953 2779 1022 2825 1206.

411 2970 547 3051 1210.
571 3028 573 3032 >
1429 3005 1527 3070 1325,
1544 3000 1584 3066 17
1595 2982 1682 3064 juin.

406 3090 604 3167 Petro‚nato
615 3089 737 3154 nobilis
747 3089 809 3154 viri
819 3089 839 3168 J
843 3090 983 3157 ohannis
998 3091 1041 3156 de
1054 3090 1155 3176 Papa,
1166 3090 1335 3156 confertur
1350 3090 1567 3159 canonicatus
1583 3085 1725 3151 ecclesie

358 3193 572 3260 Patracensis
586 3195 646 3258 sub
662 3194 899 3278 expectatione
925 3194 1107 3281 prebende,
1134 3215 1203 3261 non
1228 3197 1387 3261 obstante
1412 3192 1503 3281 quod
1520 3192 1552 3256 in
1580 3190 1724 3255 ecclesia

358 3299 391 3363 S.
411 3295 517 3363 Marci
533 3297 576 3364 de
593 3296 687 3363 Urbe
703 3298 940 3365 canonicatum
957 3307 992 3363 et
1007 3298 1214 3385 prebendam
1230 3299 1363 3365 obtinet
1378 3308 1413 3365 et
1428 3297 1547 3363 eadem
1563 3295 1617 3360 die
1633 3294 1662 3358 ei
1679 3293 1721 3358 de

356 3402 560 3469 canonicatu
584 3401 724 3467 ecclesie
750 3401 782 3466 S.
800 3402 888 3468 Petri
917 3402 1110 3482 Insulensis,
1127 3401 1352 3468 Tomacensis
1375 3400 1526 3479 diocesis,
1543 3400 1603 3463 sub
1620 3417 1724 3482 expe-

357 3505 512 3572 ctatione
528 3504 698 3590 prebende
714 3506 884 3590 provisum
900 3507 973 3572 fuit.

405 3609 608 3675 Litterarum
624 3608 842 3675 scientiam...

404 3716 483 3779 Dat.
499 3714 599 3778 Avin.
620 3732 656 3796 15
675 3712 741 3778 kal.
756 3713 827 3797 julii
844 3735 934 3780 anno
950 3731 980 3799 7.

404 3817 444 3883 ln
460 3839 489 3883 c.
506 3839 550 3882 m.
569 3816 714 3881 Reatino
740 3826 775 3882 et
792 3816 1013 3885 Mothonensi
1041 3817 1207 3904 episcopis
1233 3838 1272 3885 ac
1288 3817 1308 3896 J
1311 3817 1435 3886 ohanni
1461 3815 1504 3882 de
1520 3812 1721 3896 Columpna,

357 3921 525 3988 canonico
541 3918 770 3985 Lateranensi.

394 4086 454 4147 Reg.
470 4088 516 4133 Ar.
531 4087 568 4142 19,
581 4085 598 4133 l.
613 4087 670 4132 rso
683 4101 688 4139 ;
702 4084 760 4131 Vnt.
771 4087 809 4142 to,
822 4084 840 4131 f.
852 4083 901 4140 ἴδ’,
913 4096 937 4129 n.
953 4083 1021 4129 1205.

411 4282 538 4364 l2ll.
1426 4317 1522 4380 1323,
1540 4314 1581 4380 17
1591 4296 1679 4379 juin.

405 4401 655 4481 Bartlrolomeo,
688 4401 757 4466 filio
782 4400 952 4485 quondam
981 4400 1128 4484 magistri
1155 4399 1328 4464 Accursini
1354 4400 1396 4465 de
1426 4399 1529 4482 Urbe,
1557 4401 1727 4466 confertur

358 4507 577 4573 canonicatus
601 4504 741 4571 ecclesie
768 4503 959 4584 FurnensiS,
988 4502 1192 4568 Morinensis
1216 4502 1370 4584 diocesis,
1396 4507 1457 4568 sub
1488 4504 1725 4589 expectatione

357 4610 540 4698 prebende,
567 4631 636 4674 non
667 4611 823 4674 obstante
848 4608 937 4693 quod
962 4608 1208 4693 preposituram
1240 4607 1273 4670 in
1299 4606 1331 4672 S.
1358 4606 1519 4692 Stephani
1545 4608 1723 4687 PratensiS,

357 4713 569 4780 Pistoriensis
583 4713 737 4792 diocesis,
755 4723 790 4777 et
805 4712 838 4776 in
856 4710 1015 4776 Paduana
1030 4732 1069 4776 ac
1086 4710 1279 4776 Pistoriensi
1297 4710 1446 4775 ecclesiis
1462 4713 1680 4778 canonicatus
1691 4720 1725 4775 et

357 4818 548 4905 prebendas
561 4818 703 4882 obtinet.

408 4921 540 4986 Meritis
555 4930 653 4986 tue...

409 5026 486 5091 Dat.
502 5025 601 5089 Avin.
623 5046 658 5109 15
677 5025 742 5089 kal.
756 5024 828 5109 julii
845 5044 934 5089 anno
952 5044 980 5108 7.

411 5131 449 5195 ln
476 5151 504 5194 e.
529 5151 574 5194 m.
598 5130 757 5213 magistro
782 5114 927 5206 Johanni
956 5128 998 5193 de
1030 5127 1227 5213 Columpna,
1260 5128 1497 5195 archidiacono
1528 5126 1723 5209 Vivariensi,
