4409 6017
489 719 529 803 84
1033 720 1180 801 Premiere
1201 736 1304 802 annea.

488 889 584 973 bleys
609 887 643 951 in
669 886 808 952 ecclesia
824 896 853 952 S.
872 884 1008 951 Martini
1026 885 1229 950 Turonensis
1255 907 1293 951 ac
1321 885 1422 951 etiarn
1448 884 1693 972 prebendarum
1720 904 1806 969 quas
1821 883 1853 947 in

484 991 615 1056 eisdem
632 989 833 1055 Eboracensi
850 997 885 1053 et
901 989 932 1054 S.
948 987 1085 1054 Martini
1096 987 1309 1071 Turonensis,
1320 989 1515 1071 Senonensi,
1526 987 1712 1068 Parisiensi,
1726 986 1855 1053 Carno-

489 1096 585 1172 tensi,
602 1093 872 1173 Catlralaunensi,
884 1092 1128 1172 Cameracensi,
1142 1090 1328 1179 Bajocensi,
1339 1091 1564 1159 Lincolniensi
1577 1100 1611 1158 et
1621 1091 1854 1157 Saresbiriensi

489 1198 635 1264 ecclesiis
651 1198 793 1276 obtinet,
810 1199 935 1281 absque
950 1196 1130 1262 residentia
1145 1198 1314 1282 percipere
1330 1199 1450 1262 valeat.

533 1302 640 1367 Recta
656 1321 796 1384 agere...

533 1406 601 1470 Dat
615 1406 715 1469 Arin.
734 1424 751 1488 3
770 1425 848 1470 non.
866 1403 973 1468 martii
990 1424 1081 1467 anno
1100 1423 1127 1467 1.

533 1508 572 1573 ln
589 1530 618 1573 e.
634 1529 679 1574 m.
696 1506 908 1593 Neapoleoni
925 1507 967 1571 de
985 1506 1058 1571 filiis
1071 1505 1158 1587 Ursi,
1175 1505 1409 1572 archidiacono
1424 1506 1467 1571 de
1479 1505 1699 1592 Carnpiniain
1711 1502 1858 1570 ecclesia

489 1611 676 1693 Leodiensi,
693 1611 825 1675 notario
841 1631 937 1696 pape,
955 1617 989 1674 et
1010 1610 1041 1675 S.
1059 1608 1152 1673 Pauli
1169 1629 1209 1675 ac
1225 1609 1278 1675 SS.
1295 1609 1430 1675 Andree
1454 1610 1597 1696 apostoli
1613 1616 1649 1674 et
1664 1608 1751 1673 Sabe
1773 1627 1856 1673 con-

490 1715 619 1780 sessoris
634 1715 676 1780 de
694 1714 787 1780 Urbe
803 1713 1081 1779 monasteriorum
1102 1713 1286 1778 abbatibus.

522 1853 583 1913 lleg.
596 1855 643 1900 Ar.
656 1856 678 1900 ἦ.
691 1853 708 1899 i.
722 1853 776 1909 ²74,
790 1866 814 1899 n.
828 1853 891 1898 2180
903 1867 908 1901 ;
922 1854 969 1898 Ar.
982 1852 1004 1909 6,
1018 1851 1035 1897 f.
1048 1851 1125 1900 rw:
1139 1849 1197 1897 l'at.
1210 1851 1247 1906 65,
1260 1850 1278 1897 f.
1291 1851 1383 1909 31111.
1396 1851 1459 1898 3007
1472 1851 1484 1911 (
1495 1851 1515 1912 ).

530 2012 645 2096 269.
1554 2043 1650 2109 1317,
1665 2043 1686 2106 5
1703 2046 1812 2091 nrars,

532 2130 695 2216 Magistro
726 2131 938 2217 Neapoleoni
976 2131 1018 2195 de
1050 2130 1124 2195 tiliis
1156 2129 1243 2211 Ursi,
1274 2130 1509 2196 archidiacono
1538 2130 1581 2196 de
1611 2129 1791 2215 Campinia
1821 2130 1855 2193 in

489 2236 628 2300 ecclesia
645 2235 833 2315 Leodiensi,
851 2234 981 2299 notario
1001 2242 1035 2299 et
1051 2234 1201 2299 familiari
1217 2254 1314 2319 pape,
1330 2233 1518 2319 indulgetur
1533 2241 1571 2299 ut
1586 2233 1710 2299 fructus
1726 2232 1857 2298 benefi-

488 2339 615 2403 ciorum
631 2358 766 2403 suorum
781 2341 906 2422 absque
923 2337 1101 2402 residentia
1117 2337 1287 2423 percipere
1303 2337 1417 2422 possit.

534 2441 643 2527 Digne
659 2462 800 2525 agere...

534 2546 610 2611 Dat.
626 2547 726 2611 Avin.
745 2567 762 2630 3
780 2567 859 2611 non.
875 2545 984 2611 martii
1000 2565 1091 2610 anno
1111 2564 1136 2610 1.

453 2672 457 2679 ·
533 2650 572 2715 In
590 2673 618 2717 e.
635 2673 679 2716 m.
696 2652 855 2737 episcopo
870 2650 1047 2715 Tiburtino
1063 2658 1096 2715 et
1123 2650 1235 2715 abbati
1262 2650 1453 2715 monasterii
1479 2650 1510 2715 S.
1527 2648 1620 2715 Pauli
1636 2648 1679 2715 de
1697 2648 1793 2716 Urbe
1817 2671 1857 2716 ac

489 2755 660 2840 preposito
677 2755 924 2841 Clrableyarurn
943 2754 975 2847 in
994 2754 1133 2819 ecclesia
1150 2754 1180 2819 S.
1199 2753 1336 2819 Martini
1351 2753 1565 2819 Turonensis.

523 2892 584 2953 Ilcg.
598 2896 644 2941 rix.
656 2896 681 2952 5,
694 2894 712 2942 f.
728 2894 792 2948 6663
806 2893 863 2940 Vat.
877 2895 915 2942 tta.
927 2893 945 2940 t'.
961 2894 1024 2942 1⁴3¹.
1038 2907 1062 2939 11.
1076 2893 1147 2939 alra.

531 3055 645 3137 270.
1532 3087 1684 3152 1317,13
1703 3090 1809 3135 auara.

533 3172 695 3258 Magistro
727 3173 846 3257 Egidio
871 3173 912 3238 de
939 3171 1202 3254 Montesalcone,
1233 3174 1407 3258 capellano
1433 3169 1561 3252 Jacobi,
1591 3171 1621 3237 S.
1647 3171 1782 3256 Georgii
1810 3173 1854 3238 ad

488 3276 608 3342 Velurn
624 3297 759 3342 aureum
776 3276 906 3341 diaconi
923 3275 1107 3356 cardinalis,
1129 3275 1298 3341 confertur
1313 3275 1529 3340 canonicatus
1556 3275 1695 3341 ecclesie
1711 3274 1742 3340 S.
1761 3273 1853 3340 Gau·

486 3381 585 3464 gerici
602 3380 860 3459 Cameracensis,
878 3382 937 3444 sub
963 3380 1198 3464 expectatione
1220 3379 1390 3465 prebende
1414 3389 1449 3443 et
1465 3379 1637 3463 dignitatis
1661 3399 1722 3443 seu
1736 3399 1852 3464 perso-

438 3526 439 3531 1
487 3494 584 3548 natus
609 3487 662 3549 vel
679 3484 789 3564 officii,
806 3505 875 3548 non
909 3485 1065 3548 obstante
1096 3483 1187 3566 quod
1217 3483 1458 3568 parrochialem
1486 3483 1661 3548 ecclesiam
1678 3482 1709 3547 S.
1736 3481 1852 3548 Cmcis

488 3587 737 3652 Cameracensis
753 3588 894 3652 obtinet.

529 3690 732 3756 Litterarum
748 3691 932 3756 scientiam.
942 3742 965 3756 ..

530 3795 610 3861 Dat.
627 3795 725 3860 Avin.
744 3815 761 3878 3
779 3795 822 3859 id.
840 3794 946 3858 martii
965 3814 1055 3858 anno
1076 3814 1101 3858 1.

529 3898 568 3963 In
585 3921 614 3964 e.
631 3919 675 3964 m.
692 3897 903 3983 Neapoleoni
920 3897 963 3961 de
979 3896 1054 3961 filiis
1067 3895 1155 3977 Ursi,
1172 3896 1407 3961 archidiacono
1420 3897 1462 3961 de
1474 3896 1650 3981 Campinia
1663 3895 1696 3960 in
1710 3896 1852 3962 ecclesia

484 4001 768 4086 Leodiensi,pape
779 4000 919 4081 notaria,
927 4009 961 4064 et
973 3999 1145 4085 preposito
1159 4000 1410 4065 Cameracensis
1420 4020 1459 4065 ac
1470 3998 1614 4065 Nicolao
1627 3999 1669 4065 de
1682 3997 1850 4080 Ceccan0,

486 4106 650 4171 canonico
665 4105 896 4169 Atrebatensis
913 4104 1137 4169 ecclesiarum.

516 4243 577 4304 ch.
590 4246 638 4290 Ar.
651 4246 673 4296 5,
687 4242 704 4289 l.
717 4243 774 4288 320*
786 4258 792 4292 ς
805 4242 864 4289 l'at.
878 4244 915 4298 115,
929 4242 946 4289 f.
960 4244 998 4287 511,
1012 4243 1118 4287 1121115.

524 4410 630 4492 271.
1531 4441 1621 4506 1317,
1639 4443 1678 4506 17
1697 4444 1802 4487 mars.

524 4529 664 4607 Jacobo,
686 4529 740 4593 SS.
756 4527 921 4605 Jolrannis
942 4535 975 4592 et
999 4525 1090 4590 Pauli
1115 4526 1298 4611 presbitero
1322 4527 1490 4607 cardinali,
1512 4526 1728 4591 conseruntur
1749 4536 1846 4591 motu

480 4633 614 4719 proprio
630 4632 847 4698 canonicatus
862 4640 896 4695 et
909 4630 1077 4716 prebenda
1093 4650 1132 4695 ac
1148 4630 1435 4696 archidiaconatus
1451 4630 1676 4695 Bruxeliensis
1690 4630 1724 4694 in
1741 4630 1847 4695 eccle-

480 4736 528 4801 sia
554 4735 797 4814 Cameracensi,
822 4744 981 4799 vacantes
1007 4754 1065 4819 per
1081 4733 1210 4797 obitum
1237 4734 1383 4818 magistri
1406 4732 1523 4810 Jacobi
1547 4734 1590 4799 de
1614 4732 1845 4810 Buccamatiis,

480 4840 574 4905 Sedis
596 4841 780 4926 apostolice
804 4839 933 4919 notarii,
951 4847 984 4902 et
1007 4858 1066 4923 per
1088 4835 1375 4902 consecrationem
1401 4837 1579 4916 Guillelmi‚
1597 4837 1743 4924 episcopi
1766 4835 1845 4901 Tre-

479 4944 596 5024 censiS,
608 4945 662 5028 qui
680 4945 711 5008 in
729 4944 792 5008 illis
800 4944 853 5027 jus
869 4943 991 5007 habere
1004 4941 1142 5020 dixerat,
1153 4962 1221 5005 non
1240 4944 1396 5007 obstante
1413 4943 1502 5026 quod
1525 4943 1700 5007 ecclesiam
1717 4940 1772 5005 SS.
1787 4938 1807 5017 J
1811 4961 1845 5004 ο-

513 5190 536 5235 l.
555 5189 602 5234 Ces
611 5184 680 5233 deux
690 5184 805 5231 demicrs
815 5189 892 5230 actea
905 5196 964 5228 suns
977 5178 1173 5228 l’dnumeration
1185 5179 1230 5225 des
1241 5177 1373 5226 bdndtices.
