4409 6017
840 705 986 770 Premilre
1007 704 1109 769 sonte.
1659 697 1694 766 41

307 866 309 870 ’
367 846 474 931 139.
1350 868 1444 950 1316,
1463 889 1503 952 re
1519 869 1654 934 octobre.

357 963 529 1047 Iohanni,
548 969 623 1034 filio
638 971 806 1055 quondam
823 971 1041 1054 Tornaquinti
1058 971 1100 1036 de
1114 970 1352 1055 Bonsostegnis
1368 971 1410 1036 de
1427 971 1607 1049 Florentia,
1618 992 1697 1037 con-

371 1091 411 1133 ur
434 1072 675 1139 canonicatus
697 1075 835 1141 ecclesie
860 1074 1048 1155 lnsulensis,
1065 1075 1284 1140 Tomacensis
1299 1074 1449 1155 diocesis
1466 1078 1525 1140 sub
1543 1084 1698 1161 expecta·

354 1194 399 1237 ne
416 1177 613 1260 prebende
629 1179 766 1262 integre,
782 1179 883 1244 libere
899 1188 933 1244 et
949 1200 1018 1244 non
1035 1179 1257 1244 sacerdotalis,

307 1312 309 1337 ι
344 1275 570 1345 Laudabilia
591 1289 693 1347 tue...

343 1380 432 1448 Dat.
450 1384 573 1450 Avin.
594 1406 611 1449 2
628 1385 671 1452 id.
688 1386 833 1452 octobris
848 1408 938 1451 anno
959 1408 984 1452 1.
1045 1370 1047 1374 ¹

342 1482 384 1550 ln
404 1508 441 1553 e.
460 1508 519 1553 m.
538 1487 767 1556 Noviomensi
783 1499 818 1556 et
832 1490 875 1556 de
891 1491 922 1556 S.
939 1491 1114 1556 Antonino
1129 1501 1142 1524 ⁰
1165 1491 1390 1556 Ruthenensis
1405 1491 1645 1556 archidiaconis
1659 1512 1698 1558 ae

306 1588 504 1657 irancisco
522 1592 572 1657 de
591 1591 869 1677 Monteflascone,
885 1597 1048 1661 canonico
1064 1595 1294 1661 Atrebatensis
1309 1595 1532 1660 ecclesiarum.

328 1728 396 1791 fleg.
415 1734 475 1779 Au.
491 1736 519 1780 Γ».
533 1732 555 1778 f.
572 1734 602 1779 31
620 1748 626 1782 ;
647 1731 705 1782 vo.
719 1735 757 1791 65,
772 1733 790 1782 i.
803 1734 840 1793 28,
854 1749 880 1782 n.
893 1736 964 1783 tom.

340 1891 476 1973 140.
1355 1906 1447 1991 1316,
1464 1929 1502 1992 't
1517 1909 1651 1972 octobre.

337 2008 620 2092 Cameracensi,
636 2011 863 2092 Ainbianensi,
881 2010 1073 2077 Mimatensi
1090 2033 1129 2078 ac
1145 2012 1357 2092 Atrebatensi
1381 2012 1544 2098 episcopis
1560 2002 1697 2076 manda-

306 2130 348 2181 ιπ
364 2130 409 2181 ut
427 2118 631 2202 suppleant
654 2116 937 2202 archiepiscopum
954 2115 1155 2181 Remensem
1179 2126 1213 2181 et
1235 2116 1437 2202 provinciale
1460 2115 1638 2183 concilium
1661 2114 1695 2180 in

306 2222 474 2307 'necessu
494 2219 606 2301 Petri,
623 2219 898 2287 Cathalaunensis
913 2220 1070 2306 episcopi.

343 2321 484 2410 Nuper
503 2322 551 2388 ad
569 2330 764 2390 nostrum...

345 2427 435 2494 Dat.
455 2428 572 2492 An‘n.
591 2448 608 2492 2
625 2427 669 2493 id.
686 2427 831 2495 octobris
847 2449 937 2495 anno
959 2450 985 2494 1.

306 2567 404 2705 ἐς.
418 2571 475 2617 Av.
486 2571 513 2626 2,
525 2568 547 2616 f.
561 2569 610 2617 388
622 2586 630 2627 ;
642 2568 702 2619 Vct.
718 2535 759 2631 bt,
776 2570 795 2619 f.
814 2571 852 2628 28,
869 2585 894 2619 n.
912 2570 959 2622 ol:
975 2570 1033 2620 Vat.
1052 2573 1105 2631 110,
1122 2585 1181 2634 pars
1198 2571 1217 2627 1,
1232 2572 1251 2620 f.
1269 2573 1321 2622 153.
1339 2586 1364 2620 n.
1380 2571 1427 2618 538
1446 2570 1518 2633 (sans
1529 2569 1652 2630 l'anncc).
1664 2598 1694 2604 -

361 2650 419 2699 lon.
429 2652 486 2699 410
501 2650 616 2711 (texte).

354 2822 471 2902 141.
1346 2833 1440 2917 1316,
1459 2854 1499 2917 15
1515 2835 1650 2899 octobre.

352 2938 516 3005 Guidoni
533 2937 580 3004 de
597 2935 803 3004 Cardelhaco
820 2937 865 3022 (¹)
882 2936 1097 3003 conferuntur
1107 2937 1321 3004 canonicatus
1332 2948 1366 3005 et
1378 2937 1547 3025 prebenda
1556 2937 1695 3003 ecclesie

398 3042 591 3123 eracensis,
615 3051 774 3107 vacantes
798 3061 857 3128 per
880 3041 1009 3107 obitum
1030 3041 1176 3127 magistri
1199 3041 1315 3119 Jacobi
1339 3043 1381 3108 de
1408 3043 1549 3118 Sabello
1574 3040 1692 3105 notarii

413 3146 511 3226 olici,
536 3145 572 3210 in
595 3145 746 3231 partibus
768 3145 830 3211 illis
852 3144 1009 3225 defuncti,
1033 3166 1101 3210 non
1126 3149 1281 3211 obstante
1304 3146 1394 3230 quod
1417 3144 1523 3210 eidem
1546 3143 1692 3209 Guidoni

436 3250 595 3336 dignitas
610 3269 671 3315 seu
685 3257 880 3334 personatus
895 3251 948 3314 vel
964 3247 1111 3315 officium
1128 3249 1277 3335 ejusdem
1292 3248 1539 3315 Cameracensis
1552 3246 1692 3314 ecclesie

388 3364 533 3420 natum
552 3354 633 3437 est(
650 3354 677 3433 l.

359 3458 570 3545 Apostolice
587 3457 725 3522 Sedis...

362 3561 444 3628 Dat.
461 3561 568 3626 Asin.
586 3561 630 3626 id.
648 3561 793 3626 octobris
808 3582 897 3627 anno
918 3581 943 3626 1.

360 3664 401 3730 ln
417 3687 449 3730 e.
467 3687 516 3730 m.
534 3665 651 3730 abbati
667 3666 856 3730 monasterii
874 3666 905 3730 S.
922 3666 1060 3731 Auberti
1076 3665 1323 3733 Cameracensis
1339 3678 1373 3732 et
1389 3666 1637 3732 Xanctonensis
1654 3684 1694 3732 ac

376 3769 586 3834 Pradallano
603 3768 772 3833 Auxitane
788 3769 1024 3836 archidiaconis
1035 3773 1259 3837 ecclesiarum.

350 3906 411 3968 821⁷.
425 3912 476 3956 Au.
485 3910 508 3961 3.
523 3906 543 3954 f.
558 3908 606 3955 132>
618 3923 623 3957 z
637 3907 697 3954 Vat.
710 3908 748 3967 63,
761 3908 778 3955 t.
792 3911 844 3961 llll.
857 3925 881 3958 u.
894 3913 949 3959 5111.

363 4074 474 4155 142.
1345 4091 1438 4174 1316,
1460 4111 1498 4172 15
1513 4092 1650 4155 octobre.

362 4191 512 4259 Guidoni
539 4192 584 4258 de
609 4189 816 4257 Cardelliaco
830 4204 1014 4261 reservatur
1028 4195 1171 4280 dignitas
1187 4217 1244 4260 seu
1260 4205 1456 4280 personatus
1475 4196 1529 4257 vel
1546 4193 1693 4259 officium

373 4298 521 4364 ecclesia
546 4295 794 4374 Cameracensi,
819 4317 885 4361 non
908 4301 1073 4378 obstante,
1097 4300 1187 4382 quod
1216 4299 1323 4364 eidem
1350 4297 1494 4363 Guidoni
1520 4317 1625 4381 nuper
1652 4297 1695 4361 de

378 4402 529 4466 onicatu·
548 4408 586 4465 et
610 4398 782 4483 prebenda
797 4400 943 4484 ejusdem
967 4401 1214 4467 Cameracensis
1237 4402 1375 4467 ecclesie
1398 4410 1479 4465 tunc
1502 4400 1696 4464 vacantibus

357 4505 487 4570 misum
511 4502 606 4588 fuit(
625 4503 652 4585 ).

360 4606 593 4695 Exigentibus
610 4605 780 4673 meritis..

348 4795 367 4828 ι,
382 4784 508 4831 Antonio
520 4794 579 4843 req.
594 4781 617 4828 Α
624 4794 644 4827 r.
656 4783 682 4827 et
698 4779 753 4829 l'ot.

340 5069 358 5118 Ι.
376 5071 429 5119 Gui
441 5069 479 5119 de
494 5065 665 5124 Conlaillue
676 5064 755 5116 d'une
765 5067 862 5118 iamille
872 5070 1028 5132 opparcutbc
1042 5086 1075 5119 au
1088 5086 1161 5134 papo.
1182 5073 1220 5121 of.
1233 5073 1305 5129 Albc,
1317 5073 1385 5120 ‹lans
1406 5068 1518 5117 „latrator
1534 5067 1563 5114 ilc
1575 5067 1602 5115 S.
1622 5069 1702 5119 Loor'r

356 5152 503 5215 frascato,
518 5158 541 5198 t.
557 5146 626 5201 vll,
638 5160 665 5213 p.
676 5148 772 5198 urt.-
783 5152 806 5198 2.
820 5151 881 5213 Voy.
896 5167 922 5202 n.
940 5155 991 5201 142.
1005 5181 1034 5188 -
1047 5156 1069 5203 3.
1086 5154 1148 5215 Voy.
1162 5169 1186 5204 n.
1204 5157 1256 5203 141.
