4409 6017
886 703 1054 786 cinquiuno
1073 702 1178 770 annes
1655 708 1711 772 871

396 855 507 941 951.
1421 889 1517 953 1321,
1533 868 1577 935 26
1591 869 1669 935 mai.

397 974 544 1061 Rogerio
559 974 601 1040 de
623 970 782 1037 Ziessella
794 969 974 1036 ‘confertur
995 972 1214 1040 canonicatus
1235 972 1376 1040 ecclesie
1398 972 1430 1039 8.
1445 971 1612 1051 Johannis
1634 974 1715 1041 Tra-

345 1079 511 1167 jectensis
526 1081 586 1145 sub
602 1074 839 1163 expectatione
855 1074 1036 1162 prebende,
1058 1098 1128 1143 non
1151 1078 1308 1145 obstante
1326 1077 1416 1163 quod
1438 1076 1472 1144 in
1496 1076 1659 1145 Fumensi
1680 1087 1716 1146 et

351 1182 598 1249 Harlebecensi
614 1178 774 1260 ecclesiis,
791 1176 996 1247 Morinensis
1010 1190 1046 1247 et
1060 1179 1284 1249 Tornacensis
1299 1180 1483 1266 diocesum,
1498 1183 1715 1252 canonicatus

349 1295 386 1353 et
402 1286 590 1375 prebendas
605 1284 747 1352 obtinet.

394 1389 569 1457 Attributa
582 1388 685 1455 tibi...

398 1494 480 1565 Dat.
498 1494 600 1559 Avin.
616 1510 636 1578 7
650 1491 717 1559 kal.
730 1488 813 1577 junii
828 1508 920 1556 anno
937 1505 967 1574 5.

397 1597 438 1666 In
469 1619 499 1664 e.
523 1619 569 1665 m.
592 1598 624 1663 8.
650 1596 741 1662 Petri
767 1601 803 1662 et
826 1594 858 1662 8.
880 1592 1028 1660 Bavonis
1053 1590 1294 1676 Gandensium,
1320 1591 1544 1661 Tornacensis
1565 1596 1717 1680 diocesis,

351 1701 635 1769 monasteriorum
649 1700 826 1767 abbatibus
841 1718 880 1765 ac
895 1696 1053 1782 magion
1068 1694 1088 1775 J
1091 1696 1217 1763 ohanni
1233 1696 1276 1764 de
1300 1696 1424 1779 Rocra,
1439 1700 1603 1766 canonico
1627 1697 1717 1769 Nea-

351 1807 517 1893 politano.

386 1943 448 2003 Beg.
463 1945 511 1989 Ar.
524 1941 566 1998 -15,
579 1938 598 1988 1.
613 1938 673 1986 530*
687 1952 694 1997 ;
706 1937 767 1987 vat.
781 1939 822 1997 72,
835 1937 854 1986 1.
866 1939 935 1996 2511,
948 1950 975 1986 11.
991 1937 1061 1986 1497.

470 2135 515 2216 2.
1428 2172 1448 2216 1
1470 2172 1491 2216 2
1663 2157 1675 2222 ’.

398 2137 582 2319 did-illelmo
612 2250 704 2319 dicto
733 2250 775 2316 de
806 2250 999 2318 Stienlande
1026 2252 1195 2318 confertur
1221 2154 1720 2326 eanonioetusjecldddemdieu-

353 2358 492 2439 niensis,
514 2354 738 2422 Tornacensis
763 2354 915 2436 diocesis,
931 2357 993 2422 sub
1015 2357 1253 2444 expectatione
1276 2358 1456 2444 prebende,
1471 2379 1540 2425 non
1562 2362 1719 2427 obstante

355 2460 449 2547 quod
471 2460 505 2524 in
528 2458 669 2526 ecclesia
692 2457 724 2524 S.
740 2458 922 2527 Donatiani
946 2458 1134 2547 Brugensis,
1149 2459 1239 2529 dicte
1262 2462 1414 2546 diocesis,
1433 2463 1668 2531 canonicatum
1683 2472 1719 2530 et

355 2563 565 2652 prebendam
580 2561 722 2630 obtinet.

400 2666 624 2752 Suffragantia
638 2665 741 2732 tibi...

403 2771 483 2836 Dat.
498 2770 599 2837 Avin.
615 2788 635 2854 7
650 2768 718 2836 kal.
730 2767 814 2855 Junii
828 2790 920 2837 anno
936 2788 966 2855 5.

405 2873 445 2939 In
476 2895 505 2939 e.
529 2895 574 2940 m.
600 2874 772 2960 preposito
803 2872 1062 2941 Harlebecensis
1085 2880 1121 2938 et
1144 2872 1321 2939 scolastico
1345 2871 1377 2940 8.
1399 2872 1508 2940 Marie
1532 2874 1719 2962 Brugensis,

357 2978 583 3044 Tornacensis
598 2978 749 3061 diocesis,
764 2999 804 3045 ac
828 2979 988 3064 magistro
1003 2976 1022 3054 J
1026 2977 1151 3043 ohanni
1176 2977 1218 3043 de
1236 2975 1360 3059 Rocca,
1376 2979 1540 3046 canonico
1561 2979 1595 3045 N
1599 2968 1723 3067 capoli-

359 3092 441 3148 tanc
457 3082 684 3148 ecclesiarum.

393 3224 458 3283 Reg.
472 3224 521 3270 Av.
534 3222 573 3281 15,
588 3220 606 3271 1.
618 3221 664 3269 531
679 3219 756 3278 ;Vst.
769 3223 809 3280 72,
822 3219 841 3269 1.
853 3221 910 3279 252,
924 3234 949 3267 n.
963 3220 1032 3269 1498.

401 3421 520 3508 953·
1432 3454 1528 3518 1321,
1543 3436 1587 3501 26
1602 3439 1681 3503 mai.

406 3539 552 3607 Nicolao
567 3538 661 3605 dicto
675 3537 861 3605 Asclenkes
884 3538 1052 3605 confertur
1071 3538 1288 3605 canonicatus
1308 3539 1449 3604 ecclesie
1473 3539 1725 3621 Melbodiensis,

361 3643 614 3710 Cameracensis
628 3642 781 3725 diocesis,
797 3645 858 3709 sub
874 3642 1111 3729 expectatione
1126 3641 1307 3728 prebende.

406 3747 590 3814 Probitatis
604 3755 704 3812 tue...

406 3852 486 3917 Dat.
501 3851 602 3917 Avin.
620 3868 638 3936 7
654 3849 722 3917 kal.
733 3848 817 3936 junii
833 3868 923 3915 anno
941 3867 970 3934 5.

406 3954 447 4020 In
464 3976 493 4022 e.
510 3976 555 4021 m.
572 3963 609 4021 ut
623 3960 738 4041 supra,
750 3977 782 4021 n.
797 3971 873 4040 952.

396 4111 458 4172 Rog.
470 4112 519 4159 Ar.
533 4112 572 4169 15,
583 4109 601 4158 1.
614 4111 673 4157 531ν
686 4124 691 4166 ;
705 4108 765 4158 Vat.
778 4109 816 4168 72,
829 4108 848 4155 1.
860 4109 915 4167 252,
928 4120 953 4155 n.
967 4106 1037 4154 1499.

408 4301 527 4387 954.
892 4306 895 4309 “
1433 4323 1529 4387 1321,
1545 4302 1589 4367 2ό
1606 4301 1684 4365 mai.

409 4418 533 4485 Livino
548 4418 641 4484 dicto
657 4416 822 4502 Quintino
837 4415 1007 4483 confertur
1022 4412 1241 4481 canonicatus
1257 4410 1397 4476 ecclesie
1413 4406 1613 4484 Lileriensis,
1627 4402 1731 4469 Mori·
1789 4463 1791 4473 .

367 4522 480 4588 nensis
495 4521 648 4603 diocesis,
660 4524 720 4587 sub
735 4520 972 4608 expectatione
987 4518 1168 4606 prebende.

414 4624 652 4692 Munificentie
667 4614 899 4711 apostolice...

413 4730 493 4797 Dat.
509 4730 610 4795 Avin.
627 4747 646 4813 7
662 4728 729 4795 kal.
742 4729 825 4815 Junii
841 4748 933 4795 anno
951 4744 980 4813 5.

415 4833 456 4899 In
476 4854 505 4899 e.
522 4854 567 4899 m.
583 4832 615 4899 8.
633 4830 771 4900 Martini
796 4832 954 4919 Yprensis
976 4839 1012 4897 et
1035 4825 1296 4895 Formeselensis
1318 4824 1608 4906 monasteriorum,
1632 4821 1736 4888 Mori-

371 4938 484 5004 nensis
513 4937 666 5021 diocesis,
696 4938 874 5025 prepositis
903 4957 943 5003 ac
972 4934 1132 5020 magistro
1161 4930 1308 5008 Johanni
1337 4929 1380 4997 de
1419 4927 1543 5010 Rocca,
1574 4926 1737 4993 canonico

375 5040 621 5128 Neapolitano

408 5196 471 5257 Reg.
484 5196 533 5244 Av.
547 5196 584 5254 15,
597 5195 615 5242 1.
629 5193 705 5249 498v3
718 5191 777 5241 Vat.
790 5194 830 5251 72,
844 5192 863 5241 1.
875 5193 929 5250 254,
941 5204 967 5241 n.
981 5191 1052 5245 1507.
