4409 6017
495 716 556 783 524
1031 718 1188 785 Neuvibme
1209 719 1311 785 annte.

496 868 656 950 inclinati,
672 869 864 935 discretioni
880 879 1001 951 vestre,
1016 870 1059 936 de
1075 890 1141 955 qua
1155 871 1292 955 plenam
1308 870 1342 934 in
1359 869 1508 934 Domino
1531 866 1699 932 fiduciam
1717 864 1864 950 gerimus,

497 991 557 1057 per
570 974 756 1058 apostolica
766 974 889 1060 scripta
904 974 1105 1041 mandamus
1120 983 1284 1058 quatenus
1299 995 1359 1039 vos
1375 973 1429 1038 vel
1444 972 1513 1038 duo
1527 980 1586 1036 aut
1601 990 1697 1036 unus
1710 976 1863 1044 vestrum,

496 1075 522 1141 si
539 1078 635 1143 vobis
658 1078 866 1164 simpliciter,
882 1079 1060 1145 summarie
1075 1089 1111 1145 et
1126 1081 1168 1146 de
1195 1080 1306 1165 planu,
1322 1078 1393 1144 sine
1408 1076 1550 1162 strepitu
1566 1082 1602 1139 et
1618 1074 1735 1159 figura
1747 1071 1864 1157 judicii,

496 1182 686 1248 constiterit
711 1182 810 1249 dictis
839 1182 1057 1249 creditoribus
1077 1184 1147 1250 fore
1170 1184 1213 1250 de
1238 1183 1329 1249 dicta
1355 1190 1445 1248 sorte
1469 1179 1622 1247 totaliter
1644 1177 1865 1252 satisfactum,

496 1285 634 1351 eosdem
650 1286 692 1352 ad
708 1286 952 1352 restituendum
974 1278 1071 1353 dictis
1086 1288 1199 1354 abbati
1216 1296 1251 1352 et
1266 1285 1446 1353 conventui
1470 1282 1730 1368 obligationum
1746 1281 1865 1346 litteras

496 1390 711 1476 supradictas,
728 1399 762 1456 et
778 1391 868 1476 quod
892 1413 952 1457 sua
967 1400 1056 1457 sorte
1073 1393 1225 1459 contenti
1241 1410 1358 1457 usuras
1373 1398 1522 1456 extortas
1537 1386 1671 1453 eisdem
1687 1386 1865 1453 restituant

497 1502 531 1560 et
548 1497 590 1559 ab
616 1515 729 1559 earum
751 1496 944 1561 extorsione
963 1497 1139 1577 desistant,
1166 1504 1202 1561 et
1226 1515 1341 1560 eorum
1367 1494 1578 1579 fidejussores
1600 1493 1796 1558 absolvant
1808 1507 1864 1554 nec

497 1598 621 1663 saciant
652 1619 710 1664 eos
739 1600 852 1664 vexari
883 1620 943 1685 per
965 1601 1139 1685 justiciam
1174 1599 1368 1680 secularem,
1396 1596 1595 1683 juramentis
1626 1595 1864 1663 nichilominus

496 1721 595 1787 super
610 1701 781 1767 solvendis
796 1711 831 1767 et
847 1724 915 1768 non
932 1704 1123 1789 repetendis
1139 1703 1245 1770 usuris
1260 1712 1295 1768 et
1311 1703 1383 1767 aliis
1393 1722 1451 1786 per
1460 1721 1520 1767 eos
1528 1700 1682 1786 prestitis
1698 1697 1864 1777 relaxatis,

498 1806 636 1871 clericos
652 1825 711 1891 per
727 1826 902 1872 censuram
929 1808 1203 1889 ecclesiasticam,
1216 1806 1320 1873 laicos
1338 1826 1419 1871 vero
1443 1826 1502 1891 per
1517 1825 1646 1891 penam
1663 1804 1700 1869 in
1732 1804 1864 1870 Latera·

496 1909 591 1974 nensi
609 1910 753 1976 concilio
765 1920 883 1976 contra
896 1912 1059 1978 usurarios
1075 1912 1211 1990 editam,
1227 1911 1455 1997 appellatione
1465 1909 1669 1996 postposita,
1682 1909 1864 1995 compella·

496 2012 550 2078 tis.
568 2010 647 2078 Non
664 2015 916 2080 obstantibus...
937 2016 1015 2081 Dat.
1032 2016 1132 2081 Avin.
1151 2037 1168 2100 3
1186 2015 1229 2081 id.
1242 2014 1441 2100 septembris
1455 2034 1546 2080 anno
1568 2034 1630 2095 9.»

531 2150 593 2212 ch.
608 2154 655 2200 Av.
668 2154 706 2210 22,
717 2153 734 2201 1,
746 2155 776 2199 89
789 2171 795 2210 ;
809 2153 867 2201 l'at.
882 2156 920 2212 78,
936 2154 955 2202 f.
967 2156 1006 2213 63,
1018 2169 1044 2203 n.
1057 2155 1112 2203 201.

543 2362 685 2446 1398.
1439 2399 1534 2463 1324,
1562 2394 1603 2462 17
1627 2380 1828 2465 septembre.

540 2480 615 2546 Ade
638 2481 680 2547 de
709 2482 891 2550 Donnonio
917 2485 1135 2550 confinnatur
1159 2486 1297 2552 collatio
1317 2485 1442 2551 dudum
1466 2483 1556 2549 facta
1578 2479 1625 2567 (¹)
1643 2481 1866 2570 canonicatus

498 2585 639 2651 ecclesie
656 2584 687 2650 S.
712 2585 800 2650 Petri
817 2587 860 2652 de
877 2587 999 2668 lnsula,
1016 2587 1237 2655 Tornacensis
1261 2588 1415 2671 diocesis,
1440 2590 1499 2653 sub
1522 2584 1775 2672 expectatione
1798 2605 1865 2671 pre·

496 2688 617 2761 bende‚
634 2709 703 2753 non
720 2691 876 2755 obstante
893 2691 983 2775 quod
1006 2691 1038 2756 in
1063 2712 1104 2757 ea
1132 2692 1260 2757 mentio
1277 2692 1364 2758 lacta
1387 2712 1454 2758 non
1472 2691 1578 2755 fuerat
1594 2688 1638 2755 de
1654 2689 1865 2756 thesauraria

400 2835 404 2841 -
498 2791 637 2858 ecclesie
668 2791 839 2858 S.An1ati
864 2794 1051 2862 Duacensis
1078 2816 1179 2881 quam
1204 2796 1294 2861 idem
1319 2795 1429 2861 Adam
1455 2802 1610 2879 tempore
1636 2792 1865 2861 concessionis

498 2895 687 2979 hujusmodi
705 2897 889 2980 obtinebat,
917 2920 975 2964 seu
1005 2900 1095 2985 quod
1122 2900 1155 2964 in
1180 2899 1393 2965 Atrebatensi
1421 2906 1455 2965 et
1478 2898 1510 2964 S.
1533 2896 1651 2962 Amati
1676 2897 1865 2965 Duacensis

498 2998 649 3065 ecclesiis
665 3000 884 3067 canonicatus
899 3011 934 3068 et
955 3003 1152 3089 prebendas,
1168 3025 1208 3070 ac
1231 3004 1395 3090 capellam
1417 3002 1459 3069 de
1483 3000 1682 3084 Donnonio,
1707 3004 1864 3068 Attreba·

497 3102 601 3168 tensis
617 3101 770 3184 diocesis,
787 3106 929 3172 obtinet.

542 3209 723 3275 Probitatis
745 3220 843 3276 tue...

543 3314 785 3399 Dat.Avin.15
803 3315 869 3380 kal.
886 3315 1032 3379 octobris
1048 3335 1138 3380 anno
1156 3337 1184 3395 9.

542 3417 593 3483 ln.
609 3440 638 3483 e.
657 3440 699 3485 nr.
712 3421 841 3484 decano
853 3420 884 3483 S.
901 3419 992 3484 Petri
1010 3419 1207 3500 Duacensis,
1224 3420 1455 3486 atrebatensis
1470 3420 1620 3499 diocesis,
1637 3429 1675 3486 et
1690 3420 1864 3507 preposito

497 3522 729 3588 Atrebatensis
745 3543 784 3589 ac
801 3523 978 3589 scolastico
994 3523 1245 3590 Cameracensis
1261 3524 1486 3591 ecclesiarum.

532 3671 592 3730 llcg.
606 3674 652 3719 As.
665 3674 703 3718 23.
716 3671 733 3717 1.
747 3672 805 3718 291ν
822 3686 827 3726 ;
841 3670 898 3718 Vnt.
910 3674 948 3728 ill,
961 3672 978 3719 1.
991 3672 1057 3729 altu,
1071 3686 1096 3719 n.
1113 3673 1182 3719 1811.

543 3892 685 3975 1399.
1457 3927 1551 3991 1324,
1568 3927 1612 3970 22
1627 3913 1823 3994 septembre.

543 4008 740 4088 Bertrand0,
766 4010 796 4075 S.
820 4008 972 4075 Marcelli
998 4012 1184 4097 presbitero
1215 4011 1383 4091 cardinali,
1407 4010 1593 4097 apostolice
1618 4010 1713 4078 Sedis
1741 4015 1860 4099 legate,

499 4114 694 4179 conceditur
716 4113 858 4179 facultas
880 4115 1061 4200 recipiendi
1085 4117 1346 4200 resignationem
1370 4114 1578 4201 prepositure
1601 4116 1747 4182 ecclesie
1765 4117 1860 4202 Burgi

498 4218 540 4283 de
558 4217 770 4302 S.Dopnino,
778 4217 966 4283 Parmensis
981 4218 1135 4301 diocesis,
1148 4241 1279 4285 necnon
1297 4220 1556 4286 canonicatuum
1568 4226 1602 4284 et
1615 4222 1860 4304 prebendarum

501 4321 689 4388 Parmensis
722 4330 756 4385 et
793 4321 988 4388 Leodiensis
1021 4324 1240 4389 ecclesiarum
1262 4345 1322 4410 per
1351 4326 1514 4403 Azonem,
1541 4331 1659 4389 natum
1692 4326 1860 4411 quondam

501 4424 629 4490 Giberti
645 4426 687 4490 de
704 4425 861 4511 Corrigia,
879 4427 1004 4508 militis,
1015 4427 1213 4510 faciendam,
1224 4449 1347 4514 eosque
1365 4428 1555 4494 conserendi
1573 4428 1629 4493 uni
1647 4431 1704 4495 vel
1716 4432 1861 4517 pluribus

500 4530 650 4618 personis
666 4533 707 4595 ab
725 4530 797 4615 ipso
813 4532 927 4596 Azone
943 4531 1167 4599 nominandis.
1504 4517 1508 4522 ⁸

544 4635 629 4698 Cum
646 4634 731 4699 sicut
748 4636 976 4720 accepimus...

545 4738 623 4804 Dat.
640 4737 739 4803 Avin.
761 4759 797 4803 10
820 4739 885 4805 kal.
902 4740 1049 4806 octobris
1065 4762 1155 4807 anno
1173 4763 1201 4822 9.

535 4885 593 4944 [lup.
606 4886 654 4934 riv.
670 4888 708 4944 22,
722 4886 738 4932 1.
758 4888 813 4932 112*
833 4894 858 4934 ut
871 4887 889 4936 1.
905 4889 969 4935 alii:
984 4887 1041 4936 l'ai.
1057 4890 1095 4940 ¹78.
1109 4890 1126 4937 1.
1142 4891 1172 4936 21
1186 4893 1212 4937 et
1224 4889 1241 4937 l.
1255 4890 1310 4949 236,
1325 4904 1368 4939 nn.
1385 4891 1415 4939 68
1427 4896 1452 4939 et
1466 4892 1521 4940 697.

535 5159 556 5202 l.
573 5156 633 5216 l'o's'.
649 5172 671 5202 u.
689 5160 757 5205 lilll.
