<?xml version="1.0" encoding="UTF-8"?>
<!DOCTYPE html PUBLIC "-//W3C//DTD XHTML 1.0 Transitional//EN"
    "http://www.w3.org/TR/xhtml1/DTD/xhtml1-transitional.dtd">
<html xmlns="http://www.w3.org/1999/xhtml" xml:lang="en" lang="en">
 <head>
  <title>
</title>
<meta http-equiv="Content-Type" content="text/html;charset=utf-8" />
  <meta name='ocr-system' content='tesseract 3.04.00' />
  <meta name='ocr-capabilities' content='ocr_page ocr_carea ocr_par ocr_line ocrx_word'/>
</head>
<body>
  <div class='ocr_page' id='page_1' title='image "./lettresdejeanxx00xxiigoog_0664.png"; bbox 0 0 4409 6017; ppageno 0'>
   <div class='ocr_carea' id='block_1_1' title="bbox 513 698 1334 770">
    <p class='ocr_par' dir='ltr' id='par_1_1' title="bbox 513 698 1334 770">
     <span class='ocr_line' id='line_1_1' title="bbox 513 698 1334 770; baseline -0.004 -1"><span class='ocrx_word' id='word_1_1' title='bbox 513 700 575 770; x_wconf 80' lang='lat'>576</span> <span class='ocrx_word' id='word_1_2' title='bbox 1051 698 1209 768; x_wconf 78' lang='lat' dir='ltr'>ileuvibme</span> <span class='ocrx_word' id='word_1_3' title='bbox 1230 699 1334 767; x_wconf 68' lang='lat' dir='ltr'>annue</span> 
     </span>
    </p>
   </div>
   <div class='ocr_carea' id='block_1_2' title="bbox 512 851 1867 1366">
    <p class='ocr_par' dir='ltr' id='par_1_2' title="bbox 558 851 1841 943">
     <span class='ocr_line' id='line_1_2' title="bbox 558 851 1841 943; baseline -0.005 -12"><span class='ocrx_word' id='word_1_4' title='bbox 558 851 701 934; x_wconf 81' lang='grc'>1574.</span> <span class='ocrx_word' id='word_1_5' title='bbox 1579 878 1753 943; x_wconf 79' lang='lat' dir='ltr'>1325,1o</span> <span class='ocrx_word' id='word_1_6' title='bbox 1776 861 1841 926; x_wconf 81' lang='lat' dir='ltr'>mat</span> 
     </span>
    </p>

    <p class='ocr_par' dir='ltr' id='par_1_3' title="bbox 512 962 1867 1264">
     <span class='ocr_line' id='line_1_3' title="bbox 557 962 1867 1051; baseline -0.003 -18"><span class='ocrx_word' id='word_1_7' title='bbox 557 968 710 1035; x_wconf 92' lang='lat' dir='ltr'>Henrico</span> <span class='ocrx_word' id='word_1_8' title='bbox 724 968 766 1035; x_wconf 91' lang='lat' dir='ltr'>de</span> <span class='ocrx_word' id='word_1_9' title='bbox 782 968 878 1051; x_wconf 89' lang='lat' dir='ltr'>Gras,</span> <span class='ocrx_word' id='word_1_10' title='bbox 893 978 976 1035; x_wconf 90' lang='lat' dir='ltr'>nato</span> <span class='ocrx_word' id='word_1_11' title='bbox 993 968 1116 1034; x_wconf 93' lang='lat' dir='ltr'>nobilis</span> <span class='ocrx_word' id='word_1_12' title='bbox 1130 967 1193 1033; x_wconf 88' lang='lat' dir='ltr'>viri</span> <span class='ocrx_word' id='word_1_13' title='bbox 1209 966 1229 1045; x_wconf 91' lang='lat' dir='ltr'>J</span> <span class='ocrx_word' id='word_1_14' title='bbox 1232 967 1376 1034; x_wconf 92' lang='lat' dir='ltr'>ohannis</span> <span class='ocrx_word' id='word_1_15' title='bbox 1390 967 1433 1034; x_wconf 88' lang='lat' dir='ltr'>de</span> <span class='ocrx_word' id='word_1_16' title='bbox 1448 965 1546 1047; x_wconf 87' lang='lat' dir='ltr'>Gras,</span> <span class='ocrx_word' id='word_1_17' title='bbox 1564 962 1711 1046; x_wconf 90' lang='lat' dir='ltr'>militis,</span> <span class='ocrx_word' id='word_1_18' title='bbox 1727 963 1867 1031; x_wconf 81' lang='lat' dir='ltr'>coniertu</span> 
     </span>
     <span class='ocr_line' id='line_1_4' title="bbox 512 1066 1866 1157; baseline -0.004 -18"><span class='ocrx_word' id='word_1_19' title='bbox 512 1072 733 1139; x_wconf 86' lang='lat' dir='ltr'><strong>canonicatus</strong></span> <span class='ocrx_word' id='word_1_20' title='bbox 758 1073 899 1140; x_wconf 85' lang='lat' dir='ltr'><strong>ecclesie</strong></span> <span class='ocrx_word' id='word_1_21' title='bbox 924 1072 956 1139; x_wconf 88' lang='lat' dir='ltr'>S.</span> <span class='ocrx_word' id='word_1_22' title='bbox 983 1071 1123 1137; x_wconf 88' lang='lat' dir='ltr'>Servatii</span> <span class='ocrx_word' id='word_1_23' title='bbox 1152 1069 1387 1157; x_wconf 85' lang='lat' dir='ltr'>Trajectensis,</span> <span class='ocrx_word' id='word_1_24' title='bbox 1418 1066 1623 1137; x_wconf 89' lang='lat' dir='ltr'>Leodiensis</span> <span class='ocrx_word' id='word_1_25' title='bbox 1649 1067 1809 1151; x_wconf 79' lang='lat' dir='ltr'>diocesis,</span> <span class='ocrx_word' id='word_1_26' title='bbox 1828 1069 1866 1133; x_wconf 81' lang='lat' dir='ltr'>sd</span> 
     </span>
     <span class='ocr_line' id='line_1_5' title="bbox 513 1176 946 1264; baseline 0 -23"><span class='ocrx_word' id='word_1_27' title='bbox 513 1176 750 1263; x_wconf 82' lang='lat' dir='ltr'>expectatione</span> <span class='ocrx_word' id='word_1_28' title='bbox 765 1176 946 1264; x_wconf 89' lang='lat' dir='ltr'>prebende.</span> 
     </span>
    </p>

    <p class='ocr_par' dir='ltr' id='par_1_4' title="bbox 557 1278 918 1366">
     <span class='ocr_line' id='line_1_6' title="bbox 557 1278 918 1366; baseline -0.003 -20"><span class='ocrx_word' id='word_1_29' title='bbox 557 1278 727 1347; x_wconf 85' lang='lat' dir='ltr'>Nobilitas</span> <span class='ocrx_word' id='word_1_30' title='bbox 746 1280 918 1366; x_wconf 84' lang='lat' dir='ltr'>generis...</span> 
     </span>
    </p>
   </div>
   <div class='ocr_carea' id='block_1_3' title="bbox 512 1383 1868 1675">
    <p class='ocr_par' dir='ltr' id='par_1_5' title="bbox 512 1383 1868 1675">
     <span class='ocr_line' id='line_1_7' title="bbox 558 1383 1106 1464; baseline 0 -16"><span class='ocrx_word' id='word_1_31' title='bbox 558 1383 637 1450; x_wconf 89' lang='lat' dir='ltr'>Dat.</span> <span class='ocrx_word' id='word_1_32' title='bbox 652 1384 752 1451; x_wconf 87' lang='lat' dir='ltr'>Avin.</span> <span class='ocrx_word' id='word_1_33' title='bbox 772 1388 789 1449; x_wconf 90' lang='lat'>6</span> <span class='ocrx_word' id='word_1_34' title='bbox 807 1384 851 1450; x_wconf 92' lang='lat' dir='ltr'>id.</span> <span class='ocrx_word' id='word_1_35' title='bbox 867 1384 945 1450; x_wconf 88' lang='lat' dir='ltr'>maii</span> <span class='ocrx_word' id='word_1_36' title='bbox 963 1403 1053 1449; x_wconf 92' lang='lat' dir='ltr'>anno</span> <span class='ocrx_word' id='word_1_37' title='bbox 1076 1403 1106 1464; x_wconf 90' lang='lat'>9.</span> 
     </span>
     <span class='ocr_line' id='line_1_8' title="bbox 556 1484 1868 1574; baseline 0.002 -22"><span class='ocrx_word' id='word_1_38' title='bbox 556 1484 597 1553; x_wconf 94' lang='lat' dir='ltr'>In</span> <span class='ocrx_word' id='word_1_39' title='bbox 613 1508 642 1552; x_wconf 91' lang='lat' dir='ltr'>e.</span> <span class='ocrx_word' id='word_1_40' title='bbox 658 1508 703 1555; x_wconf 91' lang='lat' dir='ltr'>m.</span> <span class='ocrx_word' id='word_1_41' title='bbox 715 1487 829 1554; x_wconf 89' lang='lat' dir='ltr'>abbati</span> <span class='ocrx_word' id='word_1_42' title='bbox 845 1487 1039 1554; x_wconf 88' lang='lat' dir='ltr'>monasterii</span> <span class='ocrx_word' id='word_1_43' title='bbox 1053 1487 1084 1551; x_wconf 86' lang='lat' dir='ltr'>S.</span> <span class='ocrx_word' id='word_1_44' title='bbox 1100 1485 1220 1564; x_wconf 88' lang='lat' dir='ltr'>Jacobi</span> <span class='ocrx_word' id='word_1_45' title='bbox 1237 1484 1434 1552; x_wconf 91' lang='lat' dir='ltr'>Leodiensis</span> <span class='ocrx_word' id='word_1_46' title='bbox 1449 1493 1484 1552; x_wconf 91' lang='lat' dir='ltr'>et</span> <span class='ocrx_word' id='word_1_47' title='bbox 1499 1486 1688 1574; x_wconf 89' lang='lat' dir='ltr'>preposito</span> <span class='ocrx_word' id='word_1_48' title='bbox 1710 1485 1868 1565; x_wconf 76' lang='lat' dir='ltr'>Fosseusis,</span> 
     </span>
     <span class='ocr_line' id='line_1_9' title="bbox 512 1587 1868 1675; baseline -0.001 -19"><span class='ocrx_word' id='word_1_49' title='bbox 512 1589 708 1658; x_wconf 89' lang='lat' dir='ltr'>Leodiensis</span> <span class='ocrx_word' id='word_1_50' title='bbox 727 1590 879 1673; x_wconf 88' lang='lat' dir='ltr'>diocesis,</span> <span class='ocrx_word' id='word_1_51' title='bbox 895 1610 935 1657; x_wconf 90' lang='lat' dir='ltr'>ac</span> <span class='ocrx_word' id='word_1_52' title='bbox 959 1590 1197 1658; x_wconf 90' lang='lat' dir='ltr'>archidiacono</span> <span class='ocrx_word' id='word_1_53' title='bbox 1222 1589 1264 1656; x_wconf 91' lang='lat' dir='ltr'>de</span> <span class='ocrx_word' id='word_1_54' title='bbox 1288 1588 1395 1675; x_wconf 88' lang='lat' dir='ltr'>Algia,</span> <span class='ocrx_word' id='word_1_55' title='bbox 1412 1587 1644 1657; x_wconf 87' lang='lat' dir='ltr'>Lexoviensis</span> <span class='ocrx_word' id='word_1_56' title='bbox 1660 1592 1868 1658; x_wconf 78' lang='lat' dir='ltr'>ecclesiarum.</span> 
     </span>
    </p>
   </div>
   <div class='ocr_carea' id='block_1_4' title="bbox 548 394 1905 2047">
    <p class='ocr_par' dir='ltr' id='par_1_6' title="bbox 548 394 1905 3621">
     <span class='ocr_line' id='line_1_10' title="bbox 548 394 1905 1795; baseline -0.01 -13"><span class='ocrx_word' id='word_1_57' title='bbox 548 1733 609 1795; x_wconf 71' lang='lat' dir='ltr'>neg.</span> <span class='ocrx_word' id='word_1_58' title='bbox 624 1735 673 1781; x_wconf 77' lang='lat' dir='ltr'>nv.</span> <span class='ocrx_word' id='word_1_59' title='bbox 685 1734 723 1791; x_wconf 86' lang='lat'>23,</span> <span class='ocrx_word' id='word_1_60' title='bbox 737 1732 754 1782; x_wconf 81' lang='lat' dir='ltr'>f.</span> <span class='ocrx_word' id='word_1_61' title='bbox 770 1731 909 1791; x_wconf 53' lang='lat' dir='ltr'>asenne.</span> <span class='ocrx_word' id='word_1_62' title='bbox 922 1733 960 1789; x_wconf 83' lang='lat' dir='ltr'>rs,</span> <span class='ocrx_word' id='word_1_63' title='bbox 973 1730 991 1778; x_wconf 84' lang='lat' dir='ltr'>f.</span> <span class='ocrx_word' id='word_1_64' title='bbox 1004 1731 1059 1788; x_wconf 85' lang='lat'>301,</span> <span class='ocrx_word' id='word_1_65' title='bbox 1072 1744 1098 1779; x_wconf 86' lang='lat' dir='ltr'>n.</span> <span class='ocrx_word' id='word_1_66' title='bbox 1114 1730 1186 1777; x_wconf 86' lang='lat'>2031.</span> <span class='ocrx_word' id='word_1_67' title='bbox 1873 394 1905 1708; x_wconf 55' lang='grc' dir='ltr'><strong>ι</strong></span> 
     </span>
     <span class='ocr_line' id='line_1_11' title="bbox 563 1953 1838 2047; baseline -0.004 -14"><span class='ocrx_word' id='word_1_68' title='bbox 563 1953 865 2038; x_wconf 83' lang='grc'>1575-1576.</span> <span class='ocrx_word' id='word_1_69' title='bbox 1578 1984 1684 2047; x_wconf 77' lang='lat'>1325,</span> <span class='ocrx_word' id='word_1_70' title='bbox 1704 1987 1749 2031; x_wconf 90' lang='grc' dir='ltr'>ιο</span> <span class='ocrx_word' id='word_1_71' title='bbox 1772 1966 1838 2030; x_wconf 84' lang='lat' dir='ltr'>mai.</span> 
     </span>
    </p>
   </div>
   <div class='ocr_carea' id='block_1_5' title="bbox 515 2066 1868 2882">
    <p class='ocr_par' dir='ltr' id='par_1_7' title="bbox 515 2066 1868 2567">
     <span class='ocr_line' id='line_1_12' title="bbox 560 2066 1868 2157; baseline -0.007 -20"><span class='ocrx_word' id='word_1_72' title='bbox 560 2070 580 2149; x_wconf 91' lang='lat' dir='ltr'>J</span> <span class='ocrx_word' id='word_1_73' title='bbox 583 2071 707 2137; x_wconf 89' lang='lat' dir='ltr'>ohanni</span> <span class='ocrx_word' id='word_1_74' title='bbox 724 2071 766 2137; x_wconf 91' lang='lat' dir='ltr'>de</span> <span class='ocrx_word' id='word_1_75' title='bbox 782 2071 910 2157; x_wconf 88' lang='lat' dir='ltr'>Supino</span> <span class='ocrx_word' id='word_1_76' title='bbox 925 2078 1113 2136; x_wconf 89' lang='lat' dir='ltr'>reservatur</span> <span class='ocrx_word' id='word_1_77' title='bbox 1134 2068 1338 2135; x_wconf 90' lang='lat' dir='ltr'>beneficium</span> <span class='ocrx_word' id='word_1_78' title='bbox 1354 2066 1626 2133; x_wconf 87' lang='lat' dir='ltr'>ecclesiasticum</span> <span class='ocrx_word' id='word_1_79' title='bbox 1645 2068 1723 2135; x_wconf 90' lang='lat' dir='ltr'>sine</span> <span class='ocrx_word' id='word_1_80' title='bbox 1739 2089 1814 2137; x_wconf 83' lang='lat' dir='ltr'>cura</span> <span class='ocrx_word' id='word_1_81' title='bbox 1830 2067 1868 2150; x_wconf 83' lang='lat'>(5⁰</span> 
     </span>
     <span class='ocr_line' id='line_1_13' title="bbox 517 2170 1867 2261; baseline -0.001 -21"><span class='ocrx_word' id='word_1_82' title='bbox 517 2175 589 2242; x_wconf 92' lang='lat' dir='ltr'>flor.</span> <span class='ocrx_word' id='word_1_83' title='bbox 606 2174 705 2261; x_wconf 89' lang='lat' dir='ltr'>auri),</span> <span class='ocrx_word' id='word_1_84' title='bbox 721 2175 763 2241; x_wconf 92' lang='lat' dir='ltr'>ad</span> <span class='ocrx_word' id='word_1_85' title='bbox 779 2174 998 2241; x_wconf 90' lang='lat' dir='ltr'>collationem</span> <span class='ocrx_word' id='word_1_86' title='bbox 1010 2172 1160 2261; x_wconf 90' lang='lat' dir='ltr'>episcopi</span> <span class='ocrx_word' id='word_1_87' title='bbox 1176 2170 1304 2239; x_wconf 90' lang='lat' dir='ltr'>Nolani</span> <span class='ocrx_word' id='word_1_88' title='bbox 1321 2172 1354 2237; x_wconf 89' lang='lat' dir='ltr'>in</span> <span class='ocrx_word' id='word_1_89' title='bbox 1371 2170 1510 2237; x_wconf 89' lang='lat' dir='ltr'>civitate</span> <span class='ocrx_word' id='word_1_90' title='bbox 1525 2171 1582 2237; x_wconf 91' lang='lat' dir='ltr'>vel</span> <span class='ocrx_word' id='word_1_91' title='bbox 1594 2170 1735 2240; x_wconf 85' lang='lat' dir='ltr'>diocesi</span> <span class='ocrx_word' id='word_1_92' title='bbox 1753 2171 1867 2247; x_wconf 76' lang='lat' dir='ltr'>Nolam.</span> 
     </span>
     <span class='ocr_line' id='line_1_14' title="bbox 515 2272 1868 2363; baseline -0.003 -18"><span class='ocrx_word' id='word_1_93' title='bbox 515 2299 584 2346; x_wconf 93' lang='lat' dir='ltr'>non</span> <span class='ocrx_word' id='word_1_94' title='bbox 600 2281 757 2345; x_wconf 91' lang='lat' dir='ltr'>obstante</span> <span class='ocrx_word' id='word_1_95' title='bbox 781 2278 872 2363; x_wconf 93' lang='lat' dir='ltr'>quod</span> <span class='ocrx_word' id='word_1_96' title='bbox 888 2277 920 2342; x_wconf 91' lang='lat' dir='ltr'>in</span> <span class='ocrx_word' id='word_1_97' title='bbox 936 2276 1166 2359; x_wconf 86' lang='lat' dir='ltr'>Ambianensi,</span> <span class='ocrx_word' id='word_1_98' title='bbox 1184 2274 1369 2342; x_wconf 90' lang='lat' dir='ltr'>Morinensi</span> <span class='ocrx_word' id='word_1_99' title='bbox 1386 2283 1421 2340; x_wconf 90' lang='lat' dir='ltr'>et</span> <span class='ocrx_word' id='word_1_100' title='bbox 1437 2273 1722 2343; x_wconf 85' lang='lat' dir='ltr'>Ferentinatensi</span> <span class='ocrx_word' id='word_1_101' title='bbox 1750 2272 1868 2344; x_wconf 79' lang='lat' dir='ltr'>ecclesiis</span> 
     </span>
     <span class='ocr_line' id='line_1_15' title="bbox 516 2378 1868 2467; baseline -0.004 -18"><span class='ocrx_word' id='word_1_102' title='bbox 516 2382 739 2450; x_wconf 86' lang='lat' dir='ltr'>canonicatus</span> <span class='ocrx_word' id='word_1_103' title='bbox 753 2390 789 2448; x_wconf 92' lang='lat' dir='ltr'>et</span> <span class='ocrx_word' id='word_1_104' title='bbox 803 2381 1000 2467; x_wconf 73' lang='lat' dir='ltr'>prebendae,</span> <span class='ocrx_word' id='word_1_105' title='bbox 1017 2401 1058 2446; x_wconf 90' lang='lat' dir='ltr'>ac</span> <span class='ocrx_word' id='word_1_106' title='bbox 1073 2380 1259 2466; x_wconf 88' lang='lat' dir='ltr'>prioratum</span> <span class='ocrx_word' id='word_1_107' title='bbox 1274 2379 1317 2445; x_wconf 90' lang='lat' dir='ltr'>de</span> <span class='ocrx_word' id='word_1_108' title='bbox 1333 2378 1480 2444; x_wconf 87' lang='lat' dir='ltr'>Diovino</span> <span class='ocrx_word' id='word_1_109' title='bbox 1495 2385 1532 2444; x_wconf 89' lang='lat' dir='ltr'>et</span> <span class='ocrx_word' id='word_1_110' title='bbox 1546 2381 1701 2446; x_wconf 90' lang='lat' dir='ltr'>ruralem</span> <span class='ocrx_word' id='word_1_111' title='bbox 1718 2379 1868 2448; x_wconf 80' lang='lat' dir='ltr'>ecclesian</span> 
     </span>
     <span class='ocr_line' id='line_1_16' title="bbox 516 2482 1735 2567; baseline -0.001 -15"><span class='ocrx_word' id='word_1_112' title='bbox 516 2486 548 2553; x_wconf 90' lang='lat' dir='ltr'>S.</span> <span class='ocrx_word' id='word_1_113' title='bbox 566 2485 656 2552; x_wconf 89' lang='lat' dir='ltr'>Petri</span> <span class='ocrx_word' id='word_1_114' title='bbox 672 2484 715 2550; x_wconf 90' lang='lat' dir='ltr'>de</span> <span class='ocrx_word' id='word_1_115' title='bbox 731 2484 881 2567; x_wconf 89' lang='lat' dir='ltr'>Pastin0‚</span> <span class='ocrx_word' id='word_1_116' title='bbox 897 2483 1131 2550; x_wconf 87' lang='lat' dir='ltr'>Atrebatensis</span> <span class='ocrx_word' id='word_1_117' title='bbox 1146 2490 1182 2548; x_wconf 91' lang='lat' dir='ltr'>et</span> <span class='ocrx_word' id='word_1_118' title='bbox 1198 2482 1360 2548; x_wconf 87' lang='lat' dir='ltr'>Fundane</span> <span class='ocrx_word' id='word_1_119' title='bbox 1376 2482 1560 2563; x_wconf 88' lang='lat' dir='ltr'>diocesum,</span> <span class='ocrx_word' id='word_1_120' title='bbox 1579 2483 1735 2551; x_wconf 90' lang='lat' dir='ltr'>obtinet.</span> 
     </span>
    </p>

    <p class='ocr_par' dir='ltr' id='par_1_8' title="bbox 560 2587 917 2674">
     <span class='ocr_line' id='line_1_17' title="bbox 560 2587 917 2674; baseline -0.006 -19"><span class='ocrx_word' id='word_1_121' title='bbox 560 2587 730 2655; x_wconf 85' lang='lat' dir='ltr'>Nobilitas</span> <span class='ocrx_word' id='word_1_122' title='bbox 745 2588 917 2674; x_wconf 84' lang='lat' dir='ltr'>generis...</span> 
     </span>
    </p>

    <p class='ocr_par' dir='ltr' id='par_1_9' title="bbox 563 2692 1099 2773">
     <span class='ocr_line' id='line_1_18' title="bbox 563 2692 1099 2773; baseline 0.004 -16"><span class='ocrx_word' id='word_1_123' title='bbox 563 2692 642 2760; x_wconf 87' lang='lat' dir='ltr'>Dat.</span> <span class='ocrx_word' id='word_1_124' title='bbox 658 2692 759 2759; x_wconf 86' lang='lat' dir='ltr'>Avin.</span> <span class='ocrx_word' id='word_1_125' title='bbox 777 2696 795 2757; x_wconf 90' lang='lat'><strong>6</strong></span> <span class='ocrx_word' id='word_1_126' title='bbox 811 2692 855 2759; x_wconf 92' lang='lat' dir='ltr'>id.</span> <span class='ocrx_word' id='word_1_127' title='bbox 870 2692 949 2758; x_wconf 88' lang='lat' dir='ltr'>maii</span> <span class='ocrx_word' id='word_1_128' title='bbox 965 2711 1056 2757; x_wconf 89' lang='lat' dir='ltr'>anno</span> <span class='ocrx_word' id='word_1_129' title='bbox 1070 2712 1099 2773; x_wconf 90' lang='lat'>9.</span> 
     </span>
    </p>

    <p class='ocr_par' dir='ltr' id='par_1_10' title="bbox 562 2793 1510 2882">
     <span class='ocr_line' id='line_1_19' title="bbox 562 2793 1510 2882; baseline -0.001 -22"><span class='ocrx_word' id='word_1_130' title='bbox 562 2794 602 2861; x_wconf 94' lang='lat' dir='ltr'>In</span> <span class='ocrx_word' id='word_1_131' title='bbox 619 2816 648 2863; x_wconf 89' lang='lat' dir='ltr'>e.</span> <span class='ocrx_word' id='word_1_132' title='bbox 664 2816 709 2862; x_wconf 89' lang='lat' dir='ltr'>m.</span> <span class='ocrx_word' id='word_1_133' title='bbox 726 2795 887 2863; x_wconf 92' lang='lat' dir='ltr'>Paduano</span> <span class='ocrx_word' id='word_1_134' title='bbox 902 2804 937 2863; x_wconf 89' lang='lat' dir='ltr'>et</span> <span class='ocrx_word' id='word_1_135' title='bbox 952 2795 1079 2862; x_wconf 87' lang='lat' dir='ltr'>Sorano</span> <span class='ocrx_word' id='word_1_136' title='bbox 1095 2816 1137 2862; x_wconf 88' lang='lat' dir='ltr'>ac</span> <span class='ocrx_word' id='word_1_137' title='bbox 1153 2793 1318 2861; x_wconf 89' lang='lat' dir='ltr'>Gaietano</span> <span class='ocrx_word' id='word_1_138' title='bbox 1333 2793 1510 2882; x_wconf 92' lang='lat' dir='ltr'>episcopis.</span> 
     </span>
    </p>
   </div>
   <div class='ocr_carea' id='block_1_6' title="bbox 549 2933 1347 2998">
    <p class='ocr_par' dir='ltr' id='par_1_11' title="bbox 549 2933 1347 2998">
     <span class='ocr_line' id='line_1_20' title="bbox 549 2933 1347 2998; baseline 0.005 -18"><span class='ocrx_word' id='word_1_139' title='bbox 549 2933 610 2995; x_wconf 72' lang='lat' dir='ltr'>neg.</span> <span class='ocrx_word' id='word_1_140' title='bbox 625 2935 673 2981; x_wconf 76' lang='lat' dir='ltr'>nv.</span> <span class='ocrx_word' id='word_1_141' title='bbox 684 2934 723 2991; x_wconf 72' lang='lat'>22,</span> <span class='ocrx_word' id='word_1_142' title='bbox 736 2933 754 2981; x_wconf 83' lang='lat' dir='ltr'>r.</span> <span class='ocrx_word' id='word_1_143' title='bbox 766 2933 835 2994; x_wconf 69' lang='lat' dir='ltr'>seu,</span> <span class='ocrx_word' id='word_1_144' title='bbox 849 2947 874 2982; x_wconf 89' lang='lat' dir='ltr'>n.</span> <span class='ocrx_word' id='word_1_145' title='bbox 884 2935 971 2981; x_wconf 75' lang='lat' dir='ltr'>2140a</span> <span class='ocrx_word' id='word_1_146' title='bbox 982 2950 988 2993; x_wconf 90' lang='lat'>;</span> <span class='ocrx_word' id='word_1_147' title='bbox 1000 2933 1059 2983; x_wconf 73' lang='lat' dir='ltr'>uae.</span> <span class='ocrx_word' id='word_1_148' title='bbox 1072 2935 1111 2995; x_wconf 80' lang='lat'>79,</span> <span class='ocrx_word' id='word_1_149' title='bbox 1123 2935 1141 2984; x_wconf 82' lang='lat' dir='ltr'>r.</span> <span class='ocrx_word' id='word_1_150' title='bbox 1154 2936 1222 2998; x_wconf 74' lang='lat'>433,</span> <span class='ocrx_word' id='word_1_151' title='bbox 1237 2949 1262 2983; x_wconf 85' lang='lat' dir='ltr'>n.</span> <span class='ocrx_word' id='word_1_152' title='bbox 1274 2936 1347 2985; x_wconf 81' lang='lat'>2455.</span> 
     </span>
    </p>
   </div>
   <div class='ocr_carea' id='block_1_7' title="bbox 516 3157 1868 3967">
    <p class='ocr_par' dir='ltr' id='par_1_12' title="bbox 516 3157 1868 3556">
     <span class='ocr_line' id='line_1_21' title="bbox 559 3157 1868 3252; baseline 0.006 -33"><span class='ocrx_word' id='word_1_153' title='bbox 559 3158 659 3220; x_wconf 89' lang='lat'><strong>1576.</strong></span> <span class='ocrx_word' id='word_1_154' title='bbox 685 3195 729 3205; x_wconf 94' lang='lat'>-</span> <span class='ocrx_word' id='word_1_155' title='bbox 753 3157 875 3223; x_wconf 90' lang='lat' dir='ltr'>Eidem</span> <span class='ocrx_word' id='word_1_156' title='bbox 890 3157 1036 3236; x_wconf 89' lang='lat' dir='ltr'>Johanni</span> <span class='ocrx_word' id='word_1_157' title='bbox 1060 3160 1247 3245; x_wconf 85' lang='lat' dir='ltr'>indulgetur</span> <span class='ocrx_word' id='word_1_158' title='bbox 1269 3168 1307 3226; x_wconf 89' lang='lat' dir='ltr'>ut</span> <span class='ocrx_word' id='word_1_159' title='bbox 1326 3160 1451 3227; x_wconf 82' lang='lat' dir='ltr'>fructus</span> <span class='ocrx_word' id='word_1_160' title='bbox 1473 3161 1730 3246; x_wconf 87' lang='lat' dir='ltr'>prebendarum</span> <span class='ocrx_word' id='word_1_161' title='bbox 1754 3164 1868 3252; x_wconf 88' lang='lat' dir='ltr'>quasin</span> 
     </span>
     <span class='ocr_line' id='line_1_22' title="bbox 516 3260 1868 3351; baseline 0.006 -23"><span class='ocrx_word' id='word_1_162' title='bbox 516 3263 735 3329; x_wconf 86' lang='lat' dir='ltr'>Ambianensi</span> <span class='ocrx_word' id='word_1_163' title='bbox 751 3269 786 3327; x_wconf 90' lang='lat' dir='ltr'>et</span> <span class='ocrx_word' id='word_1_164' title='bbox 803 3260 988 3327; x_wconf 88' lang='lat' dir='ltr'>Morinensi</span> <span class='ocrx_word' id='word_1_165' title='bbox 1005 3284 1044 3328; x_wconf 90' lang='lat' dir='ltr'>ac</span> <span class='ocrx_word' id='word_1_166' title='bbox 1061 3263 1329 3330; x_wconf 88' lang='lat' dir='ltr'>Ferentinatensi</span> <span class='ocrx_word' id='word_1_167' title='bbox 1341 3263 1501 3345; x_wconf 88' lang='lat' dir='ltr'>ecclesiis,</span> <span class='ocrx_word' id='word_1_168' title='bbox 1514 3263 1548 3329; x_wconf 94' lang='lat' dir='ltr'>in</span> <span class='ocrx_word' id='word_1_169' title='bbox 1565 3266 1695 3351; x_wconf 92' lang='lat' dir='ltr'>quibus</span> <span class='ocrx_word' id='word_1_170' title='bbox 1711 3269 1868 3336; x_wconf 76' lang='lat' dir='ltr'>canonico</span> 
     </span>
     <span class='ocr_line' id='line_1_23' title="bbox 516 3364 1868 3454; baseline 0.004 -23"><span class='ocrx_word' id='word_1_171' title='bbox 516 3365 640 3448; x_wconf 86' lang='lat' dir='ltr'>existit,</span> <span class='ocrx_word' id='word_1_172' title='bbox 653 3366 794 3445; x_wconf 89' lang='lat' dir='ltr'>obtinet,</span> <span class='ocrx_word' id='word_1_173' title='bbox 810 3364 988 3431; x_wconf 91' lang='lat' dir='ltr'>residendo</span> <span class='ocrx_word' id='word_1_174' title='bbox 998 3366 1031 3430; x_wconf 92' lang='lat' dir='ltr'>in</span> <span class='ocrx_word' id='word_1_175' title='bbox 1042 3367 1154 3451; x_wconf 91' lang='lat' dir='ltr'>aliqua</span> <span class='ocrx_word' id='word_1_176' title='bbox 1164 3367 1390 3454; x_wconf 88' lang='lat' dir='ltr'>predictarum</span> <span class='ocrx_word' id='word_1_177' title='bbox 1401 3366 1631 3450; x_wconf 87' lang='lat' dir='ltr'>ecclesiarum,</span> <span class='ocrx_word' id='word_1_178' title='bbox 1649 3372 1697 3437; x_wconf 94' lang='lat' dir='ltr'>ad</span> <span class='ocrx_word' id='word_1_179' title='bbox 1709 3374 1868 3439; x_wconf 83' lang='lat' dir='ltr'>triennium</span> 
     </span>
     <span class='ocr_line' id='line_1_24' title="bbox 516 3468 825 3556; baseline 0 -22"><span class='ocrx_word' id='word_1_180' title='bbox 516 3468 688 3556; x_wconf 89' lang='lat' dir='ltr'>percipere</span> <span class='ocrx_word' id='word_1_181' title='bbox 703 3470 825 3534; x_wconf 88' lang='lat' dir='ltr'>valeat.</span> 
     </span>
    </p>

    <p class='ocr_par' dir='ltr' id='par_1_13' title="bbox 561 3571 944 3657">
     <span class='ocr_line' id='line_1_25' title="bbox 561 3571 944 3657; baseline 0.003 -21"><span class='ocrx_word' id='word_1_182' title='bbox 561 3571 652 3637; x_wconf 90' lang='lat' dir='ltr'>Dum</span> <span class='ocrx_word' id='word_1_183' title='bbox 667 3573 710 3639; x_wconf 92' lang='lat' dir='ltr'>ad</span> <span class='ocrx_word' id='word_1_184' title='bbox 725 3593 944 3657; x_wconf 87' lang='lat' dir='ltr'>personam...</span> 
     </span>
    </p>

    <p class='ocr_par' dir='ltr' id='par_1_14' title="bbox 560 3674 1098 3758">
     <span class='ocr_line' id='line_1_26' title="bbox 560 3674 1098 3758; baseline 0.002 -18"><span class='ocrx_word' id='word_1_185' title='bbox 560 3674 638 3741; x_wconf 90' lang='lat' dir='ltr'>Dat.</span> <span class='ocrx_word' id='word_1_186' title='bbox 651 3674 751 3740; x_wconf 81' lang='lat' dir='ltr'>Avin.</span> <span class='ocrx_word' id='word_1_187' title='bbox 770 3675 844 3741; x_wconf 84' lang='lat' dir='ltr'>did.</span> <span class='ocrx_word' id='word_1_188' title='bbox 861 3676 939 3741; x_wconf 89' lang='lat' dir='ltr'>maii</span> <span class='ocrx_word' id='word_1_189' title='bbox 958 3697 1049 3742; x_wconf 89' lang='lat' dir='ltr'>anno</span> <span class='ocrx_word' id='word_1_190' title='bbox 1068 3697 1098 3758; x_wconf 92' lang='lat'>9.</span> 
     </span>
    </p>

    <p class='ocr_par' dir='ltr' id='par_1_15' title="bbox 518 3778 1864 3967">
     <span class='ocr_line' id='line_1_27' title="bbox 559 3778 1864 3876; baseline 0.005 -33"><span class='ocrx_word' id='word_1_191' title='bbox 559 3779 598 3843; x_wconf 92' lang='lat' dir='ltr'>In</span> <span class='ocrx_word' id='word_1_192' title='bbox 615 3800 643 3845; x_wconf 88' lang='lat' dir='ltr'>e.</span> <span class='ocrx_word' id='word_1_193' title='bbox 660 3799 704 3844; x_wconf 92' lang='lat' dir='ltr'>m.</span> <span class='ocrx_word' id='word_1_194' title='bbox 721 3779 882 3865; x_wconf 91' lang='lat' dir='ltr'>episcopo</span> <span class='ocrx_word' id='word_1_195' title='bbox 898 3778 1059 3846; x_wconf 92' lang='lat' dir='ltr'>Paduano</span> <span class='ocrx_word' id='word_1_196' title='bbox 1078 3790 1113 3845; x_wconf 91' lang='lat' dir='ltr'>et</span> <span class='ocrx_word' id='word_1_197' title='bbox 1129 3781 1241 3847; x_wconf 90' lang='lat' dir='ltr'>abbati</span> <span class='ocrx_word' id='word_1_198' title='bbox 1259 3784 1414 3850; x_wconf 90' lang='lat' dir='ltr'>secularis</span> <span class='ocrx_word' id='word_1_199' title='bbox 1430 3785 1461 3851; x_wconf 87' lang='lat' dir='ltr'>S.</span> <span class='ocrx_word' id='word_1_200' title='bbox 1478 3784 1646 3863; x_wconf 87' lang='lat' dir='ltr'>Johannis</span> <span class='ocrx_word' id='word_1_201' title='bbox 1666 3788 1864 3876; x_wconf 83' lang='lat' dir='ltr'>Evangeliste</span> 
     </span>
     <span class='ocr_line' id='line_1_28' title="bbox 518 3881 1813 3967; baseline 0.009 -20"><span class='ocrx_word' id='word_1_202' title='bbox 518 3881 804 3948; x_wconf 86' lang='lat' dir='ltr'>Ferentinatensis</span> <span class='ocrx_word' id='word_1_203' title='bbox 819 3904 858 3949; x_wconf 89' lang='lat' dir='ltr'>ac</span> <span class='ocrx_word' id='word_1_204' title='bbox 873 3884 1110 3950; x_wconf 90' lang='lat' dir='ltr'>archidiacono</span> <span class='ocrx_word' id='word_1_205' title='bbox 1128 3884 1296 3967; x_wconf 89' lang='lat' dir='ltr'>Hanonie,</span> <span class='ocrx_word' id='word_1_206' title='bbox 1314 3886 1565 3956; x_wconf 88' lang='lat' dir='ltr'>Cameracensis</span> <span class='ocrx_word' id='word_1_207' title='bbox 1580 3892 1813 3961; x_wconf 85' lang='lat' dir='ltr'>ecclesiarum.</span> 
     </span>
    </p>
   </div>
   <div class='ocr_carea' id='block_1_8' title="bbox 549 4025 1188 4088">
    <p class='ocr_par' dir='ltr' id='par_1_16' title="bbox 549 4025 1188 4088">
     <span class='ocr_line' id='line_1_29' title="bbox 549 4025 1188 4088; baseline 0.009 -16"><span class='ocrx_word' id='word_1_208' title='bbox 549 4025 612 4085; x_wconf 72' lang='lat' dir='ltr'>neg.</span> <span class='ocrx_word' id='word_1_209' title='bbox 628 4026 674 4074; x_wconf 76' lang='lat' dir='ltr'>nv.</span> <span class='ocrx_word' id='word_1_210' title='bbox 687 4028 727 4086; x_wconf 92' lang='lat'>23,</span> <span class='ocrx_word' id='word_1_211' title='bbox 742 4026 761 4076; x_wconf 84' lang='lat' dir='ltr'>r.</span> <span class='ocrx_word' id='word_1_212' title='bbox 776 4028 837 4084; x_wconf 55' lang='lat' dir='ltr'>ron</span> <span class='ocrx_word' id='word_1_213' title='bbox 851 4027 910 4077; x_wconf 82' lang='lat' dir='ltr'>Vat.</span> <span class='ocrx_word' id='word_1_214' title='bbox 923 4031 961 4088; x_wconf 83' lang='lat' dir='ltr'>rs,</span> <span class='ocrx_word' id='word_1_215' title='bbox 976 4030 995 4079; x_wconf 88' lang='lat' dir='ltr'>r.</span> <span class='ocrx_word' id='word_1_216' title='bbox 1007 4031 1061 4087; x_wconf 78' lang='lat'>335,</span> <span class='ocrx_word' id='word_1_217' title='bbox 1075 4044 1100 4078; x_wconf 81' lang='lat' dir='ltr'>u.</span> <span class='ocrx_word' id='word_1_218' title='bbox 1116 4031 1188 4078; x_wconf 81' lang='lat'>2187.</span> 
     </span>
    </p>
   </div>
   <div class='ocr_carea' id='block_1_9' title="bbox 516 4238 1863 4552">
    <p class='ocr_par' dir='ltr' id='par_1_17' title="bbox 516 4238 1863 4552">
     <span class='ocr_line' id='line_1_30' title="bbox 564 4238 1833 4332; baseline 0.01 -15"><span class='ocrx_word' id='word_1_219' title='bbox 564 4238 704 4322; x_wconf 84' lang='lat'>1577.</span> <span class='ocrx_word' id='word_1_220' title='bbox 1580 4282 1599 4326; x_wconf 82' lang='grc' dir='ltr'><em>ι</em></span> <span class='ocrx_word' id='word_1_221' title='bbox 1625 4283 1646 4327; x_wconf 83' lang='lat'>2</span> <span class='ocrx_word' id='word_1_222' title='bbox 1700 4287 1741 4332; x_wconf 89' lang='grc' dir='ltr'>ιι</span> <span class='ocrx_word' id='word_1_223' title='bbox 1765 4267 1833 4331; x_wconf 84' lang='lat' dir='ltr'>mai.</span> 
     </span>
     <span class='ocr_line' id='line_1_31' title="bbox 558 4284 1861 4457; baseline 0.01 -37"><span class='ocrx_word' id='word_1_224' title='bbox 558 4357 709 4422; x_wconf 91' lang='lat' dir='ltr'>Arnaldo</span> <span class='ocrx_word' id='word_1_225' title='bbox 732 4356 840 4422; x_wconf 85' lang='lat' dir='ltr'>Sancii</span> <span class='ocrx_word' id='word_1_226' title='bbox 866 4359 907 4424; x_wconf 93' lang='lat' dir='ltr'>de</span> <span class='ocrx_word' id='word_1_227' title='bbox 933 4357 1073 4441; x_wconf 91' lang='lat' dir='ltr'>Locat0,</span> <span class='ocrx_word' id='word_1_228' title='bbox 1090 4362 1266 4447; x_wconf 90' lang='lat' dir='ltr'>capellano</span> <span class='ocrx_word' id='word_1_229' title='bbox 1289 4372 1324 4427; x_wconf 90' lang='lat' dir='ltr'>et</span> <span class='ocrx_word' id='word_1_230' title='bbox 1349 4362 1499 4428; x_wconf 81' lang='lat' dir='ltr'>familiari</span> <span class='ocrx_word' id='word_1_231' title='bbox 1524 4284 1712 4451; x_wconf 43' lang='lat' dir='ltr'>Guilieljr&#39;rii,</span> <span class='ocrx_word' id='word_1_232' title='bbox 1736 4363 1861 4457; x_wconf 89' lang='lat' dir='ltr'>episcopi</span> 
     </span>
     <span class='ocr_line' id='line_1_32' title="bbox 516 4459 1863 4552; baseline 0.004 -27"><span class='ocrx_word' id='word_1_233' title='bbox 516 4459 717 4540; x_wconf 86' lang='lat' dir='ltr'>Sabinensis,</span> <span class='ocrx_word' id='word_1_234' title='bbox 731 4461 901 4526; x_wconf 83' lang='lat' dir='ltr'>confertur</span> <span class='ocrx_word' id='word_1_235' title='bbox 916 4465 1136 4530; x_wconf 88' lang='lat' dir='ltr'>canonicatus</span> <span class='ocrx_word' id='word_1_236' title='bbox 1152 4465 1294 4531; x_wconf 87' lang='lat' dir='ltr'>ecclesie</span> <span class='ocrx_word' id='word_1_237' title='bbox 1311 4466 1342 4531; x_wconf 89' lang='lat' dir='ltr'>S.</span> <span class='ocrx_word' id='word_1_238' title='bbox 1359 4465 1534 4552; x_wconf 88' lang='lat' dir='ltr'>Gaugerici</span> <span class='ocrx_word' id='word_1_239' title='bbox 1554 4467 1808 4540; x_wconf 89' lang='lat' dir='ltr'>Cameracensis</span> <span class='ocrx_word' id='word_1_240' title='bbox 1820 4471 1863 4537; x_wconf 87' lang='lat' dir='ltr'>sub</span> 
     </span>
    </p>
   </div>
   <div class='ocr_carea' id='block_1_10' title="bbox 516 4563 1863 4959">
    <p class='ocr_par' dir='ltr' id='par_1_18' title="bbox 516 4563 1863 4752">
     <span class='ocr_line' id='line_1_33' title="bbox 516 4563 1863 4656; baseline 0.009 -29"><span class='ocrx_word' id='word_1_241' title='bbox 516 4563 752 4650; x_wconf 84' lang='lat' dir='ltr'>expectatione</span> <span class='ocrx_word' id='word_1_242' title='bbox 779 4565 959 4650; x_wconf 88' lang='lat' dir='ltr'>prebende,</span> <span class='ocrx_word' id='word_1_243' title='bbox 985 4588 1053 4633; x_wconf 92' lang='lat' dir='ltr'>non</span> <span class='ocrx_word' id='word_1_244' title='bbox 1082 4571 1239 4634; x_wconf 91' lang='lat' dir='ltr'>obstante</span> <span class='ocrx_word' id='word_1_245' title='bbox 1261 4569 1352 4653; x_wconf 91' lang='lat' dir='ltr'>quod</span> <span class='ocrx_word' id='word_1_246' title='bbox 1372 4571 1618 4656; x_wconf 90' lang='lat' dir='ltr'>parrochialem</span> <span class='ocrx_word' id='word_1_247' title='bbox 1639 4577 1815 4644; x_wconf 87' lang='lat' dir='ltr'>ecclesiam</span> <span class='ocrx_word' id='word_1_248' title='bbox 1835 4573 1863 4639; x_wconf 86' lang='lat' dir='ltr'>de</span> 
     </span>
     <span class='ocr_line' id='line_1_34' title="bbox 517 4664 1200 4752; baseline 0.013 -23"><span class='ocrx_word' id='word_1_249' title='bbox 517 4664 685 4751; x_wconf 89' lang='lat' dir='ltr'>Verdey0,</span> <span class='ocrx_word' id='word_1_250' title='bbox 696 4666 874 4733; x_wconf 90' lang='lat' dir='ltr'>Trecensis</span> <span class='ocrx_word' id='word_1_251' title='bbox 888 4669 1041 4752; x_wconf 69' lang='lat' dir='ltr'>diocesis</span> <span class='ocrx_word' id='word_1_252' title='bbox 1059 4672 1200 4739; x_wconf 90' lang='lat' dir='ltr'>obtinet.</span> 
     </span>
    </p>

    <p class='ocr_par' dir='ltr' id='par_1_19' title="bbox 563 4770 897 4836">
     <span class='ocr_line' id='line_1_35' title="bbox 563 4770 897 4836; baseline 0.003 -1"><span class='ocrx_word' id='word_1_253' title='bbox 563 4770 746 4835; x_wconf 89' lang='lat' dir='ltr'>Personam</span> <span class='ocrx_word' id='word_1_254' title='bbox 763 4780 897 4836; x_wconf 89' lang='lat' dir='ltr'>tuam...</span> 
     </span>
    </p>

    <p class='ocr_par' dir='ltr' id='par_1_20' title="bbox 562 4874 1106 4959">
     <span class='ocr_line' id='line_1_36' title="bbox 562 4874 1106 4959; baseline 0.013 -22"><span class='ocrx_word' id='word_1_255' title='bbox 562 4874 641 4939; x_wconf 87' lang='lat' dir='ltr'>Dat.</span> <span class='ocrx_word' id='word_1_256' title='bbox 657 4875 757 4938; x_wconf 87' lang='lat' dir='ltr'>Avin.</span> <span class='ocrx_word' id='word_1_257' title='bbox 777 4896 793 4957; x_wconf 86' lang='lat'><strong>5</strong></span> <span class='ocrx_word' id='word_1_258' title='bbox 812 4874 855 4940; x_wconf 87' lang='lat' dir='ltr'>id.</span> <span class='ocrx_word' id='word_1_259' title='bbox 872 4876 949 4941; x_wconf 93' lang='lat' dir='ltr'>maii</span> <span class='ocrx_word' id='word_1_260' title='bbox 967 4898 1059 4943; x_wconf 89' lang='lat' dir='ltr'>anno</span> <span class='ocrx_word' id='word_1_261' title='bbox 1077 4898 1106 4959; x_wconf 94' lang='lat'>9.</span> 
     </span>
    </p>
   </div>
   <div class='ocr_carea' id='block_1_11' title="bbox 549 5103 998 5167">
    <p class='ocr_par' dir='ltr' id='par_1_21' title="bbox 549 5103 998 5167">
     <span class='ocr_line' id='line_1_37' title="bbox 549 5103 998 5167; baseline 0.013 -18"><span class='ocrx_word' id='word_1_262' title='bbox 549 5116 574 5151; x_wconf 88' lang='lat' dir='ltr'>a.</span> <span class='ocrx_word' id='word_1_263' title='bbox 591 5117 621 5150; x_wconf 80' lang='lat' dir='ltr'>en</span> <span class='ocrx_word' id='word_1_264' title='bbox 639 5117 745 5167; x_wconf 71' lang='lat' dir='ltr'>rrrarqe:</span> <span class='ocrx_word' id='word_1_265' title='bbox 761 5103 868 5153; x_wconf 84' lang='lat' dir='ltr'>attende</span> <span class='ocrx_word' id='word_1_266' title='bbox 879 5104 911 5154; x_wconf 90' lang='lat' dir='ltr'>de</span> <span class='ocrx_word' id='word_1_267' title='bbox 923 5120 998 5157; x_wconf 91' lang='lat' dir='ltr'>nono.</span> 
     </span>
    </p>
   </div>
   <div class='ocr_carea' id='block_1_12' title="bbox 0 0 2210 6017">
    <p class='ocr_par' dir='ltr' id='par_1_22' title="bbox 0 0 2210 6017">
     <span class='ocr_line' id='line_1_38' title="bbox 0 0 2210 6017; baseline 0 0"><span class='ocrx_word' id='word_1_268' title='bbox 0 0 2210 6017; x_wconf 95' lang='lat' dir='ltr'> </span> 
     </span>
    </p>
   </div>
  </div>
 </body>
</html>
