4409 6017
518 724 575 789 128
1058 722 1205 788 Premi'ere
1227 721 1329 787 annae.

519 873 648 959 injectis
664 873 696 936 in
713 893 781 952 eos,
798 880 958 958 ceperunt
986 871 1152 936 hostiliter
1178 879 1213 935 et
1229 870 1411 956 spoliantes
1427 891 1486 936 eos
1510 869 1608 935 bonis
1623 877 1658 933 et
1680 869 1781 932 rebus
1807 885 1877 951 pro

518 978 605 1063 priis,
621 977 757 1042 demum
773 976 886 1041 multis
901 975 1042 1040 affectos
1066 974 1190 1060 injuriis
1217 974 1251 1037 in
1267 973 1502 1058 captivitatem
1527 993 1595 1059 quo
1610 972 1707 1036 libuit
1730 969 1876 1035 abduxe-

518 1090 604 1161 runt,
622 1080 676 1144 ubi
693 1080 801 1145 adbuc
817 1080 917 1145 iidem
934 1079 1134 1144 Adernarius
1150 1087 1184 1143 et
1202 1076 1370 1142 Henricus
1386 1078 1419 1142 in
1435 1077 1517 1143 locis
1532 1076 1670 1142 remotis
1686 1084 1721 1139 et
1737 1072 1877 1139 occultis

519 1186 700 1250 inhumane
715 1184 855 1249 detineri
872 1185 1035 1250 dicuntur.
1053 1182 1128 1248 Nos
1143 1181 1256 1266 itaque
1273 1183 1432 1269 premissa
1448 1182 1495 1247 sic
1519 1180 1674 1266 injuriose
1690 1185 1825 1264 patrata
1840 1196 1880 1240 eo

519 1290 623 1372 magis
639 1290 813 1353 horrentes
829 1309 906 1372 qu0,
922 1309 998 1353 cum
1015 1288 1080 1352 sint
1096 1288 1306 1373 temporibus
1322 1287 1444 1352 nostris
1467 1284 1616 1351 inaudita
1633 1283 1764 1362 similia,
1782 1301 1880 1366 prop-

519 1403 570 1457 ter
599 1393 786 1457 novitatem
817 1392 962 1477 ipsorum
994 1392 1137 1476 amplius
1176 1392 1315 1457 adicitur
1350 1390 1483 1476 pondus
1513 1389 1650 1469 offense,
1679 1396 1716 1453 ut
1746 1387 1880 1451 illorum

519 1496 681 1582 qualitati,
697 1517 761 1580 que
774 1497 843 1581 jam
861 1496 951 1580 quasi
969 1496 1121 1561 comunis
1136 1495 1275 1560 assertio
1290 1494 1439 1580 publicat
1455 1502 1489 1558 et
1505 1493 1539 1557 in
1549 1493 1715 1579 plerisque
1730 1489 1882 1577 partibus

520 1601 598 1665 facti
615 1599 783 1664 evidentia
799 1600 1002 1681 manifestat,
1018 1600 1132 1665 debita
1159 1599 1334 1683 castigatio
1361 1597 1599 1676 conformetur,
1615 1595 1806 1682 predictum
1823 1589 1843 1669 J
1847 1611 1882 1654 0-

519 1706 665 1769 bannem
682 1713 716 1768 et
731 1705 913 1790 complices
928 1714 963 1768 et
978 1705 1176 1788 generaliter
1193 1711 1355 1770 ornneset
1367 1704 1514 1786 singulos
1530 1702 1585 1787 qui
1602 1699 1737 1785 injuriis,
1752 1697 1882 1762 violen-

519 1809 584 1888 tiis,
601 1808 803 1893 spoliationi,
817 1808 963 1893 captioni
981 1816 1015 1872 et
1031 1807 1220 1872 detentioni
1237 1808 1395 1893 predictis
1411 1815 1468 1872 aut
1479 1826 1595 1871 eorum
1605 1802 1704 1869 alicui
1715 1799 1881 1867 dederunt

519 1933 619 1997 opem
636 1913 689 1976 vel
706 1932 853 1997 operam,
870 1911 1046 1977 consilium
1063 1913 1117 1975 νε]
1134 1911 1294 1990 favorem,
1310 1910 1442 1996 publice
1458 1912 1512 1975 νε]
1535 1908 1677 1988 occulte,
1694 1905 1748 1970 vel
1766 1924 1806 1969 ea
1821 1911 1880 1966 aut

520 2016 630 2099 aliqua
646 2037 687 2079 ex
703 2016 751 2079 eis
775 2016 843 2079 lieri
868 2015 1123 2092 mandaverunt,
1141 2023 1199 2079 aut
1224 2014 1314 2080 facta
1340 2021 1411 2080 rata
1434 2015 1623 2079 habuerunt
1646 2020 1681 2076 et
1701 2017 1806 2095 grata,
1823 2019 1881 2072 aut

520 2119 735 2184 Ademarium
753 2129 787 2183 et
804 2119 992 2185 Henricunr
1008 2120 1177 2204 predictos
1193 2120 1240 2185 sic
1257 2128 1375 2204 captos
1391 2120 1536 2184 scienter
1551 2116 1780 2193 detinuerunt,
1796 2110 1881 2177 deti-

521 2233 603 2289 nent
634 2233 691 2290 aut
721 2224 935 2305 detinuerint,
967 2225 1204 2309 cujuscumque
1235 2224 1356 2289 fuerint
1390 2221 1666 2310 prelreminentie,
1698 2216 1882 2304 dignitatis,

520 2327 723 2394 conditionis
753 2337 809 2392 aut
833 2335 949 2408 statuS,
976 2328 1214 2393 denuntiamus
1238 2325 1595 2393 exconnmuricationis
1618 2321 1788 2388 sententie
1813 2321 1881 2385 late

520 2431 645 2497 dudum
661 2439 778 2497 contra
788 2432 872 2495 tales
887 2451 946 2516 per
961 2432 1082 2496 Sedem
1099 2432 1216 2517 ipsam,
1233 2440 1269 2496 ut
1285 2431 1475 2517 predicitur,
1491 2429 1672 2513 subjacere,
1690 2435 1724 2491 et
1740 2424 1881 2490 nichilo·

520 2535 630 2600 minus
646 2544 750 2600 terras
773 2556 888 2600 eorum
905 2536 960 2619 qui
977 2535 1099 2600 fuerint
1116 2536 1297 2620 culpabiles
1314 2536 1346 2599 in
1364 2533 1542 2620 premissis,
1559 2552 1664 2617 usque
1687 2530 1730 2596 ad
1746 2530 1881 2615 plenam

520 2637 755 2703 liberationem
771 2636 943 2701 Ademarii
971 2646 1005 2701 et
1025 2637 1162 2702 Henrici
1190 2638 1427 2723 predictorum,
1444 2657 1576 2702 necnon
1604 2636 1677 2701 illas
1702 2635 1735 2699 in
1764 2633 1882 2720 quibus

521 2740 691 2825 predictos
706 2740 922 2805 Ademarium
944 2748 978 2804 et
996 2739 1183 2805 Henricunr
1200 2740 1247 2805 sic
1270 2741 1412 2805 detineri
1441 2739 1630 2823 contigerit,
1647 2735 1797 2822 quandiu
1822 2735 1881 2821 ipsi

520 2843 760 2908 detinebuntur
770 2842 902 2921 ibidem,
916 2842 1145 2907 ecclesiastico
1160 2844 1379 2928 supponimus
1395 2844 1585 2909 interdicto
1602 2841 1771 2925 Quocirca
1788 2839 1882 2904 vobis

521 2964 580 3031 per
596 2944 782 3030 apostolica
797 2945 920 3030 scripta
937 2953 970 3009 et
988 2946 1020 3008 in
1037 2946 1161 3011 virtute
1178 2956 1293 3013 sancte
1310 2947 1502 3013 obedientie
1519 2956 1553 3011 et
1569 2948 1630 3010 sub
1651 2942 1881 3011 excommuni-

521 3048 664 3113 cationis
680 3068 766 3133 pena
781 3048 931 3114 districte
948 3049 1164 3134 precipiendo
1179 3051 1376 3116 mandamus
1403 3050 1559 3135 quatinus
1582 3071 1643 3115 vos
1658 3049 1713 3113 νε]
1734 3047 1803 3114 duo
1827 3055 1882 3111 aut

522 3172 607 3216 uuus
623 3161 770 3216 vestrum
797 3172 856 3237 per
872 3173 931 3217 vos
948 3154 1001 3216 νε]
1028 3153 1129 3217 aliurn
1146 3174 1204 3218 seu
1220 3154 1313 3235 alios
1340 3157 1465 3238 absque
1489 3174 1581 3218 more
1605 3151 1793 3238 dispendio,
1811 3172 1883 3237 pro·

522 3276 653 3320 cessum
668 3265 820 3320 nostrum
836 3256 1024 3341 hujusmodi
1043 3257 1075 3320 in
1093 3257 1195 3343 ipsius
1206 3256 1372 3334 Jobannis
1388 3266 1422 3322 et
1438 3259 1589 3338 aliorum,
1603 3257 1644 3322 de
1657 3257 1777 3341 quibus
1789 3255 1882 3320 robis

522 3359 687 3424 uidebitur
703 3359 901 3441 faciendum,
918 3360 1076 3425 notitiam
1104 3361 1310 3425 deducentes
1326 3383 1366 3427 ac
1383 3362 1415 3425 in
1431 3362 1515 3427 locis
1531 3361 1736 3426 solemnibus
1751 3370 1787 3425 et
1802 3359 1881 3438 aliis,

522 3463 564 3528 de
595 3466 713 3548 quibus
744 3464 900 3530 videbitis
927 3465 1093 3552 expedire,
1131 3466 1262 3550 publice
1293 3466 1514 3550 divulgantes,
1541 3464 1731 3542 Jobannern
1765 3465 1882 3550 ipsum,

523 3568 704 3653 complices
731 3579 765 3632 et
781 3570 979 3653 generaliter
995 3570 1077 3634 alios
1101 3589 1220 3633 omnes
1236 3578 1269 3633 et
1286 3570 1433 3653 singulos
1449 3570 1639 3653 quicunque
1665 3568 1789 3634 fuerint
1813 3588 1881 3653 pre·

521 3671 697 3752 dictorum,
714 3673 1026 3738 excommunicatos
1042 3672 1186 3758 publice,
1202 3672 1318 3737 diebus
1334 3673 1512 3738 dominicis
1528 3680 1562 3736 et
1591 3672 1727 3752 festivis,
1747 3670 1881 3758 pulsatis

522 3776 692 3861 campanis
708 3787 742 3840 et
759 3777 905 3842 candelis
921 3777 1082 3856 accensis,
1099 3797 1139 3841 ac
1155 3785 1260 3842 terras
1276 3777 1443 3862 predictas
1456 3775 1687 3842 ecclesiastico
1705 3774 1881 3840 interdicto

522 3881 721 3966 subpositas,
738 3889 773 3945 ut
798 3881 970 3967 prefertur,
994 3881 1204 3946 denuncietis
1232 3889 1266 3944 et
1293 3880 1488 3946 denunciari
1515 3902 1555 3947 ac
1582 3901 1640 3945 eos
1666 3882 1708 3943 ab
1731 3878 1881 3943 omnibus

523 3984 639 4048 evitari
666 3984 774 4049 arcius
799 3984 938 4049 faciatis.
957 3984 1127 4049 Prefatum
1153 3984 1491 4070 insuperJobannenr
1519 3993 1554 4049 et
1570 3981 1780 4069 singulariter
1805 3981 1882 4047 alios

524 4108 606 4170 quos
623 4088 655 4151 in
673 4109 810 4153 excessu
826 4088 977 4174 predicto
993 4088 1193 4175 participare
1209 4090 1369 4153 noveritis
1391 4088 1616 4175 peremptorie
1633 4087 1737 4152 citare
1754 4084 1881 4162 curetis,

523 4200 559 4256 ut
576 4192 657 4256 infra
673 4194 769 4257 unius
786 4192 908 4256 mensis
925 4192 1069 4277 spatium
1088 4201 1164 4277 post
1182 4193 1379 4257 citationem
1397 4202 1543 4257 vestram
1559 4190 1781 4276 personaliter
1797 4208 1882 4254 corn·

524 4303 662 4379 pareant
687 4316 798 4359 coram
825 4296 930 4370 nobis,
948 4297 1113 4382 recepturi
1142 4317 1202 4381 pro
1226 4296 1354 4360 meritis
1380 4305 1413 4361 et
1440 4297 1567 4382 precise
1595 4315 1692 4381 super
1719 4292 1884 4381 premissis

524 4399 645 4464 nostris
660 4400 881 4484 beneplacitis
897 4400 1042 4486 parituri,
1054 4400 1144 4464 diem
1161 4409 1274 4465 autem
1288 4400 1456 4465 citationis
1472 4399 1663 4484 hujusmodi
1679 4406 1715 4463 et
1731 4396 1884 4484 quicquid

525 4501 669 4568 feceritis
686 4503 718 4566 in
735 4504 894 4588 predictis
910 4504 1073 4569 studeatis
1088 4504 1187 4569 nobis
1213 4525 1272 4590 per
1289 4514 1417 4569 vestras
1432 4505 1561 4569 litteras
1586 4503 1730 4569 formam
1755 4523 1885 4589 presen-

525 4606 608 4671 tium
640 4606 853 4672 continentes
885 4607 1026 4673 fideliter
1053 4608 1217 4673 intimare.
1245 4608 1434 4693 Prescripto
1464 4629 1545 4674 vero
1576 4617 1692 4674 nostro
1718 4606 1884 4694 processui

526 4711 660 4774 obstare
677 4711 832 4776 nolumus
848 4733 1045 4796 quecunque
1061 4713 1244 4798 privilegia,
1262 4713 1483 4792 indulgentias
1505 4714 1558 4776 νε]
1574 4712 1704 4778 litteras
1719 4712 1819 4778 alicui
1836 4710 1886 4774 νε]

525 4811 689 4898 aliquibus
705 4834 723 4877 a
740 4814 824 4878 Sede
841 4815 990 4901 predicta
1003 4819 1063 4880 sub
1081 4837 1279 4900 quacunque
1296 4818 1474 4881 verborum
1492 4817 1597 4882 forma
1620 4837 1808 4896 concessas,
1832 4836 1888 4901 per

527 4939 591 5003 que
607 4918 746 4983 effectus
762 4940 936 5003 processus
964 4920 1065 5004 ipsius
1082 4920 1234 5004 impediri
1263 4922 1368 5005 possit
1394 4921 1649 5004 quomodolibet
1674 4922 1728 4985 νε]
1755 4920 1888 4996 differri,

527 5043 585 5088 seu
605 5021 663 5108 [si]
688 5022 784 5087 alicui
802 5025 853 5086 νε]
871 5024 1033 5107 aliquibus
1058 5045 1077 5087 a
1094 5023 1179 5088 Sede
1195 5024 1237 5088 sit
1254 5025 1372 5088 eadem
1390 5024 1555 5090 indultum
1581 5025 1670 5109 quod
1694 5046 1890 5091 excommu-

527 5126 628 5192 nicari
651 5127 704 5190 vel
727 5147 840 5191 eorum
865 5135 951 5191 terre
972 5126 1198 5192 ecclesiastico
1222 5128 1401 5192 interdicto
1422 5129 1564 5213 supponi
1587 5149 1655 5193 non
1678 5130 1810 5214 possint
1834 5151 1892 5217 per
