4409 6017
860 467 1017 533 Deuxibme
1038 468 1140 533 annea.
1624 472 1681 535 193

363 614 618 698 498-499.
1363 632 1458 712 1318,
1475 652 1517 714 23
1535 654 1637 697 mars.

364 733 524 815 Henrico,
541 742 623 800 nato
638 732 658 811 J
661 733 812 812 ohannis,
830 734 963 799 comitis
986 734 1028 800 de
1055 734 1183 813 Salmis,
1200 755 1286 819 pape
1313 736 1498 819 capellano
1515 735 1682 801 confertur

328 838 534 904 canonicatus
550 837 690 904 ecclesie
707 837 879 921 Spirensis
895 840 955 902 sub
972 838 1208 923 expectatione
1225 838 1403 922 prebende,
1414 839 1682 904 consideratione

327 940 471 1027 Philippi,
488 942 574 1025 regis
591 939 805 1019 Francorum,
822 961 890 1004 non
908 942 1064 1006 obstante
1080 940 1172 1025 quod
1187 942 1354 1004 abbatiam
1372 941 1403 1004 in
1429 943 1566 1007 seculari
1590 942 1681 1007 Thu-

323 1046 465 1125 diniensi,
492 1044 688 1110 Leodiensis
718 1043 867 1123 diocesis
901 1054 1097 1110 consuetam
1126 1044 1294 1109 canonicis
1325 1044 1520 1109 Leodiensis
1542 1048 1681 1112 ecclesie

321 1149 481 1234 assignari,
498 1171 538 1215 ac
553 1149 587 1212 in
603 1150 674 1234 ipsa
691 1147 866 1213 Leodiensi
884 1156 918 1213 et
941 1147 1134 1213 Coloniensi
1152 1168 1191 1212 ac
1207 1147 1404 1213 Virdunensi
1417 1149 1565 1213 ecclesiis
1580 1171 1680 1215 cano-

320 1253 442 1318 nicatus
460 1264 497 1318 et
513 1252 698 1338 prebendas
713 1251 854 1331 obtinet,
874 1260 908 1316 et
924 1251 956 1315 in
974 1250 1092 1317 eadem
1110 1250 1301 1315 Coloniensi
1319 1252 1459 1317 ecclesia
1478 1274 1537 1316 seu
1556 1253 1679 1319 diocesi

318 1356 513 1440 dignitatem
525 1378 583 1420 seu
594 1364 811 1441 personatum
826 1357 879 1419 vel
896 1355 1043 1420 officium
1065 1362 1223 1440 expectat
1235 1376 1294 1419 seu
1310 1355 1400 1440 quod
1418 1356 1460 1421 de
1482 1357 1680 1421 canonicatu

317 1472 347 1524 et
362 1461 536 1546 prebenda
551 1460 690 1524 ecclesie
708 1458 872 1523 Metensis
888 1459 977 1544 apud
992 1459 1114 1523 Sedem
1129 1458 1349 1543 apostolicam
1364 1459 1481 1543 litigat.

358 1563 498 1629 Favoris
515 1563 669 1628 uberis..

357 1667 436 1732 Dat.
449 1666 551 1730 Avin.
573 1685 610 1730 10
626 1665 692 1729 kal.
708 1665 821 1750 aprilis
833 1686 923 1730 anno
941 1686 970 1730 2.

356 1769 396 1834 ln
413 1791 443 1834 e.
459 1790 505 1834 m.
521 1769 650 1834 decano
664 1788 703 1833 ac
717 1767 924 1833 thesaurario
941 1767 1105 1834 Metensis
1121 1777 1156 1834 et
1172 1769 1299 1834 cantori
1316 1768 1347 1833 S.
1366 1768 1522 1854 Exuperii
1540 1772 1582 1836 de
1599 1769 1679 1836 Cor-

310 1875 414 1954 bolio,
432 1871 626 1938 Parisiensis
640 1870 791 1952 diocesis,
808 1872 1033 1937 ecclesiarum.

344 2037 407 2098 Reg.
418 2040 465 2084 Ar.
478 2038 503 2086 9.
516 2037 534 2082 f.
548 2036 606 2082 131*
619 2050 625 2085 z
639 2033 696 2082 liat.
709 2035 751 2090 67,
763 2032 781 2081 f.
791 2036 860 2091 245',
873 2048 898 2082 n.
911 2035 966 2082 821.

351 2232 439 2293 499.
453 2268 497 2279 -
514 2228 634 2298 Eidem
652 2228 802 2293 Henrico
818 2228 1016 2311 indulgetur,
1029 2228 1295 2293 consideratione
1312 2227 1467 2313 Philippi,
1479 2229 1563 2312 regis
1578 2228 1678 2293 Fran-

309 2338 372 2419 cie,
389 2348 428 2401 ut
444 2336 569 2401 fructus
583 2333 823 2399 beneficiorum
839 2352 973 2396 suorum
989 2333 1114 2416 absque
1131 2331 1308 2397 residentia
1324 2331 1496 2417 percipere
1512 2332 1633 2397 raleat.

356 2441 449 2505 Dum
466 2438 509 2505 ad
525 2438 616 2503 tui...

356 2544 437 2608 Dat.
454 2542 554 2606 Avin,
576 2561 612 2606 ro
628 2540 694 2605 kal.
710 2540 821 2625 aprilis
836 2559 927 2604 anno
944 2561 972 2605 2.

356 2647 398 2711 ln
409 2669 438 2712 e,
452 2666 496 2711 m.
509 2644 620 2709 abbati
638 2643 829 2709 monasterii
843 2642 874 2706 S.
887 2642 967 2727 Apri
984 2651 1200 2708 extramuros
1212 2641 1433 2719 Tullenseset
1445 2642 1679 2707 archidiacono

309 2751 353 2818 de
370 2750 518 2834 Vozag0,
537 2747 713 2826 Tullensis,
728 2768 768 2812 ac
791 2746 917 2811 cantori
934 2745 965 2810 S.
984 2745 1139 2831 Exuperii
1157 2745 1199 2810 de
1216 2744 1384 2826 Corbolio,
1402 2744 1593 2810 Parisiensis
1608 2744 1678 2809 dio-

309 2854 407 2931 cesis,
423 2853 648 2919 ecclesiarum.

344 3021 406 3080 Ηυξ.
420 3021 467 3066 Ar,
479 3022 503 3070 tl,
516 3019 534 3064 l.
549 3019 623 3065 132⁸:
639 3016 695 3063 l'at.
708 3018 746 3066 (37.
760 3018 777 3062 l'.
791 3018 859 3063 mv,
873 3030 897 3062 n.
911 3018 965 3061 ³22.

353 3214 476 3297 500.
1359 3225 1454 3304 1318,
1471 3242 1512 3303 23
1531 3244 1632 3285 mars

355 3331 502 3397 Nicolao
526 3330 569 3394 de
597 3328 690 3395 Valle
715 3328 884 3393 confertur
908 3326 1124 3393 canonicatus
1148 3323 1287 3391 ecclesie
1304 3323 1342 3391 B.
1360 3323 1467 3389 Marie
1491 3323 1677 3408 Brugensis,

313 3432 534 3498 Tornacensis
549 3431 700 3511 diocesis,
716 3434 776 3496 sub
792 3430 1026 3515 expectatione
1042 3427 1223 3515 prebende,
1239 3427 1506 3492 consideratione
1523 3425 1677 3511 Philippi,

313 3537 395 3622 regis
412 3534 565 3601 Francie.

354 3638 431 3704 Vite
447 3659 488 3704 ac
504 3658 678 3703 morum...
758 3661 760 3664 ¹

354 3744 433 3808 Dat.
449 3742 553 3808 Avin.
574 3762 611 3806 10
627 3741 692 3806 lral.
709 3741 820 3826 aprilis
832 3761 921 3804 armo
939 3761 967 3804 2.

355 3844 393 3910 In
410 3868 440 3911 e.
457 3867 503 3910 m.
520 3845 631 3910 abbati
648 3844 841 3910 monasterii
859 3844 889 3907 S.
908 3841 1045 3906 Martini
1063 3841 1285 3905 Tornacensis
1300 3850 1335 3904 et
1351 3839 1481 3904 decano
1498 3840 1528 3903 S.
1547 3839 1676 3923 Gauge-

314 3951 365 4015 rici
379 3949 634 4014 Cameracensis
650 3969 689 4013 ac
706 3947 876 4033 preposito
894 3945 1110 4010 Massiliensis
1126 3944 1350 4009 ecclesiarum.

346 4114 403 4174 lleg
417 4117 465 4160 Ar.
479 4117 501 4167 tl,
514 4114 532 4159 f.
549 4115 621 4161 134⁹:
636 4112 693 4159 liat.
706 4114 745 4166 dl,
757 4112 775 4159 f.
786 4114 852 4167 247¹,
865 4125 890 4157 n.
904 4113 958 4157 827.

355 4320 467 4402 501.
1357 4328 1451 4407 1318,
1469 4344 1511 4406 23
1529 4348 1631 4389 naara.

357 4434 503 4513 Iohanni
531 4434 573 4498 de
600 4432 738 4497 Meeran
767 4431 936 4496 confertur
951 4430 1169 4494 canonicatus
1184 4430 1324 4494 ecclesie
1341 4429 1372 4493 S.
1390 4429 1527 4493 Servatii
1545 4428 1573 4492 T
1576 4429 1677 4513 rajec-

321 4542 425 4620 tensiS,
443 4538 639 4603 Leodiensis
663 4536 813 4614 diocesiS,
842 4538 901 4598 sub
932 4532 1169 4617 expectatione
1196 4532 1375 4616 prebende,
1411 4532 1677 4597 consideratione

326 4641 471 4728 Philippi,
487 4641 572 4724 regis
590 4638 740 4704 Francie.

363 4745 434 4811 Vite
449 4766 489 4811 ac
506 4765 648 4809 morum.
658 4794 681 4807 ..

366 4850 437 4915 Dat.
452 4849 553 4913 Avin.
573 4868 611 4912 10
627 4846 694 4912 kal.
707 4845 818 4931 aprilis
834 4865 923 4909 auno
943 4865 971 4908 2.

376 4985 469 5025 Analecta
478 4982 676 5034 vaticano-belgica.
693 4983 722 5022 ll.
