4409 6017
491 710 544 774 118
1035 706 1183 774 Pronibro
1203 706 1305 773 annae.

491 858 584 924 tione
613 860 702 922 bone
726 856 886 922 memorie
911 855 1048 922 Gerardi
1072 857 1115 922 de
1140 855 1268 937 Parma,
1293 856 1439 944 episcopi
1464 857 1654 923 Sabinensis
1670 859 1729 942 (¹),
1745 856 1844 944 patrui

492 962 572 1046 ejus
587 981 656 1025 non
672 962 828 1026 obstante
844 961 934 1045 quod
958 960 991 1025 in
1008 958 1178 1025 Parmensi
1203 959 1509 1026 archidiaconatum
1530 967 1565 1026 et
1580 960 1613 1025 in
1630 958 1665 1026 N
1667 961 1848 1026 oviomensi

492 1063 791 1130 subthesaurariam
807 1084 846 1129 ac
862 1064 896 1128 in
911 1063 959 1129 eis
974 1072 1009 1130 et
1025 1063 1059 1127 in
1083 1063 1286 1129 Tomacensi
1313 1064 1460 1130 ecclesiis
1484 1063 1700 1131 canonicatus
1723 1073 1759 1129 et
1782 1084 1851 1151 pre·

493 1167 620 1233 bendas
635 1167 777 1234 obtinet.

537 1270 734 1356 Apostolice
750 1270 883 1336 Sedis...

539 1374 617 1439 Dat.
632 1373 732 1440 Avin.
751 1394 768 1458 3
785 1373 851 1440 kal.
867 1374 945 1439 maii
961 1395 1051 1439 anno
1072 1394 1098 1439 1.

540 1475 580 1541 In
596 1498 624 1543 e.
641 1498 685 1543 111.
715 1476 827 1543 abbati
842 1477 1035 1543 monasterii
1052 1477 1083 1542 S.
1099 1477 1245 1544 Amandi
1262 1477 1294 1543 in
1313 1478 1447 1560 Pabula,
1463 1478 1685 1544 Tomacensis
1707 1478 1858 1558 diocesis

496 1588 530 1645 et
545 1578 703 1664 magistro
720 1578 844 1646 Busolo
860 1580 902 1647 de
919 1580 1048 1661 Parma,
1065 1581 1240 1667 capellano
1255 1602 1351 1668 pape,
1367 1602 1406 1648 ac
1417 1581 1594 1648 Francisco
1605 1581 1714 1667 Gogo,
1724 1581 1860 1648 canoni-

497 1681 544 1748 cis
558 1681 779 1749 Tomacensis
794 1683 945 1750 ecclesie.

530 1828 591 1887 ch.
604 1827 651 1874 Ar.
663 1828 684 1884 6,
699 1826 716 1873 f.
729 1827 787 1873 2111ν
799 1841 805 1875 ;
819 1825 876 1873 Vat.
890 1828 928 1877 66,
940 1824 958 1872 f.
973 1826 1021 1883 13',
1035 1839 1060 1873 11.
1073 1826 1144 1873 3613.

543 2004 626 2065 335.
643 2033 687 2042 -
705 1995 823 2061 Eidem
839 1994 987 2073 Johanni
1005 1995 1194 2081 indulgetur
1209 2004 1247 2060 ut
1262 1996 1386 2062 linctus
1401 1995 1640 2061 beneficiorum
1656 1995 1863 2081 supradicto-

499 2120 582 2180 rum,
599 2098 777 2165 residendo
793 2100 826 2162 in
843 2120 911 2164 uno
927 2100 1134 2182 eorumdem,
1151 2099 1193 2165 ad
1210 2100 1474 2185 quinquennium
1490 2100 1637 2187 recipere
1653 2101 1777 2165 valeat.

546 2203 727 2268 Personam
743 2211 877 2268 tuam...

547 2307 624 2372 Dat.
640 2306 740 2371 Avin.
758 2326 775 2390 3
793 2304 859 2372 kal.
876 2306 953 2371 maii
970 2327 1060 2372 anno
1081 2327 1107 2373 1.

547 2409 587 2474 In
604 2431 633 2475 e.
649 2430 694 2475 m.
711 2409 742 2475 S.
760 2407 896 2475 Martini
913 2410 1134 2476 Tornacensis
1158 2419 1194 2476 et
1210 2411 1241 2476 S.
1259 2410 1356 2495 Eligii
1382 2409 1622 2477 Noviomensis
1646 2411 1868 2477 monasterio-

504 2534 577 2579 rum
594 2513 769 2579 abbatibus
784 2534 823 2579 ac
838 2513 1010 2601 preposito
1026 2514 1166 2580 ecclesie
1183 2512 1392 2601 Maguntine.

540 2651 600 2711 neg.
613 2652 660 2699 nv.
674 2651 697 2710 o,
710 2650 728 2698 1.
741 2652 805 2708 aon
819 2650 876 2701 rat.
893 2652 931 2709 eo,
940 2651 958 2699 1.
972 2652 1008 2710 n,
1022 2664 1047 2700 n.
1059 2653 1131 2701 aon.

553 2820 668 2908 336·
817 2837 819 2841 ’
1596 2855 1692 2922 1317,
1708 2860 1727 2922 4
1746 2839 1825 2903 moi.

551 2939 572 3019 J
574 2938 708 3019 ohanni,
724 2946 806 3003 nato
815 2938 984 3022 quondam
995 2937 1084 3004 Petri
1100 2938 1143 3005 de
1160 2939 1307 3026 Puchey,
1323 2941 1444 3008 clerico
1460 2950 1494 3007 et
1506 2941 1657 3008 familiari
1671 2940 1823 3021 Amaldi,
1839 2939 1872 3006 S.

510 3044 620 3110 Prisce
636 3041 808 3128 presbiteri
824 3041 1009 3122 cardinalis,
1025 3042 1194 3108 confertur
1209 3053 1370 3131 perpetua
1385 3045 1569 3131 capellania
1593 3044 1705 3111 altaris
1728 3044 1761 3110 S.
1778 3044 1875 3129 Dyo-

510 3147 583 3213 nisii
599 3146 651 3211 siti
678 3145 711 3210 in
728 3145 867 3212 ecclesia
882 3144 1071 3228 Leodiensi,
1092 3168 1215 3213 vacans
1231 3169 1289 3234 per
1305 3149 1434 3214 obitum
1451 3148 1589 3215 Hernici
1615 3148 1659 3214 de
1682 3148 1768 3214 Auis
1784 3146 1875 3234 apud

510 3251 633 3317 Sedem
647 3250 865 3336 apostolicam
881 3248 1039 3315 defuncti.

554 3355 609 3420 Ad
626 3354 797 3420 illorum...

557 3459 634 3525 Dat.
650 3457 750 3523 Avin.
767 3480 786 3542 4
803 3478 882 3522 non.
899 3456 976 3522 maii
993 3478 1082 3523 anno
1104 3480 1129 3524 1.

557 3561 597 3626 ln
614 3584 643 3628 e.
659 3583 703 3628 m.
720 3561 954 3628 archidiacono
976 3559 1212 3646 Majoricarum
1228 3572 1262 3628 et
1278 3563 1407 3629 decano
1425 3567 1458 3630 S.
1473 3564 1626 3649 Dyonisii
1643 3584 1682 3629 ac
1698 3564 1877 3630 scolastico

514 3667 546 3733 S.
563 3666 656 3731 Pauli
672 3665 908 3731 Leodiensium
924 3666 1149 3732 ecclesiarum.

548 3807 609 3866 ch.
625 3807 674 3854 111.
686 3807 709 3865 6,
721 3805 740 3855 1.
755 3805 802 3852 163
814 3820 819 3861 ;
833 3803 891 3854 Vat.
907 3805 945 3863 66,
959 3805 976 3852 f.
990 3807 1040 3862 161,
1054 3807 1163 3854 113063.

562 3984 675 4070 337.
1608 4014 1704 4079 1317,
1720 4015 1742 4077 5
1759 3998 1837 4062 mai.

566 4101 730 4189 Magistro
756 4099 902 4166 Geraldo
927 4099 969 4164 de
988 4097 1162 4179 bloisiaco,
1179 4101 1354 4184 capellano
1379 4109 1414 4164 et
1438 4099 1588 4165 familiari
1614 4098 1801 4179 Gaucelmi,
1826 4100 1877 4164 SS.

521 4205 708 4274 Marcellini
724 4213 759 4270 et
775 4203 864 4269 Petri
882 4202 1054 4289 presbiteri
1071 4203 1246 4268 cardinalis
1262 4213 1296 4268 et
1313 4203 1435 4269 Sancte
1454 4202 1606 4268 Romane
1628 4202 1780 4269 Ecclesie
1795 4204 1878 4269 vice·

521 4309 719 4390 cancellarii,
730 4308 899 4374 confertur
909 4315 1106 4392 personatus
1116 4327 1174 4371 seu
1184 4307 1375 4391 altelagium
1392 4306 1435 4372 de
1451 4305 1607 4388 Turhurt,
1631 4305 1879 4373 Cameracensis

521 4414 671 4492 diocesis,
689 4413 742 4497 qui
760 4412 903 4494 dignitas
919 4432 986 4475 non
1004 4419 1133 4475 estnec
1150 4410 1178 4474 ei
1196 4410 1349 4475 imminet
1373 4431 1450 4476 cura
1465 4411 1661 4492 animarum,
1677 4431 1803 4477 vacans
1824 4431 1880 4497 per

523 4525 668 4583 mortem
684 4515 846 4593 Johannis
863 4514 957 4594 Oste,
974 4514 1063 4599 apud
1086 4514 1206 4579 Sedem
1223 4514 1441 4599 apostolicam
1457 4514 1616 4596 defuncti,
1631 4535 1701 4581 non
1728 4518 1880 4580 obstante

524 4621 614 4707 quod
629 4621 671 4686 de
686 4619 851 4684 beneficio
867 4617 1102 4697 ecclesiastico,
1120 4617 1249 4682 etiamsi
1266 4617 1595 4703 archipresbiteratus
1618 4617 1743 4699 existit,
1759 4617 1803 4684 ad
1818 4619 1882 4684 col·

524 4725 685 4791 lationem
701 4723 847 4808 episcopi
864 4721 1160 4801 ClaromontensiS,
1177 4742 1216 4785 ac
1240 4721 1282 4785 de
1302 4722 1501 4787 canonicatu
1522 4721 1663 4788 ecclesie
1686 4721 1883 4796 AniciensiS,

524 4832 585 4896 sub
601 4826 833 4914 expectatione
860 4825 1039 4911 prebende,
1054 4824 1257 4910 providetur,
1274 4835 1308 4889 et
1333 4825 1423 4908 quod
1444 4828 1486 4890 ab
1510 4828 1632 4891 abbate
1657 4833 1692 4891 et
1716 4834 1885 4892 conventu

561 5072 582 5118 l.
594 5065 691 5117 Geranl
705 5064 828 5112 1111111111.
840 5064 966 5111 elumoinc
985 5062 1017 5110 dc
1032 5063 1129 5116 l'annc,
1142 5059 1358 5127 cardinal-pridie
1369 5060 1414 5112 des
1427 5060 1479 5106 xli
1498 5060 1606 5129 Apitres
1617 5074 1648 5114 en
1663 5061 1733 5118 1178,
1746 5057 1846 5124 equue
1856 5061 1887 5113 dc

528 5153 622 5202 sabine
632 5163 663 5198 en
677 5150 747 5203 1261,
760 5153 823 5194 mort
837 5149 852 5193 a
867 5146 943 5194 11111111ὶ
954 5159 984 5193 en
1000 5146 1069 5197 1302.
