4409 6017
488 701 547 765 120
1035 691 1183 758 Premiere
1204 691 1306 755 annia

487 848 529 913 de
547 846 669 926 Insula,
685 844 906 910 Tomacensis
927 842 1078 921 diocesis,
1095 840 1130 905 in
1145 839 1344 906 canonicum
1360 848 1411 904 est
1427 846 1580 924 receptus
1595 847 1630 904 et
1646 836 1845 924 prebendam

487 958 654 1035 expectat.

531 1053 726 1139 Apostolice
742 1050 1010 1116 munificentie...

533 1157 611 1222 Dat.
627 1156 726 1220 Asin.
743 1154 785 1220 id.
801 1155 879 1219 rnaii
896 1174 986 1218 anno
1004 1174 1028 1217 1.

535 1260 575 1324 ln
598 1280 627 1325 e.
644 1281 687 1323 rn.
704 1258 815 1324 abbati
832 1256 1024 1322 monasterii
1049 1255 1080 1321 S.
1097 1253 1272 1318 Genovele
1289 1252 1481 1319 Parisiensis
1497 1260 1532 1317 et
1546 1252 1676 1317 decano
1693 1251 1725 1316 S.
1742 1250 1854 1315 Salva·

489 1363 572 1430 toris
586 1363 629 1428 de
646 1362 838 1440 Hericione,
856 1359 1070 1425 Bituricensis
1086 1357 1236 1435 diocesis,
1253 1378 1293 1423 ac
1308 1356 1480 1443 preposito
1495 1356 1526 1420 S.
1543 1354 1719 1439 Gangetici
1736 1353 1856 1419 Came·

490 1467 635 1533 racensis
651 1466 875 1531 ecclesiarum.

524 1608 585 1667 neg.
598 1608 645 1655 nv.
657 1610 677 1663 1,
692 1608 739 1657 ra:
752 1607 808 1654 vat..
821 1608 859 1665 00,
873 1606 891 1653 r.
906 1607 958 1663 111,
970 1620 994 1653 n.
1008 1606 1079 1652 3113.

537 1795 651 1880 342.
1562 1827 1658 1893 1317,
1675 1828 1718 1890 15
1735 1810 1815 1874 mai.

538 1911 698 1979 Michaeli
723 1913 765 1977 de
782 1913 982 1998 Damprnars
1002 1911 1172 1977 confertur
1196 1911 1413 1977 canonicatus
1438 1912 1579 1977 ecclesie
1602 1912 1634 1978 S.
1652 1912 1741 1976 Petri
1767 1911 1861 1977 Insu-

493 2016 602 2097 lensis,
619 2015 839 2082 Tornacensis
854 2015 1004 2090 diocesia,
1020 2017 1080 2080 sub
1096 2015 1332 2100 expectatione
1358 2015 1528 2100 prebende
1543 2015 1656 2097 libere,
1672 2016 1804 2100 integre
1827 2026 1862 2080 et

493 2141 562 2186 non
578 2120 801 2199 sacerdotalis,
818 2119 1084 2184 consideratione
1101 2117 1273 2198 Ludovici,
1289 2118 1501 2204 primogeniti
1515 2118 1648 2184 comitis
1664 2118 1863 2185 Claromou-

496 2224 609 2289 tensis,

542 2327 650 2412 Digne
666 2348 802 2411 agere...

543 2431 620 2496 Dat.
637 2431 735 2495 Avin.
752 2430 795 2495 id.
807 2431 883 2494 maii
901 2451 991 2494 anno
1012 2451 1037 2494 1.

543 2536 583 2600 ln
610 2555 638 2598 e.
662 2556 707 2598 m.
723 2534 833 2599 abbati
850 2534 1041 2599 monasterii
1058 2533 1090 2599 S.
1101 2532 1261 2598 Germani
1271 2534 1314 2599 de
1325 2534 1431 2600 Pratis
1441 2534 1632 2600 Parisiensis
1641 2555 1682 2600 ac
1691 2535 1866 2621 preposito

499 2640 530 2704 S.
547 2637 720 2722 Gangerici
744 2635 992 2703 Cameracensis
1018 2646 1052 2702 et
1077 2637 1313 2703 archidiacono
1330 2637 1405 2702 Brie
1422 2638 1613 2704 Parisiensis
1637 2638 1866 2705 ecclesiarum.

534 2776 773 2836 lteg.1lv.7,s.tu:
787 2775 896 2832 Vat.tul
909 2777 928 2825 1
944 2778 1046 2835 121”,11
1062 2777 1133 2823 3176.

545 2963 661 3050 343.
1573 2999 1667 3062 1317,
1685 3001 1728 3063 15
1745 2983 1822 3046 11101

544 3082 706 3167 Magistro
723 3082 867 3148 Nicolao
883 3083 925 3148 de
943 3082 1126 3169 NoysiacO,
1149 3084 1271 3149 clerico
1294 3084 1464 3164 Ludovici,
1490 3084 1704 3169 primogeniti
1730 3086 1867 3150 comitis

499 3187 795 3266 ClaromoutensiS,
812 3186 938 3251 domini
956 3185 1126 3266 Borbonii,
1143 3187 1312 3252 confertur
1328 3188 1545 3252 canonicatus
1561 3188 1701 3253 ecclesie
1719 3187 1869 3253 Remen-

498 3292 551 3371 sis,
568 3294 628 3356 sub
654 3290 888 3375 expectatione
913 3291 1091 3375 prebende,
1118 3311 1184 3354 non
1211 3293 1367 3355 obstante
1393 3290 1483 3374 quod
1508 3291 1540 3354 in
1565 3290 1596 3355 S.
1618 3291 1800 3357 Salvatoris
1825 3293 1868 3358 de

503 3395 674 3460 Hiricione
691 3416 729 3460 ac
747 3393 942 3471 Moriueusi,
958 3394 1126 3473 Trecensi,
1149 3395 1179 3459 S.
1198 3394 1289 3459 Pauli
1307 3394 1348 3458 de
1366 3393 1503 3474 Leodio,
1521 3393 1558 3459 B.
1577 3392 1614 3459 M
1617 3394 1683 3459 arie
1700 3395 1742 3460 de
1759 3396 1868 3461 Stam-

500 3499 560 3584 pis,
587 3497 624 3563 B.
643 3496 750 3563 Maris
776 3499 817 3563 de
844 3497 999 3578 Beiraco,
1017 3497 1054 3562 B.
1081 3497 1188 3562 Marie
1213 3498 1255 3562 de
1282 3497 1509 3577 Claromonte,
1533 3498 1564 3561 S.
1593 3497 1799 3565 Evrernundi
1826 3500 1867 3565 de

501 3602 657 3667 Credulio
685 3602 899 3667 canonicatus
924 3612 958 3665 et
983 3602 1178 3686 prebendas,
1206 3623 1245 3667 ac
1272 3602 1473 3667 decanatum
1498 3601 1531 3665 in
1556 3601 1674 3666 eadem
1701 3601 1732 3667 S.
1755 3603 1867 3668 Salva·

500 3707 582 3790 toris
597 3705 754 3785 ecclesiis,
772 3704 995 3785 Bituricensis,
1012 3706 1214 3770 Senonensis
1237 3715 1271 3769 et
1288 3704 1501 3770 Belvacensis
1526 3704 1708 3786 diocesum,
1725 3707 1867 3787 obtinet,

502 3819 536 3875 et
552 3809 642 3893 quod
658 3810 690 3872 in
708 3808 847 3873 ecclesia
876 3809 1118 3873 Silvanectensi
1146 3810 1178 3872 in
1204 3809 1403 3874 canonicum
1420 3818 1471 3873 est
1486 3817 1641 3894 receptus
1662 3811 1723 3874 sub
1748 3831 1867 3896 expec-

507 3913 636 3978 tatione
652 3912 832 3997 prebende.

552 4014 753 4100 Multiplicia
769 4023 867 4078 tue...

549 4120 626 4183 Dat.
643 4119 742 4184 Avin.
761 4118 802 4183 id.
821 4119 896 4183 rnaii
915 4140 1003 4182 anno
1025 4140 1049 4183 1.

547 4222 585 4286 In
603 4245 631 4286 e.
649 4244 693 4286 m.
710 4222 741 4286 S.
761 4223 911 4307 llyonisii
939 4223 971 4286 in
992 4221 1140 4302 Francia,
1158 4222 1348 4288 Parisiensis
1373 4223 1523 4303 diocesis,
1540 4232 1574 4287 et
1591 4223 1621 4288 S.
1639 4222 1800 4291 Germani
1824 4226 1864 4291 de

505 4326 609 4390 Pratis
636 4325 828 4390 Parisiensis
856 4326 1134 4391 monasteriorum
1160 4327 1335 4391 abbatibus
1362 4348 1400 4391 ac
1424 4327 1554 4391 decano
1581 4327 1721 4392 ecclesie
1746 4327 1867 4394 Carno-

506 4430 621 4494 tensis.

540 4572 1172 4631 MgAuKiffiPssmdmthubssd

551 4771 674 4855 344.
1579 4803 1675 4869 1317,
1693 4786 1736 4851 16
1753 4789 1830 4853 mai.

551 4888 691 4969 Jacobo,
709 4890 762 4953 SS.
779 4887 943 4965 Johaunis
959 4897 993 4952 et
1011 4887 1102 4952 Pauli
1119 4888 1302 4973 presbitero
1321 4889 1489 4968 cardinali,
1507 4889 1723 4955 conferuntur
1738 4891 1874 4957 canoni·

509 5003 604 5069 catus
620 5003 654 5066 et
670 4993 839 5078 prebenda
866 5000 1025 5057 vacantes
1051 4992 1081 5055 iu
1108 4992 1246 5057 ecclesia
1263 4994 1454 5075 Agerrnensi
1472 5014 1531 5077 per
1558 4994 1687 5058 obitum
1704 4993 1873 5060 Guillelnri

512 5099 555 5165 de
579 5098 610 5163 S.
626 5099 760 5175 Arallra,
777 5097 865 5181 apud
882 5096 1001 5160 Sedern
1027 5096 1246 5181 apostolicam
1268 5095 1426 5176 defuncti,
1444 5118 1512 5160 non
1525 5099 1682 5162 obstante
1693 5099 1826 5184 quod...
1843 5100 1875 5164 in
