4409 6017
891 691 1047 762 Nauvibna
1068 694 1171 762 annea
1658 695 1712 761 561

341 839 458 905 tensis
472 860 513 906 ac
527 839 706 908 scolastico
722 840 977 925 Scladinensis⁰,
994 843 1247 911 Cameracensis
1263 851 1298 910 et
1313 842 1508 910 Leodiensis
1532 843 1717 926 diocesum,

343 941 579 1010 ecclesiarum.
1378 965 1383 976 ·

383 1091 447 1154 Reg.
462 1095 510 1141 Av.
522 1096 562 1153 22,
571 1094 589 1143 f.
601 1095 661 1143 574*
674 1109 680 1151 ;
692 1093 752 1144 Vat.
765 1096 803 1155 79,
815 1095 835 1144 f.
845 1096 897 1156 ὅδ’,
910 1110 936 1145 n.
950 1097 1021 1145 1364.

394 1261 499 1324 1526.
517 1296 561 1307 -
577 1259 697 1326 Eidem
713 1261 883 1327 confertur
897 1262 1116 1329 canonicatus
1132 1262 1274 1329 ecclesie
1290 1261 1321 1328 S.
1332 1261 1496 1330 Gereonis
1508 1261 1719 1329 Coloniensis

346 1362 414 1426 sub
431 1362 669 1447 expectatione
684 1364 866 1450 prebende,
882 1386 951 1433 non
976 1368 1135 1433 obstante
1161 1367 1251 1452 quod
1275 1366 1393 1432 eadem
1416 1365 1471 1431 die
1495 1364 1526 1432 ei
1550 1365 1593 1432 de
1617 1384 1719 1431 cano·

347 1463 469 1530 nicatu
485 1466 627 1532 ecclesie
644 1465 841 1534 Leodiensis
856 1470 916 1535 sub
933 1468 1170 1555 expectatione
1185 1469 1358 1556 prebende
1372 1469 1544 1556 provisum
1560 1468 1632 1534 fuit.

396 1567 561 1635 Volentes
575 1589 796 1656 personam...

397 1671 478 1738 Dat.
494 1673 594 1739 Avin.
614 1693 631 1757 3
647 1671 713 1739 kal.
730 1674 809 1740 maii
825 1696 916 1741 anno
933 1696 963 1758 9.

398 1774 439 1839 In
456 1795 485 1840 e.
502 1796 546 1842 m.
563 1777 694 1842 decano
710 1777 741 1843 S.
757 1776 777 1854 J
781 1778 923 1845 ohannis
939 1777 1137 1846 Leodiensis
1151 1800 1191 1846 ac
1205 1780 1378 1867 preposito
1393 1778 1425 1846 S.
1436 1778 1575 1845 Servatii
1587 1777 1721 1864 Trajec·

349 1879 460 1945 tensis
475 1899 515 1945 ac
530 1880 709 1946 scolastico
724 1879 940 1964 Sladinensis,
956 1881 1154 1950 Leodiensis
1168 1883 1324 1965 diocesis,
1340 1883 1568 1951 ecclesiarum.

389 2019 453 2080 neg.
469 2021 566 2079 nasa,
577 2020 596 2069 f.
608 2023 669 2068 salv
680 2036 686 2077 ;
698 2020 759 2071 vet.
775 2023 813 2080 rs,
826 2022 903 2083 esav,
915 2036 942 2072 n.
955 2024 1026 2072 raes.

400 2190 539 2274 1527.
1406 2222 1500 2287 13²5·
1516 2223 1558 2291 29
1575 2203 1673 2269 avril.

400 2305 566 2393 Magistro
589 2307 761 2375 Willelmo
784 2309 827 2375 de
852 2308 932 2373 Oire
956 2307 1127 2374 confertur
1152 2307 1371 2374 canonicatus
1395 2308 1536 2374 ecclesie
1572 2307 1603 2373 S.
1628 2307 1721 2373 Pauli

352 2410 552 2478 Leodiensis
568 2414 628 2478 sub
644 2411 881 2499 expectatione
898 2411 1078 2498 prebende,
1093 2431 1163 2477 non
1179 2413 1336 2477 obstante
1352 2411 1443 2497 quod
1458 2411 1491 2476 in
1505 2410 1721 2491 Scladinensi,

354 2513 555 2581 Leodiensis
570 2516 723 2598 diocesis,
739 2516 948 2582 scolastriam
964 2514 1048 2581 etin
1071 2515 1190 2582 eadem
1206 2535 1245 2581 ac
1261 2515 1295 2580 in
1318 2515 1349 2581 S.
1367 2513 1476 2581 Marie
1497 2513 1723 2602 Trajectensis

356 2619 510 2685 ecclesiis
526 2619 744 2687 canonicatus
759 2628 794 2685 et
809 2619 997 2706 prebendas
1013 2619 1156 2686 obtinet.

405 2722 585 2789 Probitatis
600 2730 699 2790 tue...

406 2829 485 2892 Dat.
501 2826 601 2893 Avin.
619 2847 636 2912 3
653 2826 720 2894 kal.
736 2828 814 2894 maii
831 2849 921 2894 anno
938 2849 967 2909 9.

406 2929 446 2994 In
463 2950 492 2995 e.
508 2950 554 2996 m.
569 2931 683 2996 abbati
699 2931 894 2997 monasterii
918 2931 949 2997 S.
966 2930 1084 3008 Jacobi
1100 2938 1136 2995 et
1157 2930 1288 2997 decano
1311 2950 1351 2996 ac
1377 2929 1555 2996 scolastico
1582 2930 1723 2995 ecclesie

359 3034 393 3099 S.
410 3032 430 3110 J
433 3033 576 3099 ohannis
591 3032 798 3101 Leodiensis.

394 3175 457 3236 Reg.
470 3178 517 3225 Av.
530 3178 570 3235 22,
582 3176 600 3225 f.
613 3178 661 3225 575
674 3192 681 3233 ;
693 3175 752 3225 Vat.
766 3177 805 3235 79,
817 3177 835 3226 f.
845 3179 896 3236 ὅδ’,
909 3190 934 3226 n.
949 3178 1020 3226 1366.

410 3337 549 3421 1528.
881 3366 884 3373 ·
1412 3372 1508 3435 1325,
1524 3371 1567 3437 29
1582 3350 1680 3416 avril.

404 3453 556 3540 Symoni,
572 3463 655 3522 nato
670 3455 793 3522 nobilis
808 3457 868 3521 viri
885 3456 1044 3542 Symonis
1052 3456 1094 3523 de
1107 3454 1127 3532 J
1130 3456 1314 3536 ulemonte,
1325 3454 1496 3520 confertur
1507 3453 1725 3520 canonicatus

358 3557 504 3625 ecclesie
519 3559 697 3649 Aquensis,
714 3558 910 3626 Leodiensis
924 3560 1078 3642 diocesis,
1093 3561 1155 3626 sub
1171 3558 1407 3644 expectatione
1422 3555 1602 3645 prebende.

406 3660 579 3729 Nobilitas
594 3664 766 3748 generis...

406 3766 486 3832 Dat.
502 3766 603 3832 Avin.
617 3787 634 3852 3
650 3765 717 3833 kal.
734 3768 811 3834 maii
828 3789 918 3834 anno
936 3789 965 3849 9.

407 3868 449 3933 In
465 3890 495 3936 e.
510 3890 555 3936 m.
571 3870 702 3936 decano
718 3871 749 3938 S.
766 3871 907 3937 Servatii
922 3871 1147 3958 Trajectensis
1163 3878 1198 3936 et
1214 3869 1429 3951 Sladinensis,
1445 3867 1641 3934 Leodiensis
1656 3867 1728 3933 dio·

360 3972 459 4054 cesis,
475 3992 515 4038 ac
526 3973 558 4039 S.
574 3972 594 4050 J
597 3973 740 4040 ohannis
753 3973 949 4042 Leodiensis
965 3975 1150 4041 scolasticis
1165 3974 1393 4041 ecclesiarum.

396 4111 459 4173 Reg.
472 4113 519 4162 Av.
531 4115 570 4171 22,
582 4113 601 4162 f.
614 4115 661 4160 575
672 4128 679 4171 ;
691 4112 751 4163 Vnt.
767 4115 805 4173 79,
815 4113 834 4164 f.
848 4115 900 4174 53',
912 4127 938 4164 n.
951 4114 1022 4162 1367.

390 4295 396 4308 '
412 4284 550 4368 1529.
1417 4314 1512 4378 1325,
1528 4315 1571 4380 29
1587 4295 1683 4360 avril.

408 4404 580 4490 Adulpho,
612 4404 771 4490 episcopo
803 4403 994 4485 Leodiensi,
1024 4403 1221 4469 conceditur
1252 4403 1392 4468 facultas
1425 4397 1621 4466 absolvendi
1652 4418 1729 4463 suos

363 4511 563 4577 diocesanos
579 4509 634 4593 qui
652 4507 826 4574 Ludovico
841 4509 884 4574 de
900 4507 1041 4573 Bavaria
1068 4517 1103 4572 et
1130 4507 1203 4578 aliis
1227 4505 1370 4572 ecclesie
1392 4503 1573 4569 rebellibus
1591 4501 1730 4567 adhese-

363 4621 456 4680 runt.

413 4778 631 4845 «Venerabili
657 4779 749 4844 fratri
774 4778 944 4863 Adulpho,
968 4776 1130 4864 episcopo
1158 4775 1346 4857 Leodiensi,
1368 4774 1521 4840 salutern.
1547 4771 1666 4858 Nuper
1689 4771 1732 4837 ad

363 4883 578 4972 apostolatus
593 4883 698 4948 nostri
724 4882 931 4948 audientiam
955 4881 1122 4948 deduxisti
1147 4880 1237 4965 quod
1263 4879 1358 4945 multi
1382 4887 1514 4944 tuarum
1530 4876 1676 4943 civitatis
1699 4883 1732 4939 et

399 5127 426 5161 a.
446 5111 592 5160 Soladinen.
605 5125 655 5173 rep.

419 5226 523 5268 Analecta
532 5225 726 5276 vaticano-belgica.
740 5227 769 5267 ll.
