<?xml version="1.0" encoding="UTF-8"?>
<!DOCTYPE html PUBLIC "-//W3C//DTD XHTML 1.0 Transitional//EN"
    "http://www.w3.org/TR/xhtml1/DTD/xhtml1-transitional.dtd">
<html xmlns="http://www.w3.org/1999/xhtml" xml:lang="en" lang="en">
 <head>
  <title>
</title>
<meta http-equiv="Content-Type" content="text/html;charset=utf-8" />
  <meta name='ocr-system' content='tesseract 3.04.00' />
  <meta name='ocr-capabilities' content='ocr_page ocr_carea ocr_par ocr_line ocrx_word'/>
</head>
<body>
  <div class='ocr_page' id='page_1' title='image "./lettresdejeanxx00xxiigoog_0467.png"; bbox 0 0 4409 6017; ppageno 0'>
   <div class='ocr_carea' id='block_1_1' title="bbox 929 737 1752 820">
    <p class='ocr_par' dir='ltr' id='par_1_1' title="bbox 929 737 1752 820">
     <span class='ocr_line' id='line_1_1' title="bbox 929 737 1752 820; baseline -0.004 -14"><span class='ocrx_word' id='word_1_1' title='bbox 929 738 1098 820; x_wconf 75' lang='lat' dir='ltr'><strong>Ginquibne</strong></span> <span class='ocrx_word' id='word_1_2' title='bbox 1119 737 1221 805; x_wconf 74' lang='lat' dir='ltr'><strong>annia</strong></span> <span class='ocrx_word' id='word_1_3' title='bbox 1695 738 1752 803; x_wconf 82' lang='lat'><strong>881</strong></span> 
     </span>
    </p>
   </div>
   <div class='ocr_carea' id='block_1_2' title="bbox 403 883 1757 2125">
    <p class='ocr_par' dir='ltr' id='par_1_2' title="bbox 428 883 1712 985">
     <span class='ocr_line' id='line_1_2' title="bbox 428 883 1712 985; baseline -0.007 -12"><span class='ocrx_word' id='word_1_4' title='bbox 428 888 554 973; x_wconf 87' lang='grc'>988.</span> <span class='ocrx_word' id='word_1_5' title='bbox 1428 883 1521 985; x_wconf 69' lang='lat'><em>1321,</em></span> <span class='ocrx_word' id='word_1_6' title='bbox 1538 920 1580 964; x_wconf 85' lang='lat'><strong>12</strong></span> <span class='ocrx_word' id='word_1_7' title='bbox 1589 898 1675 982; x_wconf 83' lang='lat' dir='ltr'><em>juill</em></span> <span class='ocrx_word' id='word_1_8' title='bbox 1691 908 1712 965; x_wconf 86' lang='lat' dir='ltr'><strong>t.</strong></span> 
     </span>
    </p>

    <p class='ocr_par' dir='ltr' id='par_1_3' title="bbox 403 1002 1757 1716">
     <span class='ocr_line' id='line_1_3' title="bbox 430 1002 1757 1083; baseline -0.002 -10"><span class='ocrx_word' id='word_1_9' title='bbox 430 1005 569 1073; x_wconf 91' lang='lat' dir='ltr'><strong>Boboni</strong></span> <span class='ocrx_word' id='word_1_10' title='bbox 594 1004 760 1083; x_wconf 90' lang='lat' dir='ltr'><strong>Johannis</strong></span> <span class='ocrx_word' id='word_1_11' title='bbox 785 1004 828 1070; x_wconf 95' lang='lat' dir='ltr'><strong>de</strong></span> <span class='ocrx_word' id='word_1_12' title='bbox 844 1002 937 1071; x_wconf 88' lang='lat' dir='ltr'><strong>Urbe</strong></span> <span class='ocrx_word' id='word_1_13' title='bbox 960 1003 1131 1070; x_wconf 85' lang='lat' dir='ltr'><strong>confertur</strong></span> <span class='ocrx_word' id='word_1_14' title='bbox 1154 1006 1371 1073; x_wconf 85' lang='lat' dir='ltr'>canonicatus</span> <span class='ocrx_word' id='word_1_15' title='bbox 1396 1004 1536 1073; x_wconf 84' lang='lat' dir='ltr'><strong>ecclesie</strong></span> <span class='ocrx_word' id='word_1_16' title='bbox 1560 1003 1757 1070; x_wconf 88' lang='lat' dir='ltr'><strong>Leodiensis</strong></span> 
     </span>
     <span class='ocr_line' id='line_1_4' title="bbox 403 1108 1756 1197; baseline -0.003 -20"><span class='ocrx_word' id='word_1_17' title='bbox 403 1112 451 1176; x_wconf 91' lang='lat' dir='ltr'><strong>ub</strong></span> <span class='ocrx_word' id='word_1_18' title='bbox 468 1109 706 1197; x_wconf 85' lang='lat' dir='ltr'><strong>expectatione</strong></span> <span class='ocrx_word' id='word_1_19' title='bbox 721 1108 902 1194; x_wconf 87' lang='lat' dir='ltr'><strong>prebende,</strong></span> <span class='ocrx_word' id='word_1_20' title='bbox 917 1128 986 1173; x_wconf 94' lang='lat' dir='ltr'><strong>non</strong></span> <span class='ocrx_word' id='word_1_21' title='bbox 1002 1109 1159 1175; x_wconf 91' lang='lat' dir='ltr'><strong>obstante</strong></span> <span class='ocrx_word' id='word_1_22' title='bbox 1175 1109 1267 1195; x_wconf 93' lang='lat' dir='ltr'><strong>quod</strong></span> <span class='ocrx_word' id='word_1_23' title='bbox 1282 1112 1317 1176; x_wconf 92' lang='lat' dir='ltr'><strong>in</strong></span> <span class='ocrx_word' id='word_1_24' title='bbox 1332 1108 1471 1177; x_wconf 89' lang='lat' dir='ltr'><strong>basilica</strong></span> <span class='ocrx_word' id='word_1_25' title='bbox 1481 1108 1646 1194; x_wconf 89' lang='lat' dir='ltr'><strong>Principis</strong></span> <span class='ocrx_word' id='word_1_26' title='bbox 1660 1128 1756 1192; x_wconf 88' lang='lat' dir='ltr'><strong>apos-</strong></span> 
     </span>
     <span class='ocr_line' id='line_1_5' title="bbox 403 1209 1756 1296; baseline -0.004 -15"><span class='ocrx_word' id='word_1_27' title='bbox 403 1215 539 1281; x_wconf 78' lang='lat' dir='ltr'><strong>alorum</strong></span> <span class='ocrx_word' id='word_1_28' title='bbox 554 1214 596 1280; x_wconf 94' lang='lat' dir='ltr'><strong>de</strong></span> <span class='ocrx_word' id='word_1_29' title='bbox 613 1212 707 1281; x_wconf 89' lang='lat' dir='ltr'><strong>Urbe</strong></span> <span class='ocrx_word' id='word_1_30' title='bbox 722 1232 763 1278; x_wconf 90' lang='lat' dir='ltr'><strong>ac</strong></span> <span class='ocrx_word' id='word_1_31' title='bbox 778 1212 810 1277; x_wconf 85' lang='lat' dir='ltr'><strong>S.</strong></span> <span class='ocrx_word' id='word_1_32' title='bbox 827 1209 877 1277; x_wconf 92' lang='lat' dir='ltr'><strong>M.</strong></span> <span class='ocrx_word' id='word_1_33' title='bbox 893 1210 1005 1294; x_wconf 87' lang='lat' dir='ltr'><strong>Nove,</strong></span> <span class='ocrx_word' id='word_1_34' title='bbox 1021 1211 1053 1278; x_wconf 86' lang='lat' dir='ltr'><strong>S.</strong></span> <span class='ocrx_word' id='word_1_35' title='bbox 1070 1211 1299 1279; x_wconf 90' lang='lat' dir='ltr'><strong>Bartholomei</strong></span> <span class='ocrx_word' id='word_1_36' title='bbox 1313 1212 1524 1280; x_wconf 88' lang='lat' dir='ltr'><strong>Zamorensis</strong></span> <span class='ocrx_word' id='word_1_37' title='bbox 1550 1219 1586 1278; x_wconf 90' lang='lat' dir='ltr'><strong>et</strong></span> <span class='ocrx_word' id='word_1_38' title='bbox 1610 1212 1643 1275; x_wconf 91' lang='lat' dir='ltr'><strong>in</strong></span> <span class='ocrx_word' id='word_1_39' title='bbox 1661 1209 1756 1296; x_wconf 87' lang='lat' dir='ltr'><strong>Mag-</strong></span> 
     </span>
     <span class='ocr_line' id='line_1_6' title="bbox 405 1314 1756 1404; baseline -0.004 -20"><span class='ocrx_word' id='word_1_40' title='bbox 405 1318 543 1403; x_wconf 92' lang='lat' dir='ltr'><strong>unensi,</strong></span> <span class='ocrx_word' id='word_1_41' title='bbox 558 1315 809 1383; x_wconf 85' lang='lat' dir='ltr'><strong>Aurelianensis</strong></span> <span class='ocrx_word' id='word_1_42' title='bbox 824 1316 976 1398; x_wconf 90' lang='lat' dir='ltr'><strong>diocesis,</strong></span> <span class='ocrx_word' id='word_1_43' title='bbox 993 1317 1213 1383; x_wconf 87' lang='lat' dir='ltr'><strong>canonicatus</strong></span> <span class='ocrx_word' id='word_1_44' title='bbox 1227 1326 1263 1384; x_wconf 90' lang='lat' dir='ltr'><strong>et</strong></span> <span class='ocrx_word' id='word_1_45' title='bbox 1278 1317 1476 1404; x_wconf 88' lang='lat' dir='ltr'><strong>prebendas,</strong></span> <span class='ocrx_word' id='word_1_46' title='bbox 1500 1336 1540 1383; x_wconf 91' lang='lat' dir='ltr'><strong>ac</strong></span> <span class='ocrx_word' id='word_1_47' title='bbox 1561 1315 1595 1381; x_wconf 92' lang='lat' dir='ltr'><strong>in</strong></span> <span class='ocrx_word' id='word_1_48' title='bbox 1620 1314 1756 1381; x_wconf 89' lang='lat' dir='ltr'><strong>Nolana</strong></span> 
     </span>
     <span class='ocr_line' id='line_1_7' title="bbox 403 1417 1754 1508; baseline -0.004 -19"><span class='ocrx_word' id='word_1_49' title='bbox 403 1422 542 1489; x_wconf 89' lang='lat' dir='ltr'><strong>eclesiis</strong></span> <span class='ocrx_word' id='word_1_50' title='bbox 556 1421 803 1502; x_wconf 88' lang='lat' dir='ltr'><strong>canonicatum,</strong></span> <span class='ocrx_word' id='word_1_51' title='bbox 819 1419 861 1487; x_wconf 87' lang='lat' dir='ltr'><strong>de</strong></span> <span class='ocrx_word' id='word_1_52' title='bbox 877 1440 946 1506; x_wconf 93' lang='lat' dir='ltr'><strong>quo</strong></span> <span class='ocrx_word' id='word_1_53' title='bbox 961 1419 1045 1485; x_wconf 92' lang='lat' dir='ltr'><strong>nihil</strong></span> <span class='ocrx_word' id='word_1_54' title='bbox 1066 1421 1220 1508; x_wconf 88' lang='lat' dir='ltr'><strong>percipit,</strong></span> <span class='ocrx_word' id='word_1_55' title='bbox 1236 1441 1373 1488; x_wconf 86' lang='lat' dir='ltr'><strong>necnon</strong></span> <span class='ocrx_word' id='word_1_56' title='bbox 1388 1427 1423 1487; x_wconf 89' lang='lat' dir='ltr'><strong>et</strong></span> <span class='ocrx_word' id='word_1_57' title='bbox 1439 1420 1472 1486; x_wconf 87' lang='lat' dir='ltr'><strong>in</strong></span> <span class='ocrx_word' id='word_1_58' title='bbox 1488 1418 1612 1487; x_wconf 87' lang='lat' dir='ltr'><strong>diocesi</strong></span> <span class='ocrx_word' id='word_1_59' title='bbox 1629 1417 1754 1484; x_wconf 88' lang='lat' dir='ltr'><strong>Civita-</strong></span> 
     </span>
     <span class='ocr_line' id='line_1_8' title="bbox 403 1523 1754 1612; baseline -0.004 -20"><span class='ocrx_word' id='word_1_60' title='bbox 403 1526 479 1592; x_wconf 82' lang='lat' dir='ltr'><strong>ensi</strong></span> <span class='ocrx_word' id='word_1_61' title='bbox 506 1525 651 1612; x_wconf 85' lang='lat' dir='ltr'><strong>quedam</strong></span> <span class='ocrx_word' id='word_1_62' title='bbox 666 1523 801 1591; x_wconf 91' lang='lat' dir='ltr'><strong>modica</strong></span> <span class='ocrx_word' id='word_1_63' title='bbox 826 1523 1055 1610; x_wconf 89' lang='lat' dir='ltr'><strong>prestimonia,</strong></span> <span class='ocrx_word' id='word_1_64' title='bbox 1071 1532 1106 1590; x_wconf 90' lang='lat' dir='ltr'><strong>et</strong></span> <span class='ocrx_word' id='word_1_65' title='bbox 1122 1525 1157 1589; x_wconf 91' lang='lat' dir='ltr'><strong>in</strong></span> <span class='ocrx_word' id='word_1_66' title='bbox 1179 1525 1321 1592; x_wconf 90' lang='lat' dir='ltr'><strong>ecclesia</strong></span> <span class='ocrx_word' id='word_1_67' title='bbox 1343 1523 1551 1592; x_wconf 89' lang='lat' dir='ltr'><strong>Cordubensi</strong></span> <span class='ocrx_word' id='word_1_68' title='bbox 1576 1523 1754 1590; x_wconf 88' lang='lat' dir='ltr'><strong>canonica-</strong></span> 
     </span>
     <span class='ocr_line' id='line_1_9' title="bbox 403 1627 1664 1716; baseline -0.005 -19"><span class='ocrx_word' id='word_1_69' title='bbox 403 1651 463 1697; x_wconf 89' lang='lat' dir='ltr'><strong>um</strong></span> <span class='ocrx_word' id='word_1_70' title='bbox 478 1632 541 1695; x_wconf 92' lang='lat' dir='ltr'><strong>sub</strong></span> <span class='ocrx_word' id='word_1_71' title='bbox 557 1630 793 1716; x_wconf 85' lang='lat' dir='ltr'><strong>expectatione</strong></span> <span class='ocrx_word' id='word_1_72' title='bbox 807 1627 978 1715; x_wconf 90' lang='lat' dir='ltr'><strong>prebende</strong></span> <span class='ocrx_word' id='word_1_73' title='bbox 993 1636 1028 1694; x_wconf 89' lang='lat' dir='ltr'><strong>et</strong></span> <span class='ocrx_word' id='word_1_74' title='bbox 1043 1627 1217 1713; x_wconf 87' lang='lat' dir='ltr'><strong>dignitatis</strong></span> <span class='ocrx_word' id='word_1_75' title='bbox 1230 1629 1291 1716; x_wconf 44' lang='lat' dir='ltr'><strong>vel,</strong></span> <span class='ocrx_word' id='word_1_76' title='bbox 1301 1634 1500 1716; x_wconf 90' lang='lat' dir='ltr'><strong>personatus</strong></span> <span class='ocrx_word' id='word_1_77' title='bbox 1521 1627 1664 1694; x_wconf 87' lang='lat' dir='ltr'><strong>obtinet.</strong></span> 
     </span>
    </p>

    <p class='ocr_par' dir='ltr' id='par_1_4' title="bbox 431 1732 778 1821">
     <span class='ocr_line' id='line_1_10' title="bbox 431 1732 778 1821; baseline -0.009 -20"><span class='ocrx_word' id='word_1_78' title='bbox 431 1733 536 1801; x_wconf 85' lang='lat' dir='ltr'><strong>Sedis</strong></span> <span class='ocrx_word' id='word_1_79' title='bbox 550 1732 778 1821; x_wconf 88' lang='lat' dir='ltr'><strong>apostolice...</strong></span> 
     </span>
    </p>

    <p class='ocr_par' dir='ltr' id='par_1_5' title="bbox 432 1834 971 1922">
     <span class='ocr_line' id='line_1_11' title="bbox 432 1834 971 1922; baseline -0.004 -18"><span class='ocrx_word' id='word_1_80' title='bbox 432 1838 517 1904; x_wconf 91' lang='lat' dir='ltr'><strong>Dat.</strong></span> <span class='ocrx_word' id='word_1_81' title='bbox 532 1837 633 1903; x_wconf 88' lang='lat' dir='ltr'><strong>Avin.</strong></span> <span class='ocrx_word' id='word_1_82' title='bbox 649 1858 669 1922; x_wconf 90' lang='lat'>4</span> <span class='ocrx_word' id='word_1_83' title='bbox 686 1835 730 1903; x_wconf 89' lang='lat' dir='ltr'><strong>id.</strong></span> <span class='ocrx_word' id='word_1_84' title='bbox 742 1834 815 1921; x_wconf 86' lang='lat' dir='ltr'><strong>julii</strong></span> <span class='ocrx_word' id='word_1_85' title='bbox 830 1855 924 1902; x_wconf 88' lang='lat' dir='ltr'><strong>anno</strong></span> <span class='ocrx_word' id='word_1_86' title='bbox 942 1851 971 1920; x_wconf 88' lang='lat'><strong>5.</strong></span> 
     </span>
    </p>

    <p class='ocr_par' dir='ltr' id='par_1_6' title="bbox 403 1936 1755 2125">
     <span class='ocr_line' id='line_1_12' title="bbox 432 1936 1755 2024; baseline 0 -18"><span class='ocrx_word' id='word_1_87' title='bbox 432 1939 478 2006; x_wconf 90' lang='lat' dir='ltr'><strong>In</strong></span> <span class='ocrx_word' id='word_1_88' title='bbox 494 1960 524 2006; x_wconf 89' lang='lat' dir='ltr'><strong>e.</strong></span> <span class='ocrx_word' id='word_1_89' title='bbox 540 1961 585 2006; x_wconf 88' lang='lat' dir='ltr'><strong>m.</strong></span> <span class='ocrx_word' id='word_1_90' title='bbox 601 1940 633 2005; x_wconf 85' lang='lat' dir='ltr'><strong>S.</strong></span> <span class='ocrx_word' id='word_1_91' title='bbox 649 1937 879 2006; x_wconf 89' lang='lat' dir='ltr'><strong>Bartholomei</strong></span> <span class='ocrx_word' id='word_1_92' title='bbox 896 1946 931 2005; x_wconf 91' lang='lat' dir='ltr'><strong>et</strong></span> <span class='ocrx_word' id='word_1_93' title='bbox 947 1939 978 2004; x_wconf 85' lang='lat' dir='ltr'><strong>S.</strong></span> <span class='ocrx_word' id='word_1_94' title='bbox 996 1936 1136 2005; x_wconf 89' lang='lat' dir='ltr'><strong>Martini</strong></span> <span class='ocrx_word' id='word_1_95' title='bbox 1152 1938 1391 2006; x_wconf 85' lang='lat' dir='ltr'><strong>Leodiensiurn</strong></span> <span class='ocrx_word' id='word_1_96' title='bbox 1404 1936 1543 2006; x_wconf 87' lang='lat' dir='ltr'><strong>decanis</strong></span> <span class='ocrx_word' id='word_1_97' title='bbox 1567 1958 1607 2004; x_wconf 90' lang='lat' dir='ltr'><strong>ac</strong></span> <span class='ocrx_word' id='word_1_98' title='bbox 1630 1940 1755 2024; x_wconf 85' lang='lat' dir='ltr'><strong>magis·</strong></span> 
     </span>
     <span class='ocr_line' id='line_1_13' title="bbox 403 2041 1499 2125; baseline -0.001 -15"><span class='ocrx_word' id='word_1_99' title='bbox 403 2066 443 2111; x_wconf 92' lang='lat' dir='ltr'><strong>ro</strong></span> <span class='ocrx_word' id='word_1_100' title='bbox 460 2044 596 2110; x_wconf 88' lang='lat' dir='ltr'><strong>Andree</strong></span> <span class='ocrx_word' id='word_1_101' title='bbox 611 2043 653 2109; x_wconf 94' lang='lat' dir='ltr'><strong>de</strong></span> <span class='ocrx_word' id='word_1_102' title='bbox 669 2044 770 2125; x_wconf 89' lang='lat' dir='ltr'><strong>Setia,</strong></span> <span class='ocrx_word' id='word_1_103' title='bbox 786 2043 952 2111; x_wconf 90' lang='lat' dir='ltr'><strong>canonico</strong></span> <span class='ocrx_word' id='word_1_104' title='bbox 968 2041 1256 2110; x_wconf 85' lang='lat' dir='ltr'><strong>Ferentinatensis</strong></span> <span class='ocrx_word' id='word_1_105' title='bbox 1271 2042 1499 2110; x_wconf 88' lang='lat' dir='ltr'><strong>ecclesiarum.</strong></span> 
     </span>
    </p>
   </div>
   <div class='ocr_carea' id='block_1_3' title="bbox 423 2180 1073 2243">
    <p class='ocr_par' dir='ltr' id='par_1_7' title="bbox 423 2180 1073 2243">
     <span class='ocr_line' id='line_1_14' title="bbox 423 2180 1073 2243; baseline 0.005 -14"><span class='ocrx_word' id='word_1_106' title='bbox 423 2183 489 2243; x_wconf 73' lang='lat' dir='ltr'><strong>neg.</strong></span> <span class='ocrx_word' id='word_1_107' title='bbox 505 2185 552 2231; x_wconf 73' lang='lat' dir='ltr'><strong>nv.</strong></span> <span class='ocrx_word' id='word_1_108' title='bbox 569 2184 608 2241; x_wconf 78' lang='lat' dir='ltr'><strong>rs,</strong></span> <span class='ocrx_word' id='word_1_109' title='bbox 618 2181 637 2231; x_wconf 91' lang='lat' dir='ltr'><strong>r.</strong></span> <span class='ocrx_word' id='word_1_110' title='bbox 650 2183 697 2229; x_wconf 67' lang='lat' dir='ltr'><strong>aaa</strong></span> <span class='ocrx_word' id='word_1_111' title='bbox 709 2197 715 2239; x_wconf 86' lang='lat'>;</span> <span class='ocrx_word' id='word_1_112' title='bbox 729 2180 788 2232; x_wconf 70' lang='lat' dir='ltr'><strong>vat.</strong></span> <span class='ocrx_word' id='word_1_113' title='bbox 803 2183 843 2241; x_wconf 78' lang='lat'><strong>72,</strong></span> <span class='ocrx_word' id='word_1_114' title='bbox 854 2181 872 2231; x_wconf 83' lang='lat' dir='ltr'><strong>f.</strong></span> <span class='ocrx_word' id='word_1_115' title='bbox 888 2181 944 2242; x_wconf 79' lang='lat' dir='ltr'><strong>soa,</strong></span> <span class='ocrx_word' id='word_1_116' title='bbox 958 2194 984 2230; x_wconf 70' lang='lat' dir='ltr'><strong>n</strong></span> <span class='ocrx_word' id='word_1_117' title='bbox 1002 2182 1073 2232; x_wconf 75' lang='lat' dir='ltr'><strong>rosc.</strong></span> 
     </span>
    </p>
   </div>
   <div class='ocr_carea' id='block_1_4' title="bbox 403 2334 1763 3355">
    <p class='ocr_par' dir='ltr' id='par_1_8' title="bbox 432 2334 1714 2432">
     <span class='ocr_line' id='line_1_15' title="bbox 432 2334 1714 2432; baseline -0.003 -13"><span class='ocrx_word' id='word_1_118' title='bbox 432 2334 559 2420; x_wconf 86' lang='grc'>989.</span> <span class='ocrx_word' id='word_1_119' title='bbox 1430 2367 1523 2430; x_wconf 81' lang='lat'><em>1321.</em></span> <span class='ocrx_word' id='word_1_120' title='bbox 1543 2368 1584 2432; x_wconf 77' lang='lat'><strong>13</strong></span> <span class='ocrx_word' id='word_1_121' title='bbox 1591 2347 1714 2431; x_wconf 85' lang='lat' dir='ltr'><strong>juillet.</strong></span> 
     </span>
    </p>

    <p class='ocr_par' dir='ltr' id='par_1_9' title="bbox 403 2450 1762 2959">
     <span class='ocr_line' id='line_1_16' title="bbox 435 2450 1759 2539; baseline -0.004 -18"><span class='ocrx_word' id='word_1_122' title='bbox 435 2454 621 2521; x_wconf 89' lang='lat' dir='ltr'><strong>Guillelmo</strong></span> <span class='ocrx_word' id='word_1_123' title='bbox 636 2452 780 2539; x_wconf 91' lang='lat' dir='ltr'><strong>Boquini</strong></span> <span class='ocrx_word' id='word_1_124' title='bbox 807 2453 849 2521; x_wconf 91' lang='lat' dir='ltr'><strong>de</strong></span> <span class='ocrx_word' id='word_1_125' title='bbox 866 2452 1025 2521; x_wconf 89' lang='lat' dir='ltr'><strong>Lorriaco</strong></span> <span class='ocrx_word' id='word_1_126' title='bbox 1047 2454 1218 2522; x_wconf 86' lang='lat' dir='ltr'><strong>confertur</strong></span> <span class='ocrx_word' id='word_1_127' title='bbox 1243 2454 1462 2522; x_wconf 89' lang='lat' dir='ltr'><strong>canonicatus</strong></span> <span class='ocrx_word' id='word_1_128' title='bbox 1485 2453 1626 2518; x_wconf 89' lang='lat' dir='ltr'><strong>ecclesie</strong></span> <span class='ocrx_word' id='word_1_129' title='bbox 1652 2450 1759 2518; x_wconf 90' lang='lat' dir='ltr'><strong>Mori·</strong></span> 
     </span>
     <span class='ocr_line' id='line_1_17' title="bbox 403 2555 1758 2645; baseline -0.007 -16"><span class='ocrx_word' id='word_1_130' title='bbox 403 2560 577 2629; x_wconf 82' lang='lat' dir='ltr'><strong>rensissub</strong></span> <span class='ocrx_word' id='word_1_131' title='bbox 593 2557 830 2645; x_wconf 84' lang='lat' dir='ltr'><strong>expectatione</strong></span> <span class='ocrx_word' id='word_1_132' title='bbox 841 2557 1022 2645; x_wconf 88' lang='lat' dir='ltr'><strong>prebende,</strong></span> <span class='ocrx_word' id='word_1_133' title='bbox 1034 2578 1103 2624; x_wconf 93' lang='lat' dir='ltr'><strong>non</strong></span> <span class='ocrx_word' id='word_1_134' title='bbox 1114 2562 1270 2626; x_wconf 91' lang='lat' dir='ltr'><strong>obstante</strong></span> <span class='ocrx_word' id='word_1_135' title='bbox 1286 2557 1378 2645; x_wconf 92' lang='lat' dir='ltr'><strong>quod</strong></span> <span class='ocrx_word' id='word_1_136' title='bbox 1387 2558 1421 2624; x_wconf 89' lang='lat' dir='ltr'><strong>in</strong></span> <span class='ocrx_word' id='word_1_137' title='bbox 1434 2555 1577 2623; x_wconf 89' lang='lat' dir='ltr'><strong>ecclesia</strong></span> <span class='ocrx_word' id='word_1_138' title='bbox 1591 2556 1623 2621; x_wconf 89' lang='lat' dir='ltr'><strong>S.</strong></span> <span class='ocrx_word' id='word_1_139' title='bbox 1635 2555 1758 2620; x_wconf 79' lang='lat' dir='ltr'><strong>Aniani</strong></span> 
     </span>
     <span class='ocr_line' id='line_1_18' title="bbox 403 2661 1762 2750; baseline -0.004 -20"><span class='ocrx_word' id='word_1_140' title='bbox 403 2662 647 2730; x_wconf 75' lang='lat' dir='ltr'><strong>lurelianensis</strong></span> <span class='ocrx_word' id='word_1_141' title='bbox 670 2662 705 2727; x_wconf 89' lang='lat' dir='ltr'><strong>in</strong></span> <span class='ocrx_word' id='word_1_142' title='bbox 735 2662 934 2728; x_wconf 90' lang='lat' dir='ltr'><strong>canonicum</strong></span> <span class='ocrx_word' id='word_1_143' title='bbox 964 2664 1025 2729; x_wconf 92' lang='lat' dir='ltr'><strong>sub</strong></span> <span class='ocrx_word' id='word_1_144' title='bbox 1055 2664 1292 2750; x_wconf 89' lang='lat' dir='ltr'><strong>expectatione</strong></span> <span class='ocrx_word' id='word_1_145' title='bbox 1321 2661 1491 2749; x_wconf 88' lang='lat' dir='ltr'><strong>prebende</strong></span> <span class='ocrx_word' id='word_1_146' title='bbox 1524 2668 1576 2727; x_wconf 92' lang='lat' dir='ltr'><strong>est</strong></span> <span class='ocrx_word' id='word_1_147' title='bbox 1605 2667 1762 2746; x_wconf 89' lang='lat' dir='ltr'><strong>receptus</strong></span> 
     </span>
     <span class='ocr_line' id='line_1_19' title="bbox 403 2763 1762 2855; baseline -0.005 -19"><span class='ocrx_word' id='word_1_148' title='bbox 403 2790 433 2836; x_wconf 73' lang='lat' dir='ltr'><strong>tc</strong></span> <span class='ocrx_word' id='word_1_149' title='bbox 458 2766 663 2835; x_wconf 85' lang='lat' dir='ltr'><strong>beneficium</strong></span> <span class='ocrx_word' id='word_1_150' title='bbox 692 2765 735 2833; x_wconf 90' lang='lat' dir='ltr'><strong>ad</strong></span> <span class='ocrx_word' id='word_1_151' title='bbox 764 2765 983 2832; x_wconf 90' lang='lat' dir='ltr'><strong>collationem</strong></span> <span class='ocrx_word' id='word_1_152' title='bbox 1012 2767 1253 2855; x_wconf 87' lang='lat' dir='ltr'><strong>archiepiscopi</strong></span> <span class='ocrx_word' id='word_1_153' title='bbox 1281 2766 1565 2852; x_wconf 86' lang='lat' dir='ltr'><strong>Rothomagensis</strong></span> <span class='ocrx_word' id='word_1_154' title='bbox 1588 2763 1762 2851; x_wconf 89' lang='lat' dir='ltr'><strong>pertinens</strong></span> 
     </span>
     <span class='ocr_line' id='line_1_20' title="bbox 403 2878 566 2959; baseline -0.006 -22"><span class='ocrx_word' id='word_1_155' title='bbox 403 2878 566 2959; x_wconf 67' lang='lat' dir='ltr'><strong>expectat.</strong></span> 
     </span>
    </p>

    <p class='ocr_par' dir='ltr' id='par_1_10' title="bbox 441 2973 797 3041">
     <span class='ocr_line' id='line_1_21' title="bbox 441 2973 797 3041; baseline -0.017 0"><span class='ocrx_word' id='word_1_156' title='bbox 441 2973 683 3041; x_wconf 88' lang='lat' dir='ltr'><strong>Laudabilibus</strong></span> <span class='ocrx_word' id='word_1_157' title='bbox 698 2980 797 3038; x_wconf 90' lang='lat' dir='ltr'><strong>tue...</strong></span> 
     </span>
    </p>

    <p class='ocr_par' dir='ltr' id='par_1_11' title="bbox 441 3074 971 3161">
     <span class='ocr_line' id='line_1_22' title="bbox 441 3074 971 3161; baseline -0.011 -16"><span class='ocrx_word' id='word_1_158' title='bbox 441 3080 524 3145; x_wconf 88' lang='lat' dir='ltr'><strong>Dat.</strong></span> <span class='ocrx_word' id='word_1_159' title='bbox 540 3077 640 3142; x_wconf 80' lang='lat' dir='ltr'><strong>Avin.</strong></span> <span class='ocrx_word' id='word_1_160' title='bbox 658 3097 676 3161; x_wconf 82' lang='lat'><strong>3</strong></span> <span class='ocrx_word' id='word_1_161' title='bbox 693 3076 736 3142; x_wconf 92' lang='lat' dir='ltr'><strong>id.</strong></span> <span class='ocrx_word' id='word_1_162' title='bbox 749 3074 822 3160; x_wconf 87' lang='lat' dir='ltr'><strong>julii</strong></span> <span class='ocrx_word' id='word_1_163' title='bbox 840 3093 931 3140; x_wconf 92' lang='lat' dir='ltr'><strong>anno</strong></span> <span class='ocrx_word' id='word_1_164' title='bbox 942 3092 971 3159; x_wconf 86' lang='lat'><strong>5.</strong></span> 
     </span>
    </p>

    <p class='ocr_par' dir='ltr' id='par_1_12' title="bbox 403 3176 1763 3355">
     <span class='ocr_line' id='line_1_23' title="bbox 440 3176 1763 3265; baseline -0.002 -17"><span class='ocrx_word' id='word_1_165' title='bbox 440 3181 483 3248; x_wconf 94' lang='lat' dir='ltr'><strong>In</strong></span> <span class='ocrx_word' id='word_1_166' title='bbox 509 3203 539 3248; x_wconf 89' lang='lat' dir='ltr'><strong>e.</strong></span> <span class='ocrx_word' id='word_1_167' title='bbox 554 3202 600 3247; x_wconf 92' lang='lat' dir='ltr'><strong>m.</strong></span> <span class='ocrx_word' id='word_1_168' title='bbox 626 3178 877 3265; x_wconf 91' lang='lat' dir='ltr'><strong>archiepiscopo</strong></span> <span class='ocrx_word' id='word_1_169' title='bbox 893 3176 1091 3245; x_wconf 79' lang='lat' dir='ltr'><strong>Bittuicensi</strong></span> <span class='ocrx_word' id='word_1_170' title='bbox 1108 3198 1149 3244; x_wconf 93' lang='lat' dir='ltr'><strong>ac</strong></span> <span class='ocrx_word' id='word_1_171' title='bbox 1163 3178 1324 3264; x_wconf 90' lang='lat' dir='ltr'><strong>episcopo</strong></span> <span class='ocrx_word' id='word_1_172' title='bbox 1340 3177 1562 3245; x_wconf 85' lang='lat' dir='ltr'><strong>Noviomensi</strong></span> <span class='ocrx_word' id='word_1_173' title='bbox 1578 3200 1618 3247; x_wconf 90' lang='lat' dir='ltr'><strong>ac</strong></span> <span class='ocrx_word' id='word_1_174' title='bbox 1633 3180 1763 3246; x_wconf 90' lang='lat' dir='ltr'><strong>decano</strong></span> 
     </span>
     <span class='ocr_line' id='line_1_24' title="bbox 403 3283 879 3355; baseline -0.002 0"><span class='ocrx_word' id='word_1_175' title='bbox 403 3285 543 3355; x_wconf 63' lang='lat' dir='ltr'><strong>ecclesie</strong></span> <span class='ocrx_word' id='word_1_176' title='bbox 560 3283 764 3351; x_wconf 91' lang='lat' dir='ltr'><strong>Parisiensis.</strong></span> <span class='ocrx_word' id='word_1_177' title='bbox 877 3352 879 3354; x_wconf 76' lang='grc'><strong>,</strong></span> 
     </span>
    </p>
   </div>
   <div class='ocr_carea' id='block_1_5' title="bbox 428 3410 1083 3478">
    <p class='ocr_par' dir='ltr' id='par_1_13' title="bbox 428 3410 1083 3478">
     <span class='ocr_line' id='line_1_25' title="bbox 428 3410 1083 3478; baseline -0.009 -14"><span class='ocrx_word' id='word_1_178' title='bbox 428 3418 494 3478; x_wconf 80' lang='lat' dir='ltr'><strong>Reg.</strong></span> <span class='ocrx_word' id='word_1_179' title='bbox 509 3418 557 3465; x_wconf 80' lang='lat' dir='ltr'><strong>Ar.</strong></span> <span class='ocrx_word' id='word_1_180' title='bbox 572 3418 610 3475; x_wconf 83' lang='lat'><strong>15,</strong></span> <span class='ocrx_word' id='word_1_181' title='bbox 624 3414 643 3463; x_wconf 88' lang='lat' dir='ltr'><strong>f.</strong></span> <span class='ocrx_word' id='word_1_182' title='bbox 658 3415 705 3462; x_wconf 71' lang='grc'><strong>420</strong></span> <span class='ocrx_word' id='word_1_183' title='bbox 718 3429 724 3471; x_wconf 88' lang='lat'>;</span> <span class='ocrx_word' id='word_1_184' title='bbox 739 3412 795 3461; x_wconf 80' lang='lat' dir='ltr'><strong>Vat.</strong></span> <span class='ocrx_word' id='word_1_185' title='bbox 812 3414 851 3471; x_wconf 89' lang='grc'><strong>72,</strong></span> <span class='ocrx_word' id='word_1_186' title='bbox 865 3411 884 3462; x_wconf 77' lang='lat' dir='ltr'><strong>f.</strong></span> <span class='ocrx_word' id='word_1_187' title='bbox 899 3411 955 3469; x_wconf 73' lang='lat'><strong>244,</strong></span> <span class='ocrx_word' id='word_1_188' title='bbox 970 3424 995 3459; x_wconf 92' lang='lat' dir='ltr'><strong>n.</strong></span> <span class='ocrx_word' id='word_1_189' title='bbox 1013 3410 1083 3459; x_wconf 79' lang='lat'>1462.</span> 
     </span>
    </p>
   </div>
   <div class='ocr_carea' id='block_1_6' title="bbox 441 3582 1765 3785">
    <p class='ocr_par' dir='ltr' id='par_1_14' title="bbox 441 3582 1765 3785">
     <span class='ocr_line' id='line_1_26' title="bbox 481 3582 1718 3672; baseline -0.008 -6"><span class='ocrx_word' id='word_1_190' title='bbox 481 3582 565 3667; x_wconf 88' lang='grc'><strong>90.</strong></span> <span class='ocrx_word' id='word_1_191' title='bbox 1432 3613 1451 3658; x_wconf 91' lang='lat' dir='ltr'><strong>r</strong></span> <span class='ocrx_word' id='word_1_192' title='bbox 1475 3613 1526 3672; x_wconf 87' lang='lat'><strong>21,</strong></span> <span class='ocrx_word' id='word_1_193' title='bbox 1544 3614 1562 3657; x_wconf 85' lang='lat' dir='ltr'><strong>r</strong></span> <span class='ocrx_word' id='word_1_194' title='bbox 1613 3591 1718 3657; x_wconf 72' lang='lat' dir='ltr'><strong>&#39;uillet</strong></span> 
     </span>
     <span class='ocr_line' id='line_1_27' title="bbox 441 3584 1765 3785; baseline -0.008 -17"><span class='ocrx_word' id='word_1_195' title='bbox 441 3584 592 3782; x_wconf 44' lang='lat' dir='ltr'><strong>{hanni</strong></span> <span class='ocrx_word' id='word_1_196' title='bbox 607 3700 650 3766; x_wconf 91' lang='lat' dir='ltr'><strong>de</strong></span> <span class='ocrx_word' id='word_1_197' title='bbox 664 3699 913 3785; x_wconf 88' lang='lat' dir='ltr'><strong>Asperomonte</strong></span> <span class='ocrx_word' id='word_1_198' title='bbox 932 3696 1102 3763; x_wconf 87' lang='lat' dir='ltr'><strong>confertur</strong></span> <span class='ocrx_word' id='word_1_199' title='bbox 1118 3698 1337 3764; x_wconf 88' lang='lat' dir='ltr'><strong>canonicatus</strong></span> <span class='ocrx_word' id='word_1_200' title='bbox 1357 3612 1499 3764; x_wconf 55' lang='lat' dir='ltr'><strong>eccledie</strong></span> <span class='ocrx_word' id='word_1_201' title='bbox 1515 3612 1765 3763; x_wconf 55' lang='lat' dir='ltr'><strong>Cadndracensis</strong></span> 
     </span>
    </p>
   </div>
   <div class='ocr_carea' id='block_1_7' title="bbox 403 3800 1770 4408">
    <p class='ocr_par' dir='ltr' id='par_1_15' title="bbox 403 3800 1762 3994">
     <span class='ocr_line' id='line_1_28' title="bbox 403 3800 1762 3894; baseline -0.008 -18"><span class='ocrx_word' id='word_1_202' title='bbox 403 3812 463 3877; x_wconf 80' lang='lat' dir='ltr'><strong>sub</strong></span> <span class='ocrx_word' id='word_1_203' title='bbox 487 3804 724 3894; x_wconf 87' lang='lat' dir='ltr'><strong>expectatione</strong></span> <span class='ocrx_word' id='word_1_204' title='bbox 747 3802 927 3889; x_wconf 90' lang='lat' dir='ltr'><strong>prebende,</strong></span> <span class='ocrx_word' id='word_1_205' title='bbox 951 3823 1020 3867; x_wconf 95' lang='lat' dir='ltr'><strong>non</strong></span> <span class='ocrx_word' id='word_1_206' title='bbox 1047 3803 1204 3868; x_wconf 87' lang='lat' dir='ltr'><strong>obstante</strong></span> <span class='ocrx_word' id='word_1_207' title='bbox 1224 3803 1315 3889; x_wconf 92' lang='lat' dir='ltr'><strong>quod</strong></span> <span class='ocrx_word' id='word_1_208' title='bbox 1337 3803 1371 3868; x_wconf 92' lang='lat' dir='ltr'><strong>in</strong></span> <span class='ocrx_word' id='word_1_209' title='bbox 1398 3801 1540 3869; x_wconf 91' lang='lat' dir='ltr'><strong>ecclesia</strong></span> <span class='ocrx_word' id='word_1_210' title='bbox 1563 3800 1762 3867; x_wconf 91' lang='lat' dir='ltr'><strong>Virdunensi</strong></span> 
     </span>
     <span class='ocr_line' id='line_1_29' title="bbox 403 3905 1077 3994; baseline -0.012 -13"><span class='ocrx_word' id='word_1_211' title='bbox 403 3912 644 3982; x_wconf 89' lang='lat' dir='ltr'><strong>canonicatum</strong></span> <span class='ocrx_word' id='word_1_212' title='bbox 659 3916 694 3974; x_wconf 90' lang='lat' dir='ltr'><strong>et</strong></span> <span class='ocrx_word' id='word_1_213' title='bbox 709 3906 916 3994; x_wconf 90' lang='lat' dir='ltr'><strong>prebendam</strong></span> <span class='ocrx_word' id='word_1_214' title='bbox 932 3905 1077 3973; x_wconf 89' lang='lat' dir='ltr'><strong>obtinet.</strong></span> 
     </span>
    </p>

    <p class='ocr_par' dir='ltr' id='par_1_16' title="bbox 450 4012 773 4101">
     <span class='ocr_line' id='line_1_30' title="bbox 450 4012 773 4101; baseline -0.022 -18"><span class='ocrx_word' id='word_1_215' title='bbox 450 4012 657 4101; x_wconf 88' lang='lat' dir='ltr'><strong>Multiplicia</strong></span> <span class='ocrx_word' id='word_1_216' title='bbox 672 4020 773 4078; x_wconf 88' lang='lat' dir='ltr'><strong>tue...</strong></span> 
     </span>
    </p>

    <p class='ocr_par' dir='ltr' id='par_1_17' title="bbox 450 4114 983 4201">
     <span class='ocr_line' id='line_1_31' title="bbox 450 4114 983 4201; baseline -0.013 -15"><span class='ocrx_word' id='word_1_217' title='bbox 450 4120 530 4186; x_wconf 90' lang='lat' dir='ltr'><strong>Dat.</strong></span> <span class='ocrx_word' id='word_1_218' title='bbox 546 4118 646 4183; x_wconf 87' lang='lat' dir='ltr'><strong>Avin.</strong></span> <span class='ocrx_word' id='word_1_219' title='bbox 664 4137 682 4201; x_wconf 83' lang='lat'>3</span> <span class='ocrx_word' id='word_1_220' title='bbox 699 4114 743 4182; x_wconf 87' lang='lat' dir='ltr'><strong>id.</strong></span> <span class='ocrx_word' id='word_1_221' title='bbox 756 4114 829 4201; x_wconf 89' lang='lat' dir='ltr'><strong>julii</strong></span> <span class='ocrx_word' id='word_1_222' title='bbox 846 4133 936 4180; x_wconf 91' lang='lat' dir='ltr'><strong>anno</strong></span> <span class='ocrx_word' id='word_1_223' title='bbox 954 4131 983 4197; x_wconf 88' lang='lat'><strong>5.</strong></span> 
     </span>
    </p>

    <p class='ocr_par' dir='ltr' id='par_1_18' title="bbox 405 4212 1770 4408">
     <span class='ocr_line' id='line_1_32' title="bbox 451 4212 1768 4301; baseline -0.009 -9"><span class='ocrx_word' id='word_1_224' title='bbox 451 4225 491 4292; x_wconf 95' lang='lat' dir='ltr'><strong>In</strong></span> <span class='ocrx_word' id='word_1_225' title='bbox 507 4245 537 4290; x_wconf 90' lang='lat' dir='ltr'><strong>e.</strong></span> <span class='ocrx_word' id='word_1_226' title='bbox 552 4244 598 4287; x_wconf 92' lang='lat' dir='ltr'><strong>rn.</strong></span> <span class='ocrx_word' id='word_1_227' title='bbox 614 4220 726 4287; x_wconf 91' lang='lat' dir='ltr'><strong>abbati</strong></span> <span class='ocrx_word' id='word_1_228' title='bbox 742 4218 936 4284; x_wconf 89' lang='lat' dir='ltr'><strong>monasterii</strong></span> <span class='ocrx_word' id='word_1_229' title='bbox 953 4218 984 4283; x_wconf 88' lang='lat' dir='ltr'><strong>S.</strong></span> <span class='ocrx_word' id='word_1_230' title='bbox 1001 4216 1095 4283; x_wconf 93' lang='lat' dir='ltr'><strong>Pauli</strong></span> <span class='ocrx_word' id='word_1_231' title='bbox 1113 4214 1330 4280; x_wconf 89' lang='lat' dir='ltr'><strong>Virdunensis</strong></span> <span class='ocrx_word' id='word_1_232' title='bbox 1345 4220 1380 4279; x_wconf 88' lang='lat' dir='ltr'><strong>et</strong></span> <span class='ocrx_word' id='word_1_233' title='bbox 1395 4214 1524 4280; x_wconf 91' lang='lat' dir='ltr'><strong>decano</strong></span> <span class='ocrx_word' id='word_1_234' title='bbox 1540 4213 1571 4278; x_wconf 85' lang='lat' dir='ltr'><strong>S.</strong></span> <span class='ocrx_word' id='word_1_235' title='bbox 1589 4212 1768 4301; x_wconf 88' lang='lat' dir='ltr'><strong>Gangerici</strong></span> 
     </span>
     <span class='ocr_line' id='line_1_33' title="bbox 405 4315 1770 4408; baseline -0.007 -13"><span class='ocrx_word' id='word_1_236' title='bbox 405 4326 659 4395; x_wconf 88' lang='lat' dir='ltr'><strong>Cameracensis</strong></span> <span class='ocrx_word' id='word_1_237' title='bbox 673 4345 714 4391; x_wconf 90' lang='lat' dir='ltr'><strong>ac</strong></span> <span class='ocrx_word' id='word_1_238' title='bbox 728 4322 887 4408; x_wconf 87' lang='lat' dir='ltr'><strong>magistro</strong></span> <span class='ocrx_word' id='word_1_239' title='bbox 901 4321 1051 4387; x_wconf 76' lang='lat' dir='ltr'><strong>Amldo</strong></span> <span class='ocrx_word' id='word_1_240' title='bbox 1075 4319 1187 4404; x_wconf 85' lang='lat' dir='ltr'><strong>Regis,</strong></span> <span class='ocrx_word' id='word_1_241' title='bbox 1214 4318 1377 4384; x_wconf 90' lang='lat' dir='ltr'><strong>canonico</strong></span> <span class='ocrx_word' id='word_1_242' title='bbox 1403 4315 1588 4384; x_wconf 88' lang='lat' dir='ltr'><strong>Meldensis</strong></span> <span class='ocrx_word' id='word_1_243' title='bbox 1615 4319 1770 4386; x_wconf 88' lang='lat' dir='ltr'><strong>ecclesia-</strong></span> 
     </span>
    </p>
   </div>
   <div class='ocr_carea' id='block_1_8' title="bbox 405 4428 1113 4624">
    <p class='ocr_par' dir='ltr' id='par_1_19' title="bbox 405 4428 1113 4624">
     <span class='ocr_line' id='line_1_34' title="bbox 405 4428 799 4518; baseline -0.015 -18"><span class='ocrx_word' id='word_1_244' title='bbox 405 4455 491 4515; x_wconf 91' lang='lat' dir='ltr'><strong>rum,</strong></span> <span class='ocrx_word' id='word_1_245' title='bbox 507 4450 596 4518; x_wconf 90' lang='lat' dir='ltr'><strong>pape</strong></span> <span class='ocrx_word' id='word_1_246' title='bbox 611 4428 799 4516; x_wconf 86' lang='lat' dir='ltr'><strong>capellano.</strong></span> 
     </span>
     <span class='ocr_line' id='line_1_35' title="bbox 441 4552 1113 4624; baseline -0.01 -14"><span class='ocrx_word' id='word_1_247' title='bbox 441 4562 503 4624; x_wconf 82' lang='lat' dir='ltr'><strong>Beg.</strong></span> <span class='ocrx_word' id='word_1_248' title='bbox 517 4562 566 4610; x_wconf 78' lang='lat' dir='ltr'><strong>Ar.</strong></span> <span class='ocrx_word' id='word_1_249' title='bbox 583 4562 622 4620; x_wconf 83' lang='lat'><strong>15,</strong></span> <span class='ocrx_word' id='word_1_250' title='bbox 637 4558 655 4609; x_wconf 82' lang='lat' dir='ltr'><strong>f.</strong></span> <span class='ocrx_word' id='word_1_251' title='bbox 670 4556 730 4607; x_wconf 72' lang='lat'><strong>338*</strong></span> <span class='ocrx_word' id='word_1_252' title='bbox 743 4572 749 4614; x_wconf 90' lang='lat'><strong>;</strong></span> <span class='ocrx_word' id='word_1_253' title='bbox 761 4556 822 4608; x_wconf 84' lang='lat' dir='ltr'><strong>Vat.</strong></span> <span class='ocrx_word' id='word_1_254' title='bbox 838 4558 878 4616; x_wconf 88' lang='grc'><strong>72,</strong></span> <span class='ocrx_word' id='word_1_255' title='bbox 892 4555 910 4606; x_wconf 88' lang='lat' dir='ltr'><strong>l.</strong></span> <span class='ocrx_word' id='word_1_256' title='bbox 926 4555 983 4614; x_wconf 74' lang='lat'><strong>247,</strong></span> <span class='ocrx_word' id='word_1_257' title='bbox 998 4566 1024 4603; x_wconf 90' lang='lat' dir='ltr'><strong>n.</strong></span> <span class='ocrx_word' id='word_1_258' title='bbox 1041 4552 1113 4603; x_wconf 77' lang='lat'><strong>1475.</strong></span> 
     </span>
    </p>
   </div>
   <div class='ocr_carea' id='block_1_9' title="bbox 416 4726 1775 5136">
    <p class='ocr_par' dir='ltr' id='par_1_20' title="bbox 416 4726 1775 5136">
     <span class='ocr_line' id='line_1_36' title="bbox 525 4726 1728 4806; baseline -0.007 -1"><span class='ocrx_word' id='word_1_259' title='bbox 525 4726 564 4805; x_wconf 90' lang='lat' dir='ltr'><strong>l.</strong></span> <span class='ocrx_word' id='word_1_260' title='bbox 1446 4751 1463 4794; x_wconf 95' lang='lat'><em>1</em></span> <span class='ocrx_word' id='word_1_261' title='bbox 1488 4749 1576 4806; x_wconf 86' lang='lat'><strong>21,1</strong></span> <span class='ocrx_word' id='word_1_262' title='bbox 1623 4727 1728 4796; x_wconf 72' lang='lat' dir='ltr'><strong>&#39;uellet</strong></span> 
     </span>
     <span class='ocr_line' id='line_1_37' title="bbox 452 4726 1772 4925; baseline -0.011 -12"><span class='ocrx_word' id='word_1_263' title='bbox 452 4726 600 4925; x_wconf 51' lang='lat' dir='ltr'><strong>J902anni</strong></span> <span class='ocrx_word' id='word_1_264' title='bbox 616 4842 659 4908; x_wconf 92' lang='lat' dir='ltr'><strong>de</strong></span> <span class='ocrx_word' id='word_1_265' title='bbox 676 4840 865 4907; x_wconf 88' lang='lat' dir='ltr'><strong>Cathalano</strong></span> <span class='ocrx_word' id='word_1_266' title='bbox 892 4838 1061 4905; x_wconf 87' lang='lat' dir='ltr'><strong>confertur</strong></span> <span class='ocrx_word' id='word_1_267' title='bbox 1083 4836 1301 4904; x_wconf 88' lang='lat' dir='ltr'><strong>canonicatus</strong></span> <span class='ocrx_word' id='word_1_268' title='bbox 1321 4749 1772 4901; x_wconf 52' lang='lat' dir='ltr'><strong>ecclesiejCathdlyaunensis</strong></span> 
     </span>
     <span class='ocr_line' id='line_1_38' title="bbox 416 4935 1773 5035; baseline -0.011 -19"><span class='ocrx_word' id='word_1_269' title='bbox 416 4953 472 5016; x_wconf 85' lang='lat' dir='ltr'><strong>sub</strong></span> <span class='ocrx_word' id='word_1_270' title='bbox 487 4945 726 5035; x_wconf 86' lang='lat' dir='ltr'><strong>expectatione</strong></span> <span class='ocrx_word' id='word_1_271' title='bbox 742 4944 922 5031; x_wconf 90' lang='lat' dir='ltr'><strong>prebende,</strong></span> <span class='ocrx_word' id='word_1_272' title='bbox 938 4963 1007 5008; x_wconf 92' lang='lat' dir='ltr'><strong>non</strong></span> <span class='ocrx_word' id='word_1_273' title='bbox 1024 4944 1182 5008; x_wconf 89' lang='lat' dir='ltr'><strong>obstante</strong></span> <span class='ocrx_word' id='word_1_274' title='bbox 1197 4939 1289 5025; x_wconf 92' lang='lat' dir='ltr'><strong>quod</strong></span> <span class='ocrx_word' id='word_1_275' title='bbox 1304 4939 1338 5004; x_wconf 91' lang='lat' dir='ltr'><strong>in</strong></span> <span class='ocrx_word' id='word_1_276' title='bbox 1354 4937 1558 5005; x_wconf 88' lang='lat' dir='ltr'><strong>Tornacensi</strong></span> <span class='ocrx_word' id='word_1_277' title='bbox 1582 4945 1617 5003; x_wconf 90' lang='lat' dir='ltr'><strong>et</strong></span> <span class='ocrx_word' id='word_1_278' title='bbox 1633 4938 1665 5003; x_wconf 85' lang='lat' dir='ltr'><strong>S.</strong></span> <span class='ocrx_word' id='word_1_279' title='bbox 1683 4935 1773 5004; x_wconf 90' lang='lat' dir='ltr'><strong>Mar-</strong></span> 
     </span>
     <span class='ocr_line' id='line_1_39' title="bbox 419 5040 1775 5136; baseline -0.01 -18"><span class='ocrx_word' id='word_1_280' title='bbox 419 5054 474 5119; x_wconf 89' lang='lat' dir='ltr'><strong>tini</strong></span> <span class='ocrx_word' id='word_1_281' title='bbox 489 5053 531 5120; x_wconf 91' lang='lat' dir='ltr'><strong>de</strong></span> <span class='ocrx_word' id='word_1_282' title='bbox 548 5049 732 5136; x_wconf 89' lang='lat' dir='ltr'><strong>Campellis</strong></span> <span class='ocrx_word' id='word_1_283' title='bbox 754 5048 788 5112; x_wconf 93' lang='lat' dir='ltr'><strong>in</strong></span> <span class='ocrx_word' id='word_1_284' title='bbox 805 5046 892 5128; x_wconf 92' lang='lat' dir='ltr'><strong>Bria,</strong></span> <span class='ocrx_word' id='word_1_285' title='bbox 920 5046 1113 5112; x_wconf 90' lang='lat' dir='ltr'><strong>Parisiensis</strong></span> <span class='ocrx_word' id='word_1_286' title='bbox 1139 5043 1292 5126; x_wconf 78' lang='lat' dir='ltr'><strong>diocesis,</strong></span> <span class='ocrx_word' id='word_1_287' title='bbox 1322 5041 1472 5110; x_wconf 88' lang='lat' dir='ltr'><strong>ecclesiis</strong></span> <span class='ocrx_word' id='word_1_288' title='bbox 1498 5040 1717 5107; x_wconf 90' lang='lat' dir='ltr'><strong>canonicatus</strong></span> <span class='ocrx_word' id='word_1_289' title='bbox 1740 5050 1775 5106; x_wconf 89' lang='lat' dir='ltr'><strong>et</strong></span> 
     </span>
    </p>
   </div>
   <div class='ocr_carea' id='block_1_10' title="bbox 423 5153 759 5240">
    <p class='ocr_par' dir='ltr' id='par_1_21' title="bbox 423 5153 759 5240">
     <span class='ocr_line' id='line_1_40' title="bbox 423 5153 759 5240; baseline -0.018 -18"><span class='ocrx_word' id='word_1_290' title='bbox 423 5157 601 5240; x_wconf 88' lang='lat' dir='ltr'><strong>prebendas</strong></span> <span class='ocrx_word' id='word_1_291' title='bbox 617 5153 759 5220; x_wconf 88' lang='lat' dir='ltr'><strong>obtinet.</strong></span> 
     </span>
    </p>
   </div>
   <div class='ocr_carea' id='block_1_11' title="bbox 0 0 2211 6017">
    <p class='ocr_par' dir='ltr' id='par_1_22' title="bbox 0 0 2211 6017">
     <span class='ocr_line' id='line_1_41' title="bbox 0 0 2211 6017; baseline 0 0"><span class='ocrx_word' id='word_1_292' title='bbox 0 0 2211 6017; x_wconf 95' lang='lat' dir='ltr'><strong> </strong></span> 
     </span>
    </p>
   </div>
  </div>
 </body>
</html>
