4409 6017
944 726 1100 794 Nannieno
1122 727 1223 794 annes.
1712 730 1772 795 569

403 896 449 945 ac
464 878 566 965 priori
595 878 626 944 S.
642 878 778 944 Andree
805 878 901 963 juxta
926 877 1044 943 Ariam
1070 876 1362 959 monasteriorum,
1389 875 1595 944 Morinensis
1620 877 1773 944 diocesis.

440 1014 505 1077 Bag.
517 1016 565 1065 Ar.
577 1018 615 1076 22,
627 1015 646 1064 1.
658 1017 705 1063 562
718 1030 724 1073 ;
736 1015 796 1064 Vat.
808 1016 847 1074 78,
860 1015 879 1064 1.
891 1016 957 1076 402¹,
969 1030 996 1064 n.
1014 1015 1086 1064 1194.

453 1235 599 1319 1546.
1502 1266 1598 1331 1525,
1614 1268 1635 1313 2
1652 1248 1729 1313 mai.

451 1361 635 1428 Guillelmo
658 1360 700 1426 de
716 1360 860 1446 Vichye,
880 1368 963 1426 nato
978 1360 1101 1427 nobilis
1117 1360 1178 1425 viri
1195 1360 1366 1426 Guillelmi
1382 1360 1425 1428 de
1448 1360 1589 1446 Vichye,
1604 1359 1774 1427 confertur

404 1464 627 1532 canonicatus
642 1465 785 1531 ecclesie
802 1463 1057 1530 Cameracensis
1072 1466 1134 1531 sub
1150 1464 1390 1551 expectatione
1405 1464 1586 1552 prebende.

450 1568 546 1634 Sedis
561 1568 789 1655 apostolice...

449 1672 531 1738 Dat.
546 1672 648 1737 Avin.
667 1676 781 1737 onon.
798 1670 876 1737 maii
892 1690 984 1736 anno
1001 1692 1030 1752 9.

450 1774 493 1840 In
509 1796 539 1842 e.
560 1797 605 1842 m.
621 1775 734 1841 abbati
752 1775 783 1841 S.
801 1774 924 1842 Felicis
950 1783 985 1841 et
1011 1775 1148 1842 sacriste
1173 1776 1352 1842 Valentine
1377 1796 1417 1843 ac
1438 1775 1586 1855 Johanni
1601 1776 1644 1842 de
1660 1773 1773 1855 Molis,

403 1880 575 1946 canonico
591 1878 815 1946 Tomacensis
831 1878 1059 1946 ecclesiarum.

439 2018 501 2079 Bag.
519 2019 617 2077 211123,
630 2017 648 2066 f.
661 2019 721 2066 303*
732 2033 738 2074 ;
751 2017 811 2069 vat.
826 2019 864 2077 79,
877 2018 895 2067 f.
908 2020 976 2078 239',
990 2033 1016 2067 n.
1030 2020 1100 2067 1908.

452 2221 597 2306 1547.
1494 2239 1726 2321 1325521111.

450 2350 716 2436 Archiepiscopo
733 2348 966 2415 Ebredunensi
990 2370 1029 2416 ac
1044 2348 1159 2416 abbati
1186 2352 1381 2417 monasterii
1397 2351 1429 2417 S.
1447 2350 1540 2417 Pauli
1557 2350 1774 2416 Virdunensis

403 2462 442 2520 et
459 2452 589 2519 decano
605 2453 745 2519 ecclesie
762 2452 801 2519 B.
818 2451 926 2519 Marie
949 2452 1159 2535 Yvodiensis,
1182 2453 1397 2521 Treverensis
1422 2453 1575 2536 diocesis,
1598 2453 1775 2519 mandatur

403 2565 574 2643 quatenus
590 2556 766 2623 conferant
781 2556 801 2634 J
805 2556 930 2623 ohanni
954 2555 1088 2630 Nicolai
1112 2558 1154 2625 de
1177 2557 1312 2626 Yvodio
1327 2557 1561 2625 canonicatum
1584 2565 1620 2623 et
1634 2559 1774 2643 preben-

403 2661 487 2728 dam
502 2660 643 2726 ecclesie
659 2659 876 2726 Virdunensis
892 2681 976 2745 quos
992 2659 1164 2745 quondam
1187 2661 1361 2728 Deodatus
1377 2661 1467 2728 Petri
1483 2660 1517 2727 in
1534 2660 1652 2726 eadem
1668 2661 1774 2726 eccle-

403 2764 458 2831 sia
481 2763 666 2844 obtinebat,
690 2764 745 2848 qui
770 2761 945 2830 Deodatus
960 2763 994 2829 in
1022 2764 1160 2831 civitate
1188 2765 1397 2832 Ruthenensi
1420 2764 1598 2833 defunctus
1621 2772 1684 2845 est,
1704 2785 1773 2829 non

403 2869 565 2935 obstante
581 2865 672 2951 quod
683 2866 792 2933 dictus
807 2866 827 2944 J
830 2867 983 2933 ohannes
1000 2867 1034 2933 in
1045 2868 1076 2934 S.
1086 2867 1107 2947 J
1111 2868 1252 2935 ohannis
1263 2878 1299 2935 et
1311 2870 1347 2936 S.
1363 2867 1593 2935 Bartholomei
1609 2866 1774 2934 Leodien-

403 2971 495 3038 sium
511 2971 664 3037 ecclesiis
686 2971 906 3038 canonicatus
930 2979 965 3037 et
989 2971 1188 3059 prebendas,
1215 2993 1255 3040 ac
1281 2972 1525 3060 parrochialem
1549 2972 1726 3038 ecclesiam
1742 2971 1773 3036 S.
1855 2961 1857 2965 ⁴

405 3074 567 3141 Medardi
579 3075 622 3141 de
638 3073 757 3159 Marci,
774 3072 1006 3142 Laudunensis
1021 3076 1174 3159 diocesis,
1185 3077 1317 3144 obtinet
1327 3086 1362 3144 et
1374 3077 1464 3163 quod
1474 3075 1632 3141 Clemens
1646 3074 1774 3162 papaV

403 3179 537 3247 dictum
559 3175 579 3256 J
582 3179 754 3244 ohannem
770 3179 804 3244 in
821 3178 860 3245 B.
877 3178 985 3245 Mane
1010 3179 1213 3266 Magdalene
1237 3181 1453 3248 Virdunensis
1468 3179 1570 3267 recipi
1588 3180 1620 3244 in
1637 3179 1774 3245 canoni-

403 3302 486 3350 cum
502 3285 562 3348 sub
578 3282 816 3369 expectatione
832 3283 1003 3369 prebende
1018 3285 1203 3365 mandavit,
1220 3306 1260 3352 ac
1275 3285 1309 3350 in
1322 3284 1354 3351 S.
1366 3283 1541 3369 Gangetici
1555 3282 1774 3351 Cameracen-

403 3388 451 3455 sis
467 3387 617 3453 ecclesiis
632 3386 721 3452 idem
736 3384 756 3465 J
759 3387 913 3454 ohannes
927 3389 988 3454 sub
1004 3389 1242 3475 expectatione
1270 3388 1440 3476 prebende
1456 3387 1490 3453 in
1507 3387 1706 3455 canonicum
1722 3396 1774 3454 est

403 3499 573 3577 receptus.

450 3593 673 3680 Suffragantia
688 3595 907 3681 probitatis...

450 3700 531 3765 Dat.
546 3698 646 3765 Avin.
664 3717 681 3784 5
699 3719 778 3765 non.
794 3698 873 3765 maii
889 3720 979 3765 anno
1002 3721 1032 3781 9.

436 3845 502 3905 Reg.
515 3846 563 3892 Ar.
575 3845 616 3904 23,
630 3844 648 3892 i.
661 3845 704 3891 w
716 3847 742 3892 et
754 3843 773 3892 t.
788 3844 835 3891 298
847 3858 852 3900 ;
865 3842 924 3892 Vat.
937 3844 975 3902 79,
988 3842 1007 3891 t.
1020 3844 1071 3903 42',
1083 3857 1109 3892 n.
1122 3844 1192 3892 1332.

453 4045 596 4129 1548.
1502 4081 1597 4143 1325,
1613 4081 1635 4145 ,1
1651 4063 1729 4128 mai.

449 4162 468 4240 J
473 4163 598 4228 ohanni
623 4163 666 4229 de
690 4163 882 4230 Bruderode
910 4164 1079 4230 confertur
1102 4163 1321 4233 canonicatus
1350 4164 1492 4231 ecclesie
1516 4164 1773 4245 Rothnacensis,

403 4268 659 4334 Cameracensis
683 4267 835 4348 diocesis,
861 4270 922 4335 sub
947 4269 1186 4354 expectatione
1210 4268 1390 4355 prebende,
1409 4289 1478 4334 non
1505 4269 1661 4334 obstante
1684 4268 1774 4353 quod

403 4370 576 4457 quandam
602 4371 826 4458 capellaniam
850 4371 884 4436 in
912 4372 1030 4438 eadem
1047 4372 1189 4439 ecclesia
1206 4371 1349 4453 obtinet,
1367 4392 1468 4458 quam
1483 4372 1654 4439 dimittere
1676 4380 1772 4438 tene·

403 4475 506 4540 bitur.

449 4577 502 4642 Ex
518 4586 575 4644 tue
590 4579 824 4646 devotionis...

450 4682 529 4747 Dat.
544 4682 644 4750 Avin.
662 4706 681 4768 4
698 4704 778 4750 non.
796 4685 874 4750 maii
891 4707 981 4752 anno
998 4708 1027 4768 9.

450 4785 490 4850 ln
507 4806 536 4851 e.
552 4807 597 4851 m.
614 4789 727 4853 abbati
744 4791 937 4856 monasterii
957 4790 1158 4875 Eyamensis
1173 4801 1209 4855 et
1231 4791 1362 4857 decano
1378 4788 1416 4855 B.
1435 4787 1543 4854 Marie
1558 4788 1770 4854 Anthonien·

403 4888 714 4972 sis,Cameracensis
725 4892 879 4973 diocesis,
892 4914 932 4959 ac
948 4893 1097 4971 Jordano
1112 4894 1154 4960 de
1168 4892 1613 4981 Colnmpna,archidiacono
1625 4892 1770 4959 Transli-

403 4994 534 5080 gerensi
550 4994 805 5080 Andegavensis
820 4997 1048 5064 ecclesiarum.

436 5140 500 5203 Beg.
512 5142 562 5193 Ar.
576 5142 615 5200 23,
628 5141 646 5190 f.
659 5143 703 5190 59¹¹
717 5158 724 5201 ;
742 5143 803 5195 Vat.
818 5145 857 5205 78,
869 5144 888 5193 1.
905 5145 999 5204 391,1ι.
1013 5146 1084 5197 1142.
