4409 6017
419 656 458 719 88
964 653 1110 719 Premi‘ere
1132 653 1233 717 anne‘e.

418 799 556 865 ecclesia
568 800 599 865 S.
612 799 785 882 Gangerici
802 799 1049 865 Cameracensis
1061 819 1163 862 unum
1179 798 1334 864 clericum
1346 797 1523 885 peripsum
1534 798 1781 865 nominandum

418 902 451 965 in
468 903 676 981 canonicum,
693 906 752 968 sub
769 903 1004 989 expectatione
1019 901 1189 987 prebende
1205 902 1307 967 libere
1322 912 1358 967 et
1373 923 1441 968 non
1456 903 1684 969 sacerdotalis,

462 1004 560 1071 Clara
575 1007 736 1072 merita...

462 1107 540 1174 Dat.
556 1110 655 1175 Asin.
676 1131 712 1176 12
729 1110 794 1175 kal.
811 1110 922 1196 aprilis
937 1130 1027 1174 anno
1044 1129 1070 1174 1.

451 1244 511 1305 lieu.
523 1249 571 1295 Ar.
584 1251 606 1305 ι’»,
619 1249 636 1295 l.
650 1251 697 1294 {tritt
708 1265 714 1300 ;
726 1248 783 1296 l'at.
796 1250 835 1299 65.
848 1249 866 1295 i.
881 1251 944 1305 lob,
957 1264 982 1296 n.
995 1249 1066 1295 2355.

463 1419 549 1479 282.
562 1449 605 1459 —
624 1412 741 1476 Eidem
755 1412 914 1498 episcopo
930 1410 1124 1476 conceditur
1136 1411 1276 1477 facultas
1284 1410 1422 1477 faciendi
1434 1410 1535 1497 recipi
1551 1411 1699 1497 singulas
1711 1433 1787 1498 per-

419 1536 518 1581 sonas
541 1516 573 1580 in
598 1515 802 1600 Senogiensi,
827 1515 999 1580 Haltrensi
1025 1522 1060 1579 et
1084 1513 1253 1593 Lobiensi,
1278 1535 1336 1578 sue
1366 1514 1516 1595 diocesis
1544 1524 1578 1580 et
1606 1516 1637 1581 S.
1667 1514 1787 1582 Crucis

421 1618 670 1685 Cameracensis
721 1620 904 1704 collegiatis
946 1619 1093 1685 ecclesiis
1145 1618 1177 1682 in
1215 1618 1404 1700 canonicos,
1436 1620 1497 1683 sub
1543 1620 1787 1706 expectatione

419 1724 672 1809 prebendarum.

462 1827 643 1893 Personam
659 1837 794 1893 tuam...

463 1931 540 1996 Dat.
557 1932 656 1996 Arin.
672 1951 708 1995 12
725 1930 791 1995 kal.
808 1931 919 2016 aprilis
935 1951 1024 1994 anno
1044 1950 1070 1994 1.

452 2069 512 2127 lica.
523 2072 569 2116 Ar.
583 2073 605 2128 tl,
614 2070 632 2116 f.
641 2072 672 2115 95
686 2085 691 2125 ;
704 2069 763 2115 l'at.
777 2071 815 2116 tls.
827 2069 843 2115 l.
854 2070 918 2117 lttrl'.
928 2083 952 2115 n.
962 2070 1032 2114 aaut).

463 2235 543 2295 283.
563 2272 606 2280 -
622 2233 741 2298 Eidem
755 2234 916 2319 episcopo
933 2233 1121 2317 indulgetur
1137 2240 1173 2297 ut
1189 2252 1280 2297 suam
1297 2231 1455 2298 diocesim
1472 2251 1531 2318 per
1546 2233 1693 2318 aliquam
1711 2253 1786 2319 per-

419 2357 538 2401 sonam
561 2336 715 2402 idoneam
733 2338 775 2402 ad
791 2337 962 2402 biennium
978 2337 1111 2402 visitare
1127 2337 1246 2401 valeat.

464 2439 566 2504 Grata
581 2440 782 2506 devotionis.
791 2491 814 2505 ..

464 2542 541 2609 Dat.
557 2545 656 2608 Avin.
678 2565 713 2608 12
732 2544 797 2610 kal.
815 2544 925 2630 aprilis
940 2564 1029 2609 auno
1050 2564 1074 2607 1.

464 2645 503 2710 ln
531 2669 559 2713 e.
587 2669 630 2713 m.
656 2648 859 2715 Tornacensi
888 2656 922 2713 et
947 2648 1160 2712 atrebatensi
1191 2647 1354 2733 episcopis
1377 2669 1417 2713 ac
1446 2646 1558 2713 abbati
1588 2648 1784 2713 monasterii

422 2750 453 2815 S.
469 2752 608 2816 Auberti
626 2751 884 2819 Cameracensis.

454 2887 513 2948 Rep.
527 2892 574 2937 Ar.
587 2893 609 2940 Γ).
622 2891 639 2937 i.
653 2893 710 2937 Μ’
722 2898 749 2937 ct
761 2891 778 2939 f.
792 2892 838 2938 aar
852 2906 857 2947 ς
871 2890 930 2937 l'at.
943 2893 981 2946 dal,
993 2890 1012 2937 f.
1027 2892 1079 2946 lou,
1091 2903 1117 2937 n.
1131 2890 1189 2935 2371
1205 2905 1227 2935 a.

463 3063 548 3125 284.
565 3094 608 3103 -
622 3056 739 3120 Eidem
756 3056 914 3141 episcopo
931 3055 1119 3139 indulgetur
1132 3063 1168 3119 ut
1180 3054 1336 3120 ecclesias
1352 3063 1386 3120 et
1399 3054 1560 3120 cimiteria
1571 3076 1630 3120 sue
1642 3056 1785 3124 diocesis

418 3184 479 3250 per
496 3163 640 3246 aliquem
657 3160 866 3225 sacerdotem
883 3160 1040 3224 idoneum
1057 3159 1270 3224 reconciliare
1286 3161 1406 3226 valeat.

462 3267 535 3331 Tue
551 3265 712 3329 merita...

463 3372 542 3435 Dat.
558 3368 656 3433 Avin.
678 3388 713 3431 12
731 3368 796 3433 kal.
814 3368 925 3453 aprilis
940 3387 1029 3431 anno
1050 3388 1074 3430 1.

453 3506 512 3565 lieu.
525 3508 572 3552 ⁴lv.
586 3509 607 3554 5.
621 3506 638 3552 l'.
652 3507 695 3550 tisil
712 3521 716 3553 :
732 3505 788 3553 l'at.
802 3508 840 3554 lt'r,
854 3506 871 3552 f.
886 3507 938 3555 lull,
951 3519 976 3552 n.
989 3507 1048 3551 2:371
1067 3504 1090 3551 li.

461 3671 545 3731 285.
578 3668 761 3732 —Eidem
794 3669 952 3754 episcopo
982 3668 1177 3733 conceditur
1203 3668 1340 3733 tacultas
1365 3668 1503 3734 faciendi
1528 3669 1629 3754 recipi
1660 3670 1694 3735 in
1722 3692 1783 3737 sua

418 3774 557 3838 ecclesia
581 3772 812 3836 Cameracensi
836 3771 919 3836 duos
942 3773 1078 3837 clericos
1102 3771 1134 3835 in
1159 3772 1348 3852 canonicos,
1365 3775 1425 3836 snb
1449 3773 1686 3857 expectatione
1707 3795 1782 3860 pre-

418 3876 601 3942 bendarum
619 3876 793 3939 liberarum
810 3885 844 3939 et
861 3896 927 3939 non
946 3875 1210 3940 sacerdotalium.

463 3979 656 4044 Laudabilia
673 3980 832 4044 merita...

464 4085 542 4148 Dat.
560 4083 657 4147 Asin.
681 4103 715 4146 12
733 4081 798 4147 kal.
816 4083 925 4168 aprilis
941 4103 1030 4147 anno
1050 4104 1075 4146 1.

456 4223 513 4280 lup.
528 4223 574 4268 lv.
587 4225 608 4270 .-·»,
622 4221 639 4268 r.
659 4223 699 4267 ras·
714 4236 718 4266 :
735 4221 791 4267 rm,
804 4223 841 4267 m.
856 4221 872 4266 r.
890 4223 951 4268 nn.
966 4236 989 4266 ιι.
1003 4224 1072 4266 :aaa

464 4432 578 4513 286.
1466 4469 1560 4533 1517,
1577 4472 1617 4514 22
1635 4473 1739 4516 trrars.

467 4551 635 4636 Episcopo
648 4549 879 4615 Lernoricensi
897 4559 928 4613 ct
946 4550 1116 4635 preposito
1129 4572 1167 4614 ac
1179 4550 1380 4636 Raymundo
1391 4553 1432 4617 de
1446 4551 1607 4635 Bulbona,
1618 4555 1784 4621 canonico

422 4655 561 4721 ecclesie
583 4654 830 4732 Arinionensis,
846 4653 1023 4718 rnamlatur
1046 4662 1209 4738 quatenus
1224 4654 1363 4736 Jacobo,
1381 4657 1433 4719 88.
1450 4655 1615 4732 Jolrannis
1638 4667 1672 4722 et
1689 4657 1782 4724 Pauli

422 4759 605 4844 presbitero
617 4758 784 4837 cardinali,
796 4758 967 4822 conferant
980 4757 1213 4822 canonicatum
1228 4767 1261 4822 et
1274 4760 1477 4844 prebendam
1493 4780 1532 4826 ac
1544 4762 1781 4827 thesaurariam

422 4870 581 4928 vacantes
597 4861 629 4925 in
647 4862 786 4927 ecelesia
804 4862 1032 4925 Saresbiriensi
1049 4882 1107 4946 per·
1122 4863 1406 4927 consecrationem
1427 4863 1587 4930 Ludorici
1606 4865 1648 4930 dc
1672 4864 1782 4932 Bello-

424 4974 552 5048 monte,
565 4965 662 5031 electi
681 4966 924 5043 Dunelmensis,
941 4986 1008 5028 non
1024 4969 1178 5030 obstante
1189 4967 1278 5050 quod
1349 4967 1380 5031 in
1398 4970 1536 5033 ecclesia
1549 4967 1780 5037 Cameracensi

425 5070 658 5139 canonicatum
686 5078 720 5134 et
745 5068 949 5154 prebendam
973 5090 1013 5134 ac
1039 5070 1343 5135 archidiaconatum
1366 5071 1616 5139 Bruxellensem
1640 5076 1780 5142 obtinet.
