4409 6017
890 685 1046 752 uiuutme
1067 684 1170 752 33363.
1652 686 1714 750 551

309 889 337 910 .
396 834 436 903 13
452 859 483 905 e.
499 860 545 905 m.
567 838 699 906 decano
714 838 746 903 S.
763 835 994 903 Bartholomei
1010 845 1046 902 et
1062 835 1209 902 Colardo
1220 835 1263 901 de
1277 833 1463 915 Nouviant,
1479 835 1612 919 majoris
1628 834 1714 901 Leo-

309 920 335 1038 ἲ.
350 940 487 1024 41133313,
504 962 543 1008 ac
558 940 578 1020 J
582 941 707 1007 ohanni
723 941 766 1006 de
782 940 917 1022 Pennis,
935 939 1113 1006 Remensis
1128 938 1299 1006 canonicis
1314 938 1539 1004 ecclesiarum.

382 1079 446 1141 Beg.
458 1081 507 1130 Av.
517 1082 560 1128 23.
573 1079 592 1128 f.
607 1081 635 1128 81
651 1079 730 1136 ;vat.
745 1079 785 1138 ta,
799 1077 818 1127 f.
830 1079 870 1138 47,
884 1091 910 1127 n.
924 1078 995 1126 1344.

397 1261 528 1345 1511.
1424 1291 1520 1357 1325,
1540 1295 1554 1336 1
1572 1273 1669 1337 avril.

309 1461 324 1474 η
396 1379 615 1465 Engelbert0,
631 1388 715 1446 nato
738 1378 908 1464 quondam
926 1378 1133 1464 Engelberti,
1150 1378 1284 1446 comitis
1306 1377 1348 1444 de
1374 1376 1525 1459 Marcha,
1549 1378 1715 1443 canonico

308 1562 323 1574 ·
349 1483 561 1570 prebendato
576 1484 718 1550 ecclesie
734 1483 766 1550 S.
784 1482 923 1549 Martini
940 1482 1138 1549 Leodiensis
1154 1483 1212 1568 (¹),
1228 1482 1417 1567 indulgetur
1426 1491 1463 1547 ut
1472 1503 1541 1548 non
1558 1484 1715 1547 obstante

309 1593 322 1678 J
349 1583 488 1652 defectu
503 1587 666 1652 natalium
682 1607 783 1672 quem
798 1587 934 1672 patitur,
946 1586 989 1653 de
1007 1588 1120 1653 soluto
1132 1586 1265 1672 genitus
1277 1595 1311 1651 et
1321 1586 1440 1666 soluta,
1456 1605 1555 1672 super
1570 1608 1637 1670 quo
1646 1588 1715 1671 jam

309 1681 319 1711 ²
351 1690 435 1754 olim
451 1710 528 1755 cum
543 1710 586 1756 eo
600 1690 830 1776 dispensatum
846 1690 954 1771 fuerit,
971 1690 1209 1756 canonicatum
1231 1697 1267 1754 et
1289 1687 1493 1775 prebendam
1514 1709 1554 1753 ac
1574 1690 1716 1772 dignita-

350 1802 424 1857 tem
439 1796 493 1858 vel
508 1801 724 1879 personatum
740 1815 799 1860 seu
813 1793 973 1876 officium,
997 1794 1100 1859 etiam
1123 1792 1150 1859 si
1174 1792 1295 1858 suerint
1311 1792 1345 1856 in
1361 1791 1503 1857 ecclesia
1522 1792 1716 1873 cathedrali,

352 1896 505 1981 recipere
521 1898 643 1963 valeat.

398 1997 472 2063 Tua
486 2008 522 2064 et
538 2008 706 2066 tuorum...

309 2089 314 2129 ³
398 2102 478 2168 Dat.
495 2101 595 2169 Avin.
610 2101 765 2169 kalendis
779 2105 893 2191 aprilis
908 2125 998 2170 anno
1016 2125 1046 2186 9.

388 2242 451 2303 aeg.
466 2245 514 2292 av.
526 2245 565 2302 33,
578 2243 596 2292 r.
612 2245 680 2304 333,
692 2259 718 2293 n.
733 2245 799 2292 3443
812 2260 818 2303 ;
830 2244 890 2294 vit.
905 2247 944 2304 79,
957 2246 975 2295 r.
991 2247 1049 2306 421,
1062 2261 1088 2296 n.
1103 2248 1175 2295 2420.

404 2424 536 2507 1512.
1429 2460 1524 2524 1325,
1535 2461 1560 2522 3
1577 2441 1673 2505 avril.

401 2540 503 2608 Petro
521 2541 655 2629 Riperie
670 2542 839 2609 confertur
854 2543 1072 2629 parrochialis
1087 2544 1231 2610 ecclesia
1252 2544 1295 2609 de
1319 2542 1353 2609 N
1355 2544 1528 2625 asinhan0,
1545 2545 1718 2629 Agathen-

357 2646 403 2711 sis
417 2646 571 2728 diocesis,
587 2667 711 2712 vacans
727 2669 768 2712 ex
784 2669 826 2713 eo
843 2648 934 2732 quod
946 2647 1091 2714 Poncius
1107 2646 1273 2729 Textoris,
1287 2647 1435 2733 ejusdem
1446 2649 1586 2713 ecclesie
1599 2658 1717 2731 rector,

358 2748 547 2814 custodiam
557 2751 699 2816 ecclesie
709 2750 741 2816 S.
749 2750 838 2817 Petri
856 2751 1053 2817 Leodiensis
1064 2751 1266 2817 auctoritate
1276 2750 1463 2837 apostolica
1475 2751 1535 2816 sibi
1549 2754 1718 2842 collatam,

359 2873 424 2937 que
439 2852 585 2938 dignitas
600 2853 724 2935 existit,
740 2864 911 2920 assecutus
926 2861 988 2935 est,
1004 2874 1072 2919 non
1090 2856 1248 2920 obstante
1264 2854 1354 2940 quod
1369 2853 1478 2920 dictus
1496 2854 1615 2920 Petrus
1630 2878 1719 2922 rura-

358 2956 399 3021 lis
423 2957 564 3022 ecclesie
589 2956 627 3023 B.
654 2956 762 3025 Marie
791 2957 993 3044 Magdalene
1019 2957 1062 3024 de
1091 2957 1296 3043 Preyshano,
1323 2957 1413 3023 dicte
1434 2958 1586 3027 diocesis.
1609 2969 1720 3025 rector
1806 2996 1808 3000 >

358 3059 485 3126 existit.

404 3163 586 3231 Probitatis
602 3174 669 3231 et...
863 3249 865 3254 Ι

404 3268 484 3335 Dat.
499 3268 599 3335 Avin.
614 3289 631 3353 3
648 3289 727 3335 non.
742 3268 855 3355 aprilis
870 3289 961 3333 anno
978 3290 1009 3351 9.

406 3369 447 3435 ln
472 3393 501 3438 e.
524 3393 569 3437 m.
598 3372 761 3459 Regensis
786 3372 884 3439 etde
908 3371 1034 3456 Insula,
1052 3374 1293 3440 Cavallicensis
1308 3374 1462 3456 diocesis,
1479 3376 1657 3461 prepositis
1680 3398 1720 3443 ac

359 3476 550 3560 precentori
568 3475 767 3543 Biterrensis
782 3477 1010 3545 ecclesiarum.

394 3611 457 3672 Reg.
472 3614 519 3661 Av.
531 3615 571 3672 22,
587 3613 604 3663 f.
620 3615 680 3661 182ν
691 3630 696 3667 ;
709 3613 769 3663 vat..
785 3615 824 3673 78,
839 3614 856 3662 l.
873 3616 941 3673 3961,
954 3629 981 3665 n.
997 3617 1070 3665 1147.

411 3794 544 3878 1513.
1431 3832 1526 3895 1325,
1544 3812 1677 3877 dauril.

408 3910 574 3996 Magistro
590 3913 740 3998 Drogoni
757 3914 800 3979 (le
816 3912 963 3999 Bur'geto
979 3915 1150 3981 confertur
1166 3916 1385 3984 canonicatus
1401 3916 1542 3982 ecclesie
1560 3913 1597 3979 B.
1616 3914 1723 3980 Marie

359 4016 617 4097 Anthoniensis,
643 4016 896 4083 Cameracensis
922 4018 1076 4102 diocesis,
1105 4021 1165 4085 sub
1193 4022 1430 4106 expectatione
1455 4019 1635 4106 prebende,
1654 4039 1723 4083 non

360 4123 521 4186 obstante
536 4119 627 4204 quod
642 4120 885 4205 parrochialem
902 4123 1079 4188 ecclesiam
1102 4124 1144 4188 de
1170 4124 1305 4204 Siclino,
1331 4124 1556 4190 Tomacensis
1571 4123 1724 4197 diocesis,

360 4224 508 4289 obtinet.

409 4325 605 4391 laudabilia
620 4335 709 4392 tue...

409 4430 489 4495 Dat.
505 4431 605 4496 Avin.
624 4435 641 4494 6
659 4432 701 4496 id.
716 4434 827 4517 aprilis
843 4454 932 4500 anno
950 4454 978 4514 9.

409 4531 451 4598 ln
468 4554 496 4597 e.
513 4555 557 4599 m.
573 4534 703 4600 decano
720 4536 974 4603 Cameracensis
989 4546 1025 4603 et
1041 4540 1215 4624 preposito
1231 4540 1457 4606 Sistaricensis
1481 4561 1519 4605 ac
1544 4538 1723 4605 scolastico

359 4636 515 4725 ejusdem
533 4637 786 4705 Cameracensis
802 4641 1028 4707 ecclesiarum.

399 4777 462 4836 aeg.
477 4779 525 4825 nv.
541 4780 581 4836 aa,
596 4778 613 4826 r.
628 4781 687 4825 333
701 4796 706 4835 ;
722 4779 779 4828 var..
795 4781 831 4836 79,
845 4779 863 4828 r.
879 4781 944 4838 lllv,
959 4796 984 4829 1..
1003 4782 1073 4829 1344.

367 4921 525 4930 p—
701 4921 946 4928 —.....------—.
966 4923 1072 4929 ——-

400 5013 422 5058 l.
439 5008 479 5055 Ne
491 5022 537 5070 pas
548 5007 687 5057 conlondre
699 5024 728 5057 ce
739 5023 897 5072 personnage
908 5026 971 5058 avec
985 5011 1126 5071 Engelbert
1137 5012 1169 5059 de
1182 5012 1206 5059 la
1219 5011 1308 5060 March
1320 5012 1365 5073 qui
1377 5010 1468 5061 devint
1479 4994 1538 5076 plus
1555 5016 1612 5063 terd
1630 5014 1727 5078 aveque

356 5095 396 5143 de
410 5088 493 5150 Liege
504 5089 574 5151 (voy.
591 5090 708 5150 Ber'liere,
721 5092 877 5155 Supprliquea
888 5091 920 5139 de
935 5092 1043 5141 Clamant
1063 5093 1104 5151 ΓΙ,
1117 5108 1142 5155 p.
1157 5096 1211 5153 252,
1225 5108 1249 5144 3.
1265 5094 1334 5156 996).
