4409 6017
789 737 946 804 Troisihmo
966 738 1068 801 anne'e.
1216 786 1219 789 ⁴
1554 736 1617 801 267

406 907 452 952 m.
468 886 501 952 S.
515 888 598 974 Apri
615 896 649 954 et
665 889 696 955 S.
715 886 884 954 Mansueti
910 888 1118 953 Tullensium
1139 886 1419 953 monasteriorum
1441 885 1616 952 abbatibus

403 998 472 1057 stro
489 989 589 1057 Petro
604 992 646 1057 de
663 992 818 1078 Pipem0,
834 992 999 1058 canonico
1014 990 1289 1057 Autisiodorensi.

403 1161 415 1196 ⁴.
431 1147 468 1204 n,
480 1146 499 1194 r.
514 1149 573 1194 astu
585 1163 590 1203 ;
603 1147 661 1196 rat.
674 1150 713 1207 so,
726 1149 743 1196 r.
758 1150 810 1203 142,
823 1163 848 1196 n.
861 1149 915 1197 rac.

1195 1345 1197 1351 ¹
1268 1378 1363 1442 1319,
1379 1355 1571 1443 27fdvrier.

403 1482 449 1527 ero
464 1461 556 1528 dicto
572 1461 697 1527 Cauwe
713 1464 882 1529 confertur
897 1463 1115 1530 canonicatus
1129 1462 1270 1528 ecclesie
1286 1460 1325 1526 B.
1339 1458 1446 1526 Marie
1462 1460 1616 1523 Antwer-

404 1565 655 1631 Cameracensis
678 1567 830 1647 diocesis,
847 1570 907 1633 sub
923 1568 1159 1653 expectatione
1174 1564 1353 1652 prebende.

404 1690 544 1736 orum...

403 1773 494 1839 lvin.
513 1795 530 1858 3
547 1774 613 1840 kal.
630 1776 739 1842 martii
755 1786 845 1843 anno
862 1798 891 1861 3.

405 1894 450 1937 m.
467 1873 580 1939 abbati
603 1876 795 1941 monasterii
822 1876 854 1941 S.
872 1875 1048 1942 Michaelis
1074 1878 1340 1966 Antwerpiensis
1366 1886 1401 1943 et
1425 1877 1554 1943 decano
1580 1873 1612 1939 S.

403 1975 438 2040 lis
453 1975 652 2061 Gandensis,
669 1977 918 2045 Cameracensis
942 1989 977 2045 et
1001 1980 1224 2049 Tomacensis
1238 1982 1420 2062 diocesum,
1436 1989 1471 2045 et
1487 1979 1613 2045 Busolo

403 2099 442 2160 ra,
460 2081 624 2147 canonico
639 2081 862 2149 Tomacensis
873 2084 1097 2151 ecclesiarum.

403 2269 408 2282 .
425 2236 461 2292 ll,
474 2234 493 2284 f.
509 2236 568 2283 348*
590 2251 596 2293 ;
610 2235 667 2285 vat.
681 2239 719 2293 69,
732 2238 865 2293 l.216',n.
881 2241 936 2287 681.

1317 2462 1411 2526 1319,
1429 2460 1448 2524 7
1465 2464 1569 2508 mars,

403 2545 473 2612 isse
489 2555 524 2612 et
540 2548 723 2613 conventui
741 2548 932 2614 monasterii
949 2547 992 2613 de
1013 2548 1214 2628 Rosendale,
1230 2546 1460 2612 Cisterciensis
1478 2546 1612 2626 ordinis,

403 2650 506 2716 sensis
530 2650 682 2734 diocesis
709 2653 948 2718 confirmantur
971 2653 1086 2718 omnia
1110 2651 1280 2737 privilegia
1307 2650 1457 2736 ejusdem
1482 2670 1612 2716 monas-

403 2878 594 2924 annuere...

403 2961 489 3027 lvin.
507 2965 713 3029 nonmartii
730 2985 819 3030 anno
837 2987 865 3050 3.

410 3133 463 3166 aux
475 3120 600 3169 Archives
610 3120 642 3167 dc
654 3105 737 3168 l'r'ltat
748 3122 877 3175 hAnvors
891 3121 995 3169 chortes
1004 3120 1037 3169 do
1049 3119 1198 3179 Rosendael,
1210 3118 1294 3168 aunee
1307 3120 1376 3168 1319.

1309 3352 1404 3417 1319,
1421 3350 1440 3415 7
1464 3351 1567 3396 mars.

404 3436 416 3499 ,i
444 3434 637 3501 monasterii
655 3436 686 3502 S.
704 3435 881 3503 Michaelis
904 3438 1172 3525 Antverpiensis,
1191 3435 1441 3504 Cameracensis
1457 3433 1609 3513 diocesis,

403 3559 428 3604 rr
444 3546 610 3623 quatenus
625 3560 665 3604 ea
681 3561 746 3625 que
762 3542 803 3606 de
819 3541 917 3606 bonis
932 3541 1125 3607 monasterii
1141 3542 1183 3607 de
1200 3540 1402 3621 Rosendale,
1414 3537 1610 3604 Cistercien-

403 3642 452 3722 ris,
477 3641 726 3709 Cameracensis
752 3643 904 3725 diocesis
931 3645 1076 3711 alienata
1101 3644 1266 3710 invenerit
1290 3643 1416 3723 illicite,
1439 3641 1482 3708 ad
1501 3642 1554 3725 jus
1577 3649 1611 3704 et

403 3754 492 3811 atem
508 3746 656 3830 ejusdem
673 3748 864 3813 monasterii
881 3769 1038 3814 revocare
1054 3756 1220 3835 procuret.

403 3861 501 3914 ‚arum
518 3850 551 3912 in
569 3848 742 3915 Christe...

403 3952 489 4017 lvin.
506 3972 584 4016 non.
601 3955 710 4018 martii
727 3975 816 4020 anno
834 3977 862 4040 3.

405 4123 457 4155 aux
470 4108 595 4156 Archives
605 4109 637 4156 ‹le
647 4094 754 4157 l'l'jtata
769 4114 873 4168 Anvers,
887 4112 989 4159 chortes
999 4112 1032 4159 de
1044 4112 1192 4171 Rosendael,
1205 4112 1287 4160 annee
1301 4114 1371 4160 1319.

1306 4341 1400 4404 1319,
1418 4339 1436 4400 7
1461 4341 1564 4384 nzors.

403 4438 432 4482 ιο
448 4417 588 4482 ecclesie
605 4417 636 4483 S.
654 4418 742 4484 Petri
760 4420 988 4502 Lovaniensis,
1006 4421 1201 4488 Leodiensis
1216 4424 1369 4502 diocesis
1386 4423 1609 4489 committitur

403 4530 507 4585 attens
533 4521 619 4585 inter
642 4523 842 4588 abbatissam
860 4533 893 4588 et
910 4535 1116 4591 conventum
1139 4528 1332 4593 monasterii
1348 4527 1390 4592 de
1407 4526 1608 4605 Rosendale,

403 4624 479 4689 ensis
503 4624 637 4705 ordinis,
665 4625 915 4693 Cameracensis
939 4628 1090 4711 diocesis,
1115 4651 1157 4696 ex
1185 4651 1251 4695 una
1274 4641 1379 4717 parte,
1403 4641 1438 4696 et
1463 4630 1608 4696 Bondol·

403 4727 589 4808 [anessone,
624 4730 790 4809 clericum,
828 4732 1032 4797 Willelmum
1067 4733 1195 4800 dictum
1223 4734 1440 4816 Watarlinck,
1472 4734 1609 4800 Petrum

403 4853 438 4910 re,
454 4830 474 4909 J
477 4834 619 4896 acobum
637 4833 743 4912 Woic,
754 4835 958 4901 Willelmum
975 4837 1074 4918 Sone,
1088 4838 1301 4903 Lamminum
1315 4838 1441 4925 Lahay,
1454 4838 1609 4924 Egidium

413 4933 605 5010 Johannem
623 4934 786 5002 Bauduini
803 4950 836 5004 et
854 4940 1059 5005 Willelmum
1076 4940 1204 5023 Boicat,
1217 4943 1393 5027 juniorem,
1409 4944 1511 5009 laicos
1527 4943 1609 5008 Tor·

415 5036 566 5117 diocesis
583 5060 624 5102 ex
640 5041 753 5120 altera,
771 5044 825 5126 qui
842 5044 969 5109 eisdem
985 5045 1151 5111 abbatisse
1168 5056 1202 5111 et
1218 5047 1399 5113 conventui
1416 5067 1514 5132 super
1534 5067 1609 5131 pos-

403 5162 449 5207 ›us
471 5142 538 5207 suis
553 5142 757 5229 injuriantur.
