4409 6017
425 696 488 760 460
968 697 1117 763 Huitibmc
1138 698 1239 764 anne'e.

465 844 508 923 ,ln
522 866 550 911 e.
560 868 605 911 m.
618 848 779 934 episcopo
790 846 1035 913 Interamnensi
1045 855 1080 913 et
1089 848 1202 913 abbati
1213 849 1406 914 monasterii
1417 848 1448 914 S.
1461 846 1614 913 Martini
1631 846 1702 914 Edu

426 970 465 1015 ac
482 948 627 1017 Nicolao
642 952 684 1018 de
700 951 866 1034 Ceccan0,
882 953 1046 1019 canonico
1062 950 1268 1032 Belvacensi,
1284 955 1462 1040 capellano
1479 973 1587 1040 pape.

458 1096 518 1157 neg.
532 1099 578 1147 av.
594 1099 632 1156 20,
645 1098 664 1146 r.
676 1101 723 1147 ars
735 1115 741 1149 ;
753 1099 812 1147 vni.
826 1102 865 1158 rs,
879 1100 898 1148 f.
912 1100 965 1158 ras,
978 1114 1003 1148 n.
1015 1102 1070 1149 555.

471 1257 611 1342 1234.
1380 1298 1475 1360 1323,
1495 1297 1539 1360 19
1558 1278 1734 1363 septembre.

471 1377 545 1443 Ade
560 1377 652 1443 dicto
668 1377 755 1445 Rost
775 1380 817 1446 de
835 1380 1019 1468 Hocedorp
1047 1385 1216 1451 confertur
1230 1382 1447 1449 canonicatus
1461 1380 1617 1447 ecclesie
1633 1377 1717 1445 B.ll
1741 1375 1752 1392 ‘'

425 1483 605 1566 Aquensis,
621 1481 817 1550 Leodiensis
832 1485 985 1569 diocesis,
1001 1490 1062 1554 sub
1077 1488 1314 1576 expectatione
1328 1485 1513 1573 prebende.

467 1586 637 1652 Affectum
653 1590 931 1655 benevolentie...

468 1690 546 1756 Dat.
563 1692 663 1756 Avin.
684 1712 720 1776 13
737 1692 803 1757 kal.
821 1695 967 1760 octobris
982 1715 1071 1761 anno
1088 1698 1118 1762 8.

467 1794 505 1859 ln
523 1816 552 1860 e.
569 1817 614 1862 m.
630 1797 743 1861 abbati
760 1799 953 1864 monasterii
969 1800 1012 1864 de
1028 1801 1059 1866 S.
1077 1799 1235 1866 Cornelio
1252 1797 1416 1864 1111111151ο
1431 1805 1466 1863 et
1483 1798 1628 1863 decano
1644 1796 1675 1861 S.
1689 1792 1721 1860 M
1747 1793 1754 1806 ”

421 1896 646 1983 Trajectensis
670 1921 710 1966 ac
737 1902 915 1968 scolastico
942 1903 974 1969 S.
1000 1903 1173 1970 Adalberti
1198 1902 1374 1987 Aquensis,
1400 1900 1627 1967 Coloniensis
1651 1907 1686 1966 et

421 2001 545 2067 diensis
559 2003 742 2085 diocesum,
757 2006 984 2073 ecclesiarum.

458 2140 519 2202 Reg.
534 2143 583 2193 Ar.
597 2143 636 2202 20,
649 2143 667 2193 i.
682 2145 739 2191 175v
751 2159 757 2201 ;
767 2144 825 2195 Vnt.
842 2148 879 2204 76,
892 2146 910 2196 i.
925 2148 964 2206 82,
980 2162 1005 2195 n.
1015 2149 1069 2195 2l8.

466 2307 605 2394 1235.
1377 2344 1474 2409 1323,
1493 2344 1539 2410 19
1555 2323 1744 2410 septembre.

467 2424 625 2507 Gabrieli,
642 2435 724 2493 nato
741 2426 913 2513 Burgarini
929 2428 971 2494 de
989 2428 1198 2514 Burgaronis,
1215 2430 1384 2496 confertur
1398 2428 1634 2496 canonicatus
1658 2421 1770 2494 ecclesi

424 2529 456 2594 S.
474 2529 655 2596 Donatiani
673 2529 862 2617 Brugensis,
875 2531 1096 2598 Tomacensis
1112 2532 1263 2614 diocesis,
1274 2536 1333 2599 sub
1349 2531 1598 2619 expectatione
1615 2527 1772 2618 prebend-

465 2633 519 2697 Ad
533 2633 801 2719 provisionem...

465 2736 543 2803 Dat.
558 2737 659 2804 Avin.
680 2759 716 2822 13
733 2737 799 2805 kal.
816 2740 963 2805 octobris
978 2759 1068 2805 anno
1085 2742 1115 2806 8.

467 2839 505 2905 In
522 2861 551 2905 1.
568 2863 612 2905 m.
623 2842 783 2929 episcopo
799 2843 997 2909 Placentino
1008 2851 1042 2909 et
1057 2845 1171 2910 abbati
1186 2844 1379 2910 monasterii
1390 2844 1422 2910 S.
1432 2843 1591 2929 Sepulcri
1604 2838 1774 2911 Placentini

420 2965 459 3010 ac
476 2943 603 3011 Buzolo
618 2946 660 3011 de
677 2946 807 3028 Parma,
822 2948 987 3019 canonico
1002 2947 1215 3014 Tomacensi.

454 3083 514 3146 ch.
532 3087 578 3133 Av.
592 3087 630 3143 20,
638 3086 656 3134 f.
674 3087 719 3133 179
732 3102 737 3135 ;
748 3086 807 3135 sat.
822 3088 862 3143 76,
877 3086 895 3135 1.
908 3088 946 3141 81,
961 3101 986 3134 n.
1001 3088 1057 3133 227.

466 3244 605 3330 1236.
1380 3278 1473 3341 1323,
1491 3278 1537 3321 22
1554 3260 1747 3344 septembre.
1787 3313 1790 3328 ,

467 3363 630 3448 Magistro
658 3365 833 3449 Stephano
858 3363 1018 3444 Piccardi,
1046 3364 1128 3429 alias
1155 3363 1359 3449 Grosparini,
1382 3361 1506 3427 clerico
1523 3358 1776 3428 constantiensi.

420 3469 610 3554 indulgetur
626 3478 663 3534 ut
678 3468 920 3554 parrochialem
937 3468 1114 3533 ecclesiam
1131 3468 1172 3533 de
1190 3465 1399 3552 Campoboli,
1421 3463 1706 3533 constantiensis
1726 3462 1777 3529 dio

420 3573 515 3655 cesiS,
528 3573 681 3657 adquam
692 3594 750 3659 per
762 3576 920 3638 abbatem
936 3571 1130 3637 monasterii
1148 3571 1185 3637 B.
1200 3570 1307 3635 Marie
1323 3569 1365 3635 de
1377 3567 1656 3651 Montemorelli,
1674 3566 1778 3636 ordinis

420 3678 450 3742 S.
476 3677 665 3762 Augustini,
692 3676 909 3742 Abrincensis
938 3675 1090 3755 diocesis
1117 3682 1328 3761 presentatus
1358 3672 1466 3751 fuerit,
1493 3671 1656 3759 recipere
1686 3673 1778 3738 salet

419 3782 489 3846 sine
514 3780 698 3866 prejudicio
728 3802 826 3847 cause
856 3779 1000 3845 vertenti
1032 3779 1120 3844 inter
1150 3800 1226 3843 eum
1252 3785 1286 3843 et
1315 3775 1512 3861 magistrum
1542 3775 1723 3861 Paganum
1749 3771 1779 3836 dc

420 3885 610 3964 Bescheria,
635 3885 792 3951 clericum
818 3883 1082 3948 Cenomanensis
1108 3882 1259 3962 diocesiS,
1285 3901 1382 3966 super
1411 3880 1629 3945 thesauraria
1655 3875 1780 3946 ecclesie

419 3990 646 4070 Abrincensis,
661 3989 814 4075 predicto
830 3988 1002 4073 Stephano
1017 4008 1077 4072 per
1089 3987 1284 4072 episcopum
1300 3984 1547 4049 Abrincensem
1561 3985 1693 4050 collata
1706 4007 1714 4062 ;
1727 4000 1781 4046 non

420 4098 577 4159 obstante
593 4093 683 4177 quod
698 4094 731 4157 in
748 4093 889 4159 ccclesia
906 4093 937 4156 S.
953 4090 1147 4170 Audomari,
1166 4089 1367 4154 Morincnsis
1382 4086 1539 4167 diocesia,
1553 4090 1620 4153 sub
1638 4095 1780 4173 expecta·

420 4200 514 4262 tione
531 4198 701 4283 prebende
719 4197 751 4260 in
768 4197 968 4261 canonicum
984 4203 1035 4260 est
1051 4202 1216 4280 receptus.

465 4301 667 4366 Litterarum
684 4301 863 4367 scientia...

464 4406 542 4471 Dat.
558 4405 657 4469 Avin.
675 4426 712 4470 10
729 4405 794 4470 kal.
812 4405 959 4470 octobris
973 4424 1061 4468 anno
1079 4406 1107 4468 8.

454 4552 513 4612 ltcg.
529 4554 576 4601 Av.
592 4555 631 4611 20,
645 4553 663 4601 f.
681 4552 806 4603 31111111.
823 4553 886 4610 tuf.
903 4555 958 4609 292,
971 4566 994 4599 u.
1006 4552 1061 4598 885.

466 4713 603 4799 1237.
1380 4745 1473 4807 1323,
1491 4726 1538 4787 28
1552 4729 1744 4813 septembre.

462 4834 481 4910 J
484 4839 601 4914 ac0b0,
612 4843 693 4899 nato
708 4834 877 4919 quondam
894 4832 1030 4908 Jordani
1048 4831 1090 4895 de
1109 4830 1221 4894 lusula
1236 4830 1278 4895 de
1296 4830 1399 4908 Urbe,
1412 4828 1641 4895 conferuntur
1656 4825 1777 4897 canoni-

421 4947 514 5002 catus
530 4948 564 5003 et
581 4940 749 5025 prebenda
762 4938 902 5002 ecclesie
920 4936 950 5001 S.
963 4936 1106 4999 Victoris
1122 4935 1163 4999 de
1177 4934 1331 5013 Corbeta,
1350 4932 1624 5000 Mediolanensis
1637 4930 1778 5009 diocesis,

453 5127 476 5162 11,
494 5111 592 5161 Ymden
607 5129 656 5175 req.
