4409 6017
915 715 1060 782 Premibre
1081 715 1184 783 nunde.
1673 721 1729 787 185

406 869 523 955 388
1315 888 1319 894 ’
1375 878 1493 966 [1317,
1506 902 1527 966 3
1539 879 1684 970 juilletJ.

404 986 671 1073 Archiepiscopo
689 983 847 1050 Remensi
863 1002 904 1049 ac
918 982 1152 1049 Aurelianensi
1168 990 1204 1049 et
1218 982 1424 1051 Tornacensi
1443 984 1611 1071 episcopis
1634 1006 1728 1051 man·

361 1092 462 1158 datur
478 1098 654 1175 quatenus,
671 1089 818 1154 instante
834 1087 1002 1173 Philippo,
1018 1107 1096 1170 rege
1112 1087 1262 1170 Francis,
1278 1090 1354 1156 loca
1370 1088 1404 1153 in
1417 1088 1485 1155 suis
1502 1089 1693 1156 civitatibus
1708 1110 1728 1156 a

358 1196 515 1262 fratribus
537 1193 580 1260 de
597 1192 788 1259 Penitentia
803 1191 884 1271 Jesu
900 1190 1033 1272 Christi,
1049 1192 1131 1258 alias
1153 1191 1251 1260 dictis
1272 1192 1314 1258 de
1331 1194 1451 1274 Saccis,
1468 1194 1619 1260 totaliter
1634 1195 1728 1262 dere-

355 1300 448 1380 licta,
464 1297 654 1365 concedant
679 1296 835 1363 fratribus
859 1295 1044 1363 Heremitis
1068 1296 1195 1362 ordinis
1220 1296 1251 1363 S.
1272 1295 1461 1381 Augustini,
1486 1298 1542 1382 qui
1568 1298 1602 1363 in
1627 1298 1726 1364 dictis

357 1403 554 1468 civitatibus
570 1422 639 1467 non
656 1403 782 1468 habent
798 1400 994 1466 mansiones
1008 1399 1170 1486 proprias.

402 1530 421 1571 a
450 1506 502 1571 Ex
527 1515 621 1592 parte
648 1505 807 1572 carissimi
832 1505 866 1570 in
894 1503 1029 1570 Christo
1056 1503 1115 1569 lilii
1140 1504 1244 1570 nostri
1269 1504 1415 1592 Philippi
1436 1505 1494 1590 (¹),
1523 1504 1663 1572 Francie
1690 1514 1725 1571 et

358 1610 514 1677 Navarre
528 1610 614 1696 regis
636 1608 810 1675 illustris...
830 1608 956 1674 eisdem
972 1607 1127 1674 fratribus
1142 1607 1346 1689 concedatis,
1363 1608 1605 1675 constitutione
1621 1608 1726 1675 felicis

356 1713 600 1780 recordationis
616 1712 780 1780 Bonilacii
797 1733 884 1801 pape
900 1711 996 1793 Vlll,
1017 1711 1260 1798 predecessoris
1274 1712 1389 1794 nostri,
1405 1732 1504 1800 super
1518 1712 1602 1778 locis
1617 1732 1637 1778 a
1651 1713 1726 1779 reli·

356 1821 462 1904 glosis
484 1818 638 1885 ordinum
654 1815 919 1883 mendicantium
934 1816 1006 1881 sine
1021 1815 1157 1882 licentia
1174 1814 1267 1881 Sedis
1286 1815 1471 1902 apostolice
1487 1816 1529 1882 de
1545 1837 1635 1883 novo
1655 1838 1724 1884 non

356 1921 561 2009 recipiendis
583 1921 675 1988 edita
689 1941 759 1987 non
775 1922 940 1985 obstante.
967 1919 1094 1985 Datum
1111 1925 1148 1984 ut
1173 1938 1272 2005 supra
1298 1917 1333 2005 [5
1351 1939 1429 1985 non.
1443 1919 1515 2005 julii
1532 1939 1622 1986 anno
1642 1919 1688 2007 1].
1706 1938 1723 1990 l

393 2066 456 2127 Reg.
468 2067 517 2114 Av.
529 2067 551 2124 6,
564 2064 583 2112 l.
596 2066 674 2120 558ss
695 2062 754 2111 Vat.
766 2065 804 2122 66,
826 2063 843 2112 l.
858 2063 927 2123 119',
940 2077 965 2111 u.
985 2063 1056 2112 alst.
1070 2091 1101 2097 —
1123 2062 1243 2122 lllirseus,
1262 2062 1417 2113 Donationes
1436 2064 1554 2128 belgicae,
1574 2080 1599 2130 p.
1623 2068 1679 2115 567.
1693 2094 1724 2101 -

357 2147 473 2195 lllnseus
483 2150 511 2194 et
521 2143 651 2208 Foppens,
668 2144 754 2208 Opera
765 2142 939 2208 diplomatica,
952 2148 972 2194 t.
987 2144 1009 2205 l,
1023 2158 1047 2207 p.
1060 2145 1107 2192 597
1111 2180 1118 2195 .
1131 2172 1163 2179 -
1175 2144 1278 2203 Cousin,
1293 2131 1408 2194 Histoire
1428 2143 1460 2194 de
1482 2145 1601 2205 lburnoi,
1615 2145 1659 2196 liv.
1675 2146 1721 2207 IV,

356 2245 383 2293 p.
396 2232 451 2280 lll.

403 2402 522 2489 389.
1414 2441 1509 2507 1517,
1528 2441 1547 2507 7
1557 2423 1679 2506 juillet.

402 2520 568 2608 Magistro
582 2519 718 2585 Andree
733 2520 775 2587 de
792 2521 956 2589 Dussiaco
972 2522 1143 2588 confertur
1157 2523 1376 2591 canonicatus
1398 2528 1540 2594 ecclesie
1556 2529 1587 2594 S.
1603 2528 1719 2595 Audo-

356 2628 452 2709 mari,
470 2623 675 2693 Morinensis
697 2623 848 2709 diocesis,
864 2629 925 2692 sub
950 2628 1188 2713 expectatione
1212 2628 1383 2715 prebende
1407 2651 1448 2697 ac
1471 2631 1643 2716 dignitatis
1666 2635 1720 2698 vel

356 2731 556 2820 personatus
583 2751 642 2797 seu
657 2731 769 2811 officii,
785 2749 854 2795 non
870 2732 1027 2796 obstante
1051 2731 1143 2816 quod
1166 2731 1199 2796 in
1216 2731 1247 2798 8.
1264 2731 1416 2816 Quintini
1442 2734 1475 2800 in
1493 2734 1720 2815 Viromandia,

359 2837 604 2904 Noviomensis
619 2836 771 2918 diocesis,
787 2835 1024 2902 canonicatum
1040 2844 1075 2901 et
1090 2837 1296 2922 prebendam
1312 2838 1454 2906 obtinet.

408 2942 545 3009 Dudum
562 2946 605 3009 ob
622 2952 720 3010 tue...

406 3047 486 3112 Dat.
502 3047 602 3111 Avin.
618 3067 698 3113 non.
711 3042 784 3131 julli
800 3064 891 3109 anno
910 3063 936 3108 1.

404 3150 444 3215 In
469 3174 499 3215 e.
515 3173 560 3215 m.
576 3150 690 3216 abbati
718 3147 910 3214 monasterii
935 3149 978 3215 de
1002 3148 1033 3213 S.
1061 3148 1201 3215 Bertino
1228 3157 1263 3215 et
1289 3150 1462 3235 preposito
1486 3152 1516 3217 S.
1535 3149 1722 3237 Walburgis

359 3257 551 3336 Fumensis,
569 3254 772 3322 Morinensis
795 3255 947 3336 diocesis
963 3275 1003 3321 ao
1026 3254 1174 3334 Johanni
1199 3256 1240 3322 de
1267 3256 1382 3339 PratiS,
1399 3255 1565 3323 canonico
1593 3255 1722 3322 Novio-

359 3362 488 3428 mensis
503 3362 731 3427 ecclesiarum.

395 3502 457 3564 lleg.
470 3504 518 3550 Av.
531 3503 553 3559 7,
565 3501 583 3548 l.
598 3502 626 3548 12
637 3515 643 3555 ;
656 3499 715 3549 vat.
724 3501 764 3558 lili,
775 3499 793 3547 f.
809 3499 860 3555 180,
873 3512 899 3547 n.
912 3500 983 3546 3673.

405 3672 528 3758 390.
1394 3703 1489 3769 1317,
1507 3685 1548 3750 16
1558 3683 1682 3767 juillet.

405 3790 598 3869 Guillelrn0,
609 3788 640 3853 S.
652 3786 785 3853 Nicolai
799 3787 832 3851 in
850 3785 991 3853 Carcere
1007 3785 1163 3853 Tulliano
1179 3787 1324 3855 diacono
1340 3790 1509 3871 cardinali,
1526 3789 1723 3858 conceditur

361 3896 504 3962 facultas
520 3892 639 3978 agendi
656 3892 939 3978 permutationem
955 3891 1215 3957 canonicatuum
1231 3890 1380 3959 Nicolini
1396 3893 1439 3959 de
1456 3894 1581 3977 Canali,
1605 3896 1725 3981 Perga·

360 3998 497 4079 mensis,
510 4006 546 4062 et
560 3996 579 4074 J
582 3996 713 4062 acobini
729 3997 771 4063 de
788 3996 914 4077 Canali,
926 3995 1127 4078 Parmensis,
1139 4007 1302 4083 nepotum
1315 4020 1461 4080 suorum,
1474 4010 1509 4065 et
1523 4000 1666 4066 Rolandi
1683 4001 1725 4067 de

360 4103 570 4180 Cornazan0,
588 4099 790 4167 Morinensis
806 4100 1021 4166 ecclesiarum
1048 4101 1299 4183 canonicorum,
1317 4110 1351 4168 et
1368 4103 1562 4169 conferendi
1589 4105 1725 4169 canoni·

360 4215 475 4272 catum
499 4214 533 4270 et
558 4203 762 4290 prebendam
780 4201 983 4269 Morinensis
1010 4203 1181 4285 Nicolino,
1198 4205 1433 4272 canonicatum
1460 4217 1499 4273 et
1520 4208 1725 4294 prebendam

363 4308 596 4393 pergamensis
611 4307 786 4386 Jacobino,
803 4316 837 4373 et
859 4308 1095 4373 canonicatum
1123 4316 1157 4374 et
1181 4310 1386 4395 prebendam
1405 4311 1593 4378 Parmensis
1620 4314 1726 4379 eccle-

359 4416 483 4479 siarum
515 4412 669 4478 Rolando
698 4412 905 4496 supradictis,
934 4433 1002 4476 non
1031 4415 1188 4478 obstante
1219 4413 1310 4496 quod
1340 4414 1450 4481 dictus
1482 4415 1658 4483 Nicolinus
1691 4416 1723 4481 in

360 4517 392 4583 8.
412 4515 550 4582 Martini
566 4514 769 4580 Turonensis
784 4516 1026 4601 preposituram
1050 4526 1207 4602 expectat
1234 4518 1317 4582 etin
1344 4520 1460 4585 eadem
1478 4521 1509 4585 S.
1528 4520 1666 4586 Martini
1690 4529 1725 4585 et

361 4622 393 4686 8.
420 4620 510 4686 Petri
540 4620 583 4686 de
607 4619 751 4700 Glarola,
784 4620 1002 4686 Vercellensis
1031 4621 1182 4702 diocesis,
1214 4623 1432 4689 canonicatus
1462 4633 1497 4689 et
1538 4624 1726 4711 prebendas

362 4726 538 4810 dictusque
553 4723 736 4801 Jacobinus
752 4724 987 4790 canonicatum
1004 4746 1062 4790 seu
1078 4726 1278 4792 beneficium
1303 4727 1443 4814 simplex
1460 4729 1493 4793 in
1510 4730 1542 4794 8.
1561 4729 1727 4807 Johannls

403 5073 423 5120 1.
441 5071 475 5118 lit
487 5085 537 5118 non
548 5069 685 5130 lobannis,
698 5086 797 5119 commo
811 5071 828 5118 il
841 5078 878 5119 cst
891 5067 1011 5133 imprime
1021 5070 1087 5117 ‹luns
1100 5070 1136 5117 les
1152 5082 1276 5129 ouvrages
1290 5066 1360 5125 eilde,
1373 5068 1406 5116 ob
1419 5081 1531 5128 morique
1542 5083 1571 5115 ce
1582 5069 1627 5129 qui
1640 5069 1690 5117 suit
1705 5068 1728 5117 le

366 5160 422 5202 rrrot
435 5153 588 5203 concedatis.
