4409 6017
487 654 547 718 296
1020 653 1179 721 Troisieme
1199 653 1301 720 auree.

485 802 680 869 Sarlatensis
690 810 725 868 et
735 802 1015 891 Petragoricensis
1026 805 1209 887 diocesum,
1218 806 1367 874 ecclesiis
1376 808 1594 876 canonicatus
1604 817 1640 875 et
1648 807 1845 896 prebendas,

484 926 618 974 necnon
654 907 829 973 ecclesiam
864 909 906 975 de
937 909 1118 976 Serinhaco
1151 930 1228 976 cum
1262 910 1324 976 sibi
1356 912 1495 979 annexis
1526 921 1563 979 et
1596 919 1707 979 certas
1738 919 1846 999 partes
1898 897 1901 1022 ᾗ

486 1009 691 1077 decimarum
707 1010 740 1075 in
756 1013 1017 1097 parrochialibus
1032 1013 1064 1081 S.
1080 1011 1182 1079 Ylarii
1198 1021 1234 1078 et
1249 1013 1280 1080 S.
1291 1014 1381 1080 Petri
1396 1015 1439 1081 de
1454 1015 1590 1103 Capeda
1598 1014 1762 1098 ecclesiis,
1773 1035 1846 1083 cum

488 1111 685 1198 quibusdam
707 1114 803 1181 terris
825 1124 860 1180 et
882 1117 989 1183 vineis
1012 1117 1043 1183 S.
1068 1116 1216 1202 Caprasii
1239 1116 1282 1183 de
1306 1115 1485 1201 Malholas,
1500 1119 1716 1206 Agennensis
1739 1119 1846 1186 dioce-

488 1216 542 1298 siS,
566 1215 707 1282 obtinet.

533 1318 627 1385 Sedis
641 1322 866 1406 apostolice...

531 1424 610 1491 Dat.
625 1425 724 1489 Avia.
740 1448 760 1509 4
776 1425 820 1492 id.
835 1427 947 1512 aprilis
961 1448 1053 1494 anno
1069 1448 1099 1512 3.

532 1527 572 1593 ln
582 1529 828 1616 e.m.episcopo
838 1531 1016 1598 Sarlatensi
1026 1541 1061 1598 et
1071 1533 1308 1601 archidiacono
1318 1534 1545 1619 deGandavo,
1560 1536 1799 1615 Tomacensis,
1813 1556 1851 1602 ac

489 1632 616 1701 cantori
638 1632 918 1718 Petragoricensis
938 1636 1163 1702 ecclesiarum.

521 1772 582 1833 Reg.
596 1774 643 1819 Au.
657 1772 693 1830 il,
706 1771 724 1819 i.
737 1773 796 1819 456¹
807 1788 813 1824 ς
826 1772 884 1822 vat.
897 1774 934 1833 uu,
948 1774 966 1822 i.
981 1775 1045 1833 195v,
1059 1788 1084 1823 11.
1097 1776 1153 1824 610.

533 1961 640 2046 713Ι
1537 1976 1812 2063 1319,17avril.

532 2079 717 2147 Gaucelmo
740 2078 898 2146 cardinali
922 2078 1074 2146 scribitur
1096 2087 1271 2165 quatenus,
1294 2080 1320 2145 si
1349 2079 1448 2146 febris
1471 2080 1534 2145 iter
1556 2101 1654 2148 suurn
1678 2080 1852 2168 impedire,

489 2185 580 2253 vices
600 2205 677 2252 suas
695 2184 855 2270 episcopo
874 2183 1032 2251 Trecensi
1051 2191 1087 2250 et
1107 2185 1219 2250 abbati
1241 2184 1273 2252 S.
1291 2184 1394 2271 Sergii
1416 2184 1620 2252 committat.

536 2374 705 2441 «Dilecto
728 2373 796 2440 lilio
814 2373 1009 2456 Gaucelmo,
1027 2374 1116 2440 tituli
1151 2374 1349 2441 Sanctorum
1380 2373 1569 2442 Marcellini
1592 2382 1629 2440 et
1651 2373 1743 2440 Petri
1766 2394 1856 2460 pres·

489 2480 598 2546 bitero
628 2479 796 2559 cardinali,
827 2480 1011 2565 apostolice
1042 2479 1136 2545 Sedis
1164 2479 1295 2545 nuntie.
1336 2478 1504 2545 Discrasia
1535 2478 1660 2544 febrilis
1689 2499 1769 2563 qua,
1810 2477 1855 2543 fili

491 2583 669 2665 carissime,
689 2592 724 2648 te
743 2582 844 2668 affligi
862 2591 896 2648 et
917 2584 1206 2649 continuationem
1230 2583 1278 2649 tui
1305 2583 1431 2649 itineris
1453 2582 1647 2668 interrumpi
1666 2582 1858 2648 litteramm

491 2694 624 2752 tuarum
650 2694 747 2751 tenor
775 2686 872 2752 nobis
901 2688 1057 2767 innotuit,
1085 2687 1238 2773 profecto
1268 2708 1336 2752 non
1368 2687 1488 2752 leviter
1515 2707 1577 2752 nos
1601 2684 1721 2751 afflixit
1748 2708 1757 2766 3
1790 2686 1858 2751 hoc

491 2799 604 2855 tamen
635 2799 815 2876 utcumque
845 2790 1063 2857 afflictionem
1092 2790 1282 2875 hujusmodi
1310 2790 1514 2877 temperavit
1545 2789 1635 2875 quod
1662 2789 1761 2874 signa
1787 2789 1859 2855 evi·

490 2894 605 2960 dentia
622 2914 784 2980 apparere
800 2894 1033 2960 liberationem
1053 2895 1285 2981 promittentia
1303 2896 1446 2961 celerem
1462 2893 1643 2959 earundem
1667 2894 1858 2960 litterarum

492 2998 593 3064 series
619 2998 803 3080 nuntiabat,
832 3000 922 3084 quod
952 3009 990 3065 ut
1020 2998 1147 3065 facilius
1189 3001 1417 3083 subsequatur,
1451 3004 1644 3064 sanctorum
1668 2998 1779 3084 juvari
1823 3008 1860 3064 te

492 3101 581 3187 apud
602 3102 694 3166 illum
716 3103 920 3168 orationibus
941 3103 1099 3168 faciemus
1118 3104 1172 3188 qui
1201 3103 1382 3168 mortificat
1404 3109 1439 3166 et
1463 3101 1620 3184 vivificat,
1643 3102 1802 3168 vuluerat
1826 3112 1862 3169 et

493 3206 655 3285 medetur,
676 3207 793 3290 quibus
810 3215 951 3288 nostraS,
974 3207 1053 3272 licet
1071 3207 1198 3272 eisdem
1224 3206 1377 3293 impares,
1398 3225 1575 3292 aggregare
1599 3206 1802 3288 curabimus,
1828 3207 1861 3271 in

491 3319 525 3377 te
536 3310 651 3394 utique
670 3319 826 3396 optantes
841 3312 1011 3396 utriusque
1028 3311 1173 3376 hominis
1188 3312 1395 3397 sospitatem.
1407 3310 1461 3375 Tu
1476 3331 1566 3392 vero,
1577 3310 1633 3391 fili,
1644 3310 1861 3398 disciplinam

495 3413 630 3479 Domini
649 3434 716 3479 non
737 3415 894 3495 abiciens,
904 3436 965 3499 age
975 3416 1096 3499 gratias
1119 3416 1206 3480 inter
1223 3418 1369 3496 verbera,
1382 3422 1512 3500 patrem
1530 3413 1721 3499 intelligens
1742 3420 1862 3483 verbe-

494 3528 624 3583 rantem
652 3518 706 3602 qui
743 3518 846 3583 lilium
877 3541 975 3604 quem
1006 3519 1112 3603 diligit
1142 3539 1210 3583 non
1239 3519 1282 3583 ad
1313 3517 1597 3584 intemeccionem
1618 3520 1778 3605 percutit,
1802 3520 1862 3586 sed

496 3623 607 3709 potius
619 3622 662 3687 ad
677 3624 828 3704 salutem,
844 3624 1033 3709 provisurus
1049 3631 1096 3704 ut,
1113 3623 1309 3688 liberatione
1336 3631 1451 3688 secuta
1466 3630 1597 3707 patrem
1612 3623 1777 3689 letificare
1792 3632 1861 3690 stu·

496 3726 584 3805 deaS,
596 3726 704 3811 ipsum
720 3726 831 3791 audire
852 3727 989 3793 intensis
998 3726 1169 3792 desideriis
1179 3726 1381 3811 cupientem.
1392 3726 1487 3806 Sane,
1500 3726 1555 3807 lili,
1566 3726 1598 3791 in
1615 3734 1673 3792 tue
1685 3731 1859 3794 convales-

497 3830 606 3897 ccutie
631 3830 791 3910 novitate,
811 3834 854 3895 ab
878 3830 1067 3895 inordinato
1086 3832 1198 3895 labore
1226 3829 1413 3896 cavendum
1444 3838 1497 3895 est
1525 3830 1585 3896 tibi
1606 3832 1682 3916 plus
1702 3833 1806 3898 solito
1827 3840 1861 3897 et

496 3935 600 4019 quieti
631 3934 827 4020 propensius
858 3935 1107 4020 indulgendum.
1128 3934 1182 4000 ad
1203 3933 1236 3999 id
1254 3941 1367 3998 autem
1386 3954 1485 4020 super
1505 3954 1572 4019 quo
1592 3955 1656 4001 nos
1683 3938 1861 4002 consulere

495 4039 640 4118 voluisti,
653 4038 808 4103 videlicet
831 4060 873 4103 an
898 4039 924 4103 si
945 4038 1052 4118 febris,
1064 4037 1154 4123 quod
1172 4037 1268 4118 absit,
1286 4037 1349 4101 iter
1371 4044 1467 4102 tuum
1491 4037 1669 4124 impediret
1687 4041 1858 4125 prolixius,

495 4143 668 4229 expediret
683 4143 906 4207 venerabilem
924 4142 1057 4206 fratrem
1074 4150 1225 4206 nostrum
1240 4140 1443 4207 Trecensem
1465 4141 1660 4227 episcopum
1683 4145 1740 4210 vel
1759 4145 1858 4212 dilec-

498 4256 569 4313 tum
597 4247 701 4310 filium
744 4249 900 4311 abbatem
927 4245 1031 4311 sancti
1060 4245 1172 4330 Sergii,
1203 4265 1261 4310 seu
1293 4253 1471 4329 utrumque
1505 4245 1538 4309 in
1561 4244 1739 4313 Franciam
1784 4271 1858 4316 cum

496 4350 613 4417 litteris
644 4349 882 4436 principalibus
902 4348 1079 4430 destinare,
1101 4348 1246 4414 breviter
1272 4348 1512 4434 respondemus
1544 4349 1634 4434 quod
1664 4350 1756 4418 istud
1781 4354 1858 4419 satis

497 4456 629 4522 videtur
651 4453 747 4519 nobis
768 4454 949 4538 expediens
964 4461 1001 4518 ut
1023 4454 1113 4518 vices
1135 4462 1219 4533 tuas,
1238 4472 1307 4518 non
1331 4461 1445 4518 tamen
1467 4453 1500 4517 in
1522 4454 1694 4536 totum,in
1715 4457 1857 4523 solidum

499 4559 630 4643 utrique
649 4557 814 4637 comittas,
833 4556 1068 4621 informaturus
1094 4556 1241 4638 eosdem,
1263 4564 1429 4641 quantum
1445 4556 1575 4642 plenius
1596 4558 1733 4643 poteris,
1758 4560 1858 4645 quali·

500 4672 550 4729 ter
573 4663 604 4726 in
628 4660 840 4746 procedendo
871 4661 1016 4725 debeant
1041 4681 1076 4725 se
1101 4660 1233 4740 habere,
1258 4660 1290 4724 in
1313 4681 1412 4744 quem
1432 4680 1555 4740 casum,
1572 4661 1639 4728 hoc
1659 4664 1857 4729 excellentie

500 4768 589 4852 regie
607 4766 770 4851 exposit0,
789 4765 972 4850 procedant
987 4764 1083 4849 juxta
1105 4764 1262 4829 traditam
1277 4763 1338 4829 sibi
1358 4764 1509 4844 formam,
1522 4765 1548 4829 si
1567 4762 1609 4829 de
1621 4763 1713 4848 regia
1728 4784 1856 4851 proces·

500 4872 580 4938 serit
609 4871 804 4947 voluntate;
824 4868 904 4933 alias
929 4867 1177 4953 supersedeant,
1193 4867 1371 4934 reddentes
1386 4887 1448 4933 nos
1472 4866 1514 4932 de
1538 4867 1755 4953 beneplacito
1771 4868 1856 4955 regio

502 4974 659 5042 certiores
672 4996 679 5051 ;
697 4974 824 5038 litteras
836 4982 949 5037 autem
965 4993 1023 5037 sex
1036 4972 1163 5038 clausas
1177 4973 1319 5037 bullatas
1331 4971 1391 5036 tibi
1408 4969 1572 5037 mittimus
1583 4991 1643 5057 per
1653 4973 1854 5058 presentium

501 5080 710 5165 portitorem,
736 5098 874 5161 quarum
907 5086 1060 5142 tenorem
1094 5076 1249 5163 exprimit
1286 5076 1403 5143 cedula
1429 5075 1640 5161 presentibus
1670 5076 1852 5144 interclusa.
