4409 6017
826 1014 1097 1119 srxntme
1149 1022 1374 1119 eunte,

527 1287 658 1371 1321.
689 1288 722 1372 5
751 1291 1041 1387 septembre
1066 1338 1117 1347 —
1145 1290 1284 1391 1322,
1311 1291 1345 1373 4
1376 1291 1678 1391 septembre.

459 1626 582 1711 999.
1401 1669 1497 1731 1321,
1510 1669 1535 1733 5
1549 1653 1739 1738 septembre.

457 1744 631 1832 Adolpho,
648 1744 809 1834 episcopo
825 1747 1015 1831 Leodiensi,
1031 1749 1228 1817 conceditur
1251 1750 1392 1818 facultas
1412 1752 1547 1820 levandi
1569 1754 1782 1821 moderatum

410 1849 601 1916 subsidium
617 1870 637 1916 a
653 1852 804 1938 personis
819 1852 1053 1921 ecclesiasticis
1067 1874 1202 1921 suarum
1217 1854 1363 1923 civitatis
1378 1864 1414 1923 et
1428 1856 1579 1925 diocesis.

459 2073 479 2115 u
496 2049 686 2117 Venerabili
701 2050 792 2117 fratri
818 2050 988 2137 Adolpho,
1000 2049 1160 2136 episcopo
1175 2047 1365 2115 Leodiensi,
1378 2047 1474 2115 Circa
1493 2049 1715 2133 quarumlibet
1729 2070 1783 2117 ec-

409 2154 592 2220 clesiarum
608 2155 826 2222 necessitates
841 2154 982 2222 sollicite
995 2153 1183 2239 vigilantes,
1194 2152 1227 2218 in
1237 2173 1280 2218 eo
1289 2152 1433 2220 libenter
1444 2152 1523 2239 ipsis
1532 2153 1727 2233 assistimus,
1740 2175 1783 2218 ne

408 2261 476 2323 sub
493 2258 719 2344 oppressionis
734 2279 836 2324 onere
863 2278 932 2323 non
957 2256 1070 2342 adjute
1093 2258 1325 2337 succumbant,
1340 2263 1375 2322 et
1397 2276 1418 2321 a
1432 2256 1499 2322 suis
1514 2258 1784 2344 oppressionibus

407 2362 604 2448 apostolico
619 2361 755 2428 suffulte
765 2361 921 2446 suffragio
935 2363 1138 2427 releventur.
1148 2360 1245 2442 Sane,
1258 2359 1344 2427 sicut
1355 2380 1397 2425 ex
1406 2367 1524 2426 tenore
1540 2369 1597 2427 tue
1609 2363 1784 2448 petitionis

407 2466 617 2552 accepimus,
629 2464 826 2531 Leodiensis
841 2464 983 2530 ecclesia
998 2464 1129 2549 magnis
1144 2463 1334 2531 debitorum
1350 2463 1516 2545 oneribus,
1534 2472 1605 2530 tam
1620 2469 1783 2552 perbone

407 2569 578 2635 memorie
608 2567 853 2649 Theobaldum,
881 2568 1077 2655 episcopum
1107 2566 1341 2649 Leodiensem,
1370 2566 1641 2654 predecessorem
1675 2577 1782 2653 tuum,

409 2694 520 2757 quam
534 2692 595 2759 per
610 2672 752 2738 dilectos
771 2671 857 2737 filios
873 2721 901 2738 ..
917 2672 1083 2738 decanum
1098 2679 1134 2737 et
1157 2670 1340 2756 capitulum
1356 2670 1458 2756 ipsius
1473 2673 1614 2739 ecclesie
1635 2674 1783 2740 vacatio-

410 2778 469 2843 nis
492 2797 552 2841 sue
574 2783 727 2861 ternpore
751 2776 945 2856 contractis,
968 2782 1109 2861 gravata
1130 2774 1200 2840 fore
1223 2773 1407 2841 dinoscitur
1439 2782 1544 2860 tuque
1565 2777 1782 2862 postmodum

411 2901 480 2968 pro
503 2878 699 2945 defensione
719 2878 801 2970 juris
823 2887 858 2945 et
877 2878 1148 2964 jurisdictionum
1172 2878 1321 2963 ejusdem
1343 2878 1495 2960 ecclesie,
1508 2899 1573 2963 que
1596 2880 1726 2945 nobiles
1746 2888 1783 2956 et

412 2991 579 3072 potentes
605 2983 736 3049 illarum
760 2983 906 3070 partium
930 2984 1153 3069 occupabant,
1178 2981 1264 3049 sicut
1289 2981 1401 3049 adhuc
1423 2990 1580 3070 satagunt
1606 3004 1782 3071 occupare,

410 3109 550 3173 magna,
574 3087 760 3173 quinimmo
783 3086 1017 3173 importabilia,
1040 3086 1170 3153 subiisti
1193 3093 1228 3151 et
1258 3085 1369 3153 adhuc
1391 3087 1595 3154 incessanter
1617 3095 1651 3153 te
1674 3089 1783 3155 subire

408 3199 552 3279 oportet
575 3211 678 3257 onera
701 3211 932 3277 expensarum.
959 3190 1072 3275 Quare
1095 3188 1194 3255 nobis
1215 3190 1386 3256 humiliter
1407 3191 1612 3278 supplicasti,
1635 3202 1672 3257 ut
1696 3192 1783 3258 circa

406 3295 660 3361 relevationem
686 3315 837 3375 onerum,
861 3294 1051 3360 debitorum
1076 3301 1111 3359 et
1139 3313 1361 3379 expensarum
1383 3293 1575 3380 hujusmodi
1606 3296 1782 3380 providere

405 3400 474 3466 tibi
498 3407 639 3484 patema
661 3398 884 3466 sollicitudine
907 3398 1129 3483 dignaremur.
1155 3395 1229 3464 Nos
1251 3396 1351 3483 igitur
1372 3397 1588 3465 attendentes
1621 3398 1711 3482 quod
1734 3399 1781 3464 di-

406 3504 485 3569 visa
511 3502 546 3567 in
570 3512 683 3588 partes
707 3523 810 3568 onera
836 3503 942 3568 levius
968 3502 1189 3589 perferuntur,
1205 3522 1244 3568 ac
1268 3522 1392 3586 equum
1418 3509 1613 3588 reputantes
1637 3511 1672 3567 et
1702 3523 1781 3568 con-

405 3626 532 3691 gruum
547 3613 585 3671 ut
600 3627 619 3671 a
634 3606 785 3692 personis
800 3605 1034 3672 ecclesiasticis
1050 3603 1247 3671 Leodiensis
1262 3604 1408 3671 civitatis
1431 3612 1466 3670 et
1492 3604 1634 3671 diocesis
1649 3626 1669 3671 a
1684 3605 1782 3673 dictis

407 3709 572 3775 oneribus
587 3709 769 3775 subleveris
795 3710 952 3795 quodque
977 3709 1140 3795 prelibate
1166 3728 1310 3794 persone
1334 3716 1448 3775 tecum
1470 3709 1661 3794 hujusmodi
1677 3730 1780 3775 onera

406 3813 610 3901 partiantur,
626 3813 774 3899 petendi,
790 3814 924 3881 levandi
952 3822 987 3879 et
1010 3812 1194 3900 recipiendi
1219 3813 1283 3879 hac
1305 3812 1380 3879 vice
1406 3813 1607 3879 auctoritate
1633 3821 1782 3879 nostraa

407 3918 666 4003 quibuscunque
682 3919 834 4003 personis
850 3918 1094 4000 ecclesiasticis
1105 3916 1271 4004 exemptis
1286 3924 1321 3982 et
1336 3937 1405 3982 non
1421 3919 1598 4005 exemptis
1608 3919 1781 4004 cujuscun-

407 4043 478 4107 que
494 4023 707 4105 conditionis‚
723 4023 896 4109 dignitatis
910 4031 969 4088 aut
995 4031 1102 4088 status
1127 4024 1284 4103 existant,
1300 4022 1463 4087 beneficia
1479 4023 1707 4089 ecclesiastica
1722 4026 1780 4090 ob-

410 4126 602 4192 tinentibus
626 4127 771 4192 civitatis
795 4135 830 4192 et
856 4126 1000 4192 diocesis
1032 4125 1267 4212 predictarum,
1291 4125 1474 4191 subsidium
1508 4126 1720 4192 moderatum
1747 4128 1780 4192 in

408 4230 656 4295 relevationem
672 4231 862 4296 debitorum
874 4238 909 4295 et
925 4250 1145 4317 expensarum
1160 4228 1350 4315 hujusmodi
1374 4230 1651 4312 convertendum,
1667 4231 1782 4297 habita

412 4334 506 4419 prius
522 4334 792 4401 consideratione
808 4354 949 4400 onerum
973 4334 1164 4400 debitorum
1191 4332 1381 4417 hujusmodi
1409 4340 1444 4398 et
1460 4332 1658 4399 facultatum
1674 4336 1780 4400 eccle-

410 4436 536 4502 siarum
561 4458 580 4502 a
605 4437 723 4522 quibus
749 4437 933 4504 subsidium
961 4437 1096 4524 petieris
1121 4445 1156 4501 et
1180 4436 1343 4502 levaveris
1365 4436 1575 4501 antedictum
1591 4444 1626 4501 et
1641 4457 1780 4502 onerum

410 4541 605 4622 earundem,
621 4542 756 4626 plenam
773 4549 807 4606 et
823 4541 963 4606 liberam
987 4539 1187 4606 fraternitati
1210 4548 1268 4605 tue
1283 4539 1499 4606 concedimus
1514 4547 1630 4605 tenore
1646 4560 1780 4626 presen-

410 4644 498 4708 tium
514 4644 717 4710 facultatem.
743 4644 836 4711 Nulli
846 4653 910 4711 etc.
929 4652 1042 4711 nostre
1058 4643 1286 4710 concessionis
1302 4643 1490 4729 infringere.
1506 4651 1571 4709 etc.
1588 4643 1667 4710 Dat.
1679 4644 1778 4709 Avin.

414 4766 492 4813 non.
509 4749 709 4835 septembris
724 4769 814 4813 armo
832 4752 860 4812 6.
878 4770 895 4810 »

460 4851 498 4915 ln
515 4872 544 4917 e.
559 4873 604 4917 m.
620 4852 873 4938 archiepiscopo
892 4850 1086 4917 Coloniensi
1111 4859 1147 4916 et
1171 4851 1331 4936 episcopo
1353 4848 1560 4934 Trajectensi
1583 4870 1622 4915 ac
1646 4851 1779 4917 thesau-

419 4957 500 5020 rario
515 4956 656 5021 ecclesie
673 4956 704 5022 S.
716 4955 823 5021 Marie
839 4955 882 5020 ad
898 4954 1028 5022 Gradus
1044 4955 1264 5021 Coloniensis

453 5119 508 5182 licg.
521 5123 568 5170 Av.
582 5123 620 5181 16,
633 5121 651 5168 i.
665 5121 695 5168 83
707 5136 713 5177 ;
726 5119 784 5168 Vnt.
799 5122 836 5179 73,
850 5121 866 5167 f.
880 5121 919 5178 31,
932 5135 958 5168 n.
971 5122 1011 5169 25.

468 5245 568 5287 Analecta
577 5244 773 5296 vaticano-belgica.
785 5245 814 5285 11.
