4409 6017
501 675 564 738 280
1033 671 1190 740 Troisibme
1211 672 1313 738 ennio.

504 844 621 909 pacem
649 823 810 888 violarent
837 824 990 907 eandem,
1006 826 1060 889 vel
1086 831 1204 889 contra
1228 822 1374 906 aliquem
1398 824 1440 889 de
1464 823 1562 890 dictis
1586 822 1736 891 articulis
1752 822 1858 888 venire

502 936 741 1013 presumerent,
758 937 816 993 aut
838 937 999 994 contenta
1015 937 1049 994 et
1065 927 1237 1013 quodlibet
1263 934 1500 993 contentorum
1515 928 1549 994 in
1566 928 1695 995 eisdem
1720 926 1858 994 articulis

503 1052 571 1096 non
588 1032 807 1116 complerent,
824 1053 892 1097 non
916 1032 1130 1098 attenderent
1146 1031 1199 1095 vel
1215 1051 1284 1096 non
1309 1040 1489 1113 servarent,
1519 1040 1645 1099 extunc
1670 1030 1857 1098 excomuni·
1897 1057 1901 1062 ·

503 1135 653 1215 cationis,
669 1143 705 1199 et
721 1135 881 1200 incorum
898 1144 1002 1202 terras
1017 1146 1052 1201 et
1061 1135 1280 1222 pertinentias
1296 1134 1463 1201 interdicti
1473 1135 1857 1202 sententiasauctoritate
1897 1149 1901 1172 ²

503 1238 688 1324 apostolica
710 1241 944 1325 promulgavit,
970 1262 1052 1325 quas
1077 1239 1212 1325 quidem
1237 1239 1430 1320 sententias,
1457 1239 1518 1305 nisi
1543 1240 1586 1306 ad
1610 1239 1857 1327 requisitionem

504 1341 584 1408 dicti
600 1342 685 1426 regis
700 1352 757 1408 aut
773 1342 933 1408 heredum
949 1354 984 1409 et
999 1363 1226 1409 successorum
1243 1344 1312 1428 ejus
1327 1344 1380 1407 vel
1400 1363 1515 1409 eorum
1531 1343 1586 1428 qui
1602 1347 1644 1410 ab
1668 1344 1750 1430 ipsis
1770 1362 1858 1429 super

504 1446 569 1510 hoc
585 1446 728 1531 speciale
743 1448 940 1512 mandatum
956 1449 1128 1529 haberent,
1146 1447 1252 1512 noluit
1277 1447 1426 1528 relaxari,
1442 1447 1627 1514 sententias
1649 1468 1785 1533 quoque
1799 1445 1857 1511 dic·

505 1559 616 1614 torum
633 1549 883 1629 ordinariorum,
899 1551 925 1616 si
942 1571 1006 1635 que
1022 1551 1205 1617 secundum
1221 1550 1359 1616 modum
1374 1551 1571 1635 premissum
1586 1552 1655 1616 late
1671 1557 1796 1629 essent,
1810 1548 1858 1612 vel
1898 1573 1901 1584 ·

506 1662 684 1738 postquam
700 1652 779 1719 dicti
796 1654 949 1719 ordinarii
967 1676 1024 1720 eas
1039 1654 1222 1721 secundum
1238 1654 1376 1719 modum
1399 1653 1599 1740 premissum
1613 1653 1778 1720 ducerent
1792 1672 1856 1739 pro·

507 1756 668 1837 ferendas,
693 1757 841 1823 decrevit
856 1779 896 1824 ac
927 1781 967 1824 ex
994 1768 1085 1824 certa
1110 1758 1248 1825 scientia
1273 1757 1445 1823 mandavit
1469 1766 1592 1823 extunc
1630 1756 1858 1823 inviolabiliter

506 1860 730 1926 observandas
746 1862 908 1947 ipsasque,
925 1863 986 1928 nisi
1003 1863 1187 1929 secundum
1202 1860 1340 1926 nrodum
1350 1861 1392 1927 de
1408 1881 1475 1947 quo
1484 1860 1700 1947 premittitur,
1710 1860 1857 1926 videlicet

506 1967 630 2048 absque
657 1964 871 2049 requisitione
898 1966 976 2032 dicti
1004 1967 1090 2050 regis
1116 1987 1155 2033 ac
1171 1966 1332 2031 heredum
1348 1974 1383 2029 et
1406 1985 1634 2031 successorum
1657 1984 1793 2031 suorum
1807 1971 1856 2028 aut
1898 1971 1901 2038 l

507 2066 638 2131 illorum
655 2068 709 2152 qui
726 2089 824 2154 super
839 2069 914 2150 hoc,
938 2079 975 2135 ut
990 2071 1178 2156 predictum
1205 2078 1266 2149 est,
1289 2068 1486 2135 mandatum
1513 2068 1682 2135 sufficiens
1705 2069 1855 2134 haberent
1899 2061 1901 2074 '

508 2173 550 2235 ab
568 2171 656 2256 ipsis,
673 2173 863 2238 nullatenus
882 2174 1088 2253 relaxandas,
1114 2173 1356 2239 relaxationem
1373 2172 1574 2256 hujusmodi,
1589 2172 1616 2237 si
1644 2172 1742 2238 aliter
1764 2172 1854 2251 fieret,
1897 2105 1901 2246 i

507 2273 691 2339 decernens
721 2275 844 2341 irritam
861 2285 896 2341 et
913 2278 1044 2342 inanem
1060 2285 1095 2342 et
1111 2276 1232 2342 nullius
1247 2276 1388 2341 existere
1411 2276 1577 2341 firmitatis
1592 2299 1600 2355 ;
1625 2275 1854 2341 venerabilibus

510 2376 662 2443 iratribus
677 2380 799 2444 nostris
812 2430 830 2445 ..
846 2381 1097 2467 archiepiscopo
1119 2379 1278 2446 Remensi
1295 2387 1359 2445 et..
1383 2379 1544 2466 episcopo
1569 2378 1809 2446 Silvanectensi
1824 2398 1854 2442 ac
1893 2323 1901 2446 i

507 2481 632 2546 dilecto
649 2482 747 2549 filio..
763 2486 885 2549 abbate
909 2486 1102 2551 monasterii
1130 2485 1242 2551 Sancti
1270 2482 1412 2559 Dionisii
1438 2483 1472 2547 in
1497 2481 1648 2565 Francia,
1676 2480 1853 2549 Parisiensis
1899 2515 1901 2520 ·

506 2581 658 2664 diocesis
674 2605 772 2669 super
787 2585 1022 2670 premissorum
1048 2586 1279 2653 observatione
1306 2587 1539 2653 executoribus
1563 2586 1744 2673 deputatis,
1768 2592 1850 2672 prout

508 2686 541 2749 in
557 2686 695 2752 diversis
709 2688 859 2772 ejusdem
874 2689 1117 2775 predecessoris
1133 2689 1251 2754 litteris
1268 2689 1344 2755 inde
1360 2690 1522 2757 coniectis
1538 2691 1675 2776 ejusque
1685 2711 1764 2757 vera
1777 2689 1851 2755 bulla

509 2790 645 2855 munitis
658 2795 669 2862 t
678 2793 704 2874 ¹)
720 2792 851 2876 plenius
875 2794 1075 2859 continetur.
1092 2793 1217 2859 Verum
1244 2793 1344 2858 iidem
1362 2794 1528 2860 Robertus
1549 2803 1585 2859 et
1601 2794 1659 2859 filii
1676 2815 1717 2860 ac
1740 2793 1850 2859 nobiles

510 2902 544 2959 et
559 2896 740 2977 burgenses
755 2905 789 2960 et
805 2898 1028 2963 comunitates
1043 2897 1193 2983 predicti,
1218 2898 1340 2983 proprii
1364 2899 1472 2963 solum
1488 2907 1723 2984 prosecutores
1745 2894 1849 2964 arbitrii

513 2999 700 3066 strationis
722 3009 886 3085 expertes,
914 3002 948 3065 in
973 3002 1063 3067 illam
1092 3001 1229 3068 factiose
1254 3001 1437 3087 eruptionis
1463 3002 1653 3088 superbiam
1678 3001 1849 3089 prorupisse

512 3101 666 3167 dicuntur
682 3112 728 3185 ut,
746 3105 857 3170 federa
881 3104 1030 3190 predicta
1055 3113 1258 3190 rumpentes,
1285 3113 1447 3171 contenta
1470 3106 1504 3169 in
1529 3126 1612 3191 pace
1629 3106 1760 3192 prefata
1776 3124 1849 3172 corn·
1893 3065 1900 3164 l

511 3208 611 3290 plcre,
628 3218 742 3272 tenere
758 3218 792 3273 et
808 3229 938 3274 servare
954 3229 1020 3274 non
1039 3209 1236 3290 curaverint,
1254 3230 1335 3293 ymo
1344 3218 1472 3274 temere
1483 3210 1596 3275 venire
1606 3209 1851 3296 presumpserint

510 3322 626 3377 contra
642 3334 681 3377 ea
697 3333 754 3377 seu
770 3313 880 3396 aliqua
896 3313 1088 3392 eorundem,
1105 3312 1271 3398 predictas
1287 3313 1471 3378 sententias
1492 3321 1562 3378 tarn
1578 3334 1638 3399 per
1653 3313 1782 3380 dictum
1795 3331 1851 3399 pre·

511 3417 719 3482 decessorem
737 3437 836 3500 quam
852 3438 911 3502 per
928 3417 1110 3482 ordinarios
1127 3426 1331 3482 memoratos
1355 3425 1492 3503 propter
1508 3417 1698 3502 hujusmodi
1725 3420 1854 3504 ipsomm

512 3521 740 3586 contumacias
756 3521 788 3584 in
806 3541 864 3585 eos
879 3529 914 3585 et
930 3530 1034 3585 terras
1057 3542 1172 3585 eorum
1189 3522 1344 3605 prolatas,
1371 3520 1629 3606 dampnabiliter
1655 3520 1855 3595 incurrentes

513 3645 605 3707 (pras,
633 3624 752 3688 nullius
786 3625 1000 3689 correctionis
1025 3627 1203 3710 prebentes
1239 3623 1359 3689 indicia
1383 3645 1446 3690 nec
1477 3624 1713 3691 declinationis
1739 3624 1857 3691 amalo

513 3737 708 3811 argumenta
724 3736 960 3808 monstrantes
982 3728 1040 3794 sed
1057 3729 1089 3792 in
1106 3736 1205 3814 cepta
1220 3728 1387 3813 protervia
1402 3727 1621 3813 persistend0,
1638 3728 1672 3792 in
1700 3728 1858 3795 ecclesias·

514 3832 579 3896 tice
595 3830 767 3916 discipline
784 3842 1026 3918 contemptum,
1044 3853 1176 3897 suarum
1192 3831 1376 3897 animarum
1403 3831 1585 3917 perniciem
1602 3841 1637 3896 et
1652 3832 1860 3918 plurimomm

514 3936 706 4001 scandalum
723 3936 884 4000 sustinere
897 3935 1061 4017 dicuntur,
1078 3936 1197 4001 animis
1213 3935 1382 4015 induratis,
1398 3935 1503 4000 redire
1519 3934 1562 4000 ad
1577 3935 1745 4001 unitatem
1759 3936 1862 4004 Eccle-

514 4040 561 4103 sie
578 4060 645 4104 non
662 4049 815 4105 curantes
832 4063 838 4119 ;
857 4061 921 4123 que
937 4048 1033 4105 tanto
1049 4039 1193 4125 amplius
1208 4040 1329 4105 nostris
1345 4042 1463 4105 acerba
1480 4047 1557 4103 sunt
1573 4038 1726 4105 sensibus
1736 4040 1863 4107 etdolo

514 4165 587 4208 rose
604 4146 754 4222 molesta,
772 4154 907 4229 quanto,
925 4144 1004 4208 dum
1022 4143 1264 4229 prosecutionis
1290 4143 1415 4228 negotii
1439 4142 1541 4207 Terre
1563 4142 1685 4208 Sancte
1702 4152 1738 4210 et
1753 4146 1865 4211 multo

515 4269 587 4312 rum
607 4249 745 4313 aliorum
770 4252 934 4313 bonorum
961 4248 1203 4333 impedimenta
1228 4248 1340 4332 gravia
1367 4248 1539 4331 variasque
1564 4255 1692 4331 strages
1718 4248 1866 4326 fidelium,

515 4352 791 4437 depopulationes
816 4353 964 4417 locorum
989 4360 1023 4416 et
1048 4352 1228 4416 multarum
1253 4351 1470 4417 ecclesiarum
1490 4349 1665 4435 dispendia
1695 4372 1761 4436 que
1788 4353 1867 4440 prior

515 4476 630 4520 eorum
654 4476 770 4536 guerra
796 4455 948 4540 parturiit
975 4476 1083 4538 queve
1109 4456 1226 4520 eadem
1252 4455 1408 4520 redeviva
1435 4474 1648 4538 consurgens,
1672 4455 1766 4539 quod
1786 4457 1868 4522 Deus

515 4569 654 4639 avertat,
671 4559 818 4643 ejusdem
836 4558 937 4623 Terre
954 4560 1089 4643 negotio
1106 4559 1210 4643 possit
1227 4559 1467 4643 impedimenta
1482 4557 1683 4644 pretendere
1699 4568 1735 4625 et
1751 4560 1868 4626 anima·

516 4685 588 4728 rum
604 4673 638 4727 et
654 4684 830 4747 corporum
847 4663 991 4747 pericula
1017 4673 1052 4727 et
1068 4663 1148 4726 alias
1172 4662 1389 4727 adversitates
1414 4663 1604 4727 innumeras
1630 4661 1821 4730 ministrare
1842 4663 1868 4727 in

516 4767 737 4832 discutionem
754 4766 1028 4831 considerationis
1044 4766 1170 4831 interea
1186 4766 1391 4846 deducimus,
1409 4766 1506 4831 nobis
1528 4775 1562 4830 et
1578 4767 1709 4833 cunctis
1726 4768 1868 4834 fidelibus

761 4931 947 4937 ———.
958 4930 1219 4938 .—--——--—.

553 5027 571 5070 l.
588 5024 718 5071 Lett1·cdu
733 5027 747 5070 2
759 5022 815 5083 juin
831 5024 899 5072 1:307.
919 5023 980 5083 Vox.
997 5022 1127 5085 lapmian
1145 5022 1277 5070 (lenientis
1285 5039 1372 5086 palan·
1392 5023 1410 5069 i'
1421 5021 1474 5084 (dl.
1489 5022 1533 5071 dcs
1551 5021 1739 5085 denebertus),
1752 5040 1779 5077 ιι.
1794 5026 1865 5076 lad:

514 5105 545 5152 ‹lc
558 5107 718 5167 limburg-si
727 5107 798 5163 innn,
816 5105 896 5153 (lule-e·
908 5104 1085 5167 ‹lqnmntnnn
1097 5103 1247 5164 Flandriaa,
1261 5112 1279 5153 t.
1295 5105 1326 5164 ll,
1341 5120 1364 5167 p.
1380 5107 1418 5157 27.
