4409 6017
1006 682 1189 751 Fornulaire
1707 712 1779 779 va

406 811 511 869 herum
533 818 674 873 comitiva
695 825 900 879 monasterium
922 845 1050 884 sororum
1071 831 1246 888 inclusarum
1268 839 1374 894 ordinis
1396 842 1425 897 S.
1450 845 1540 910 Clare,
1564 855 1641 915 quod
1663 855 1692 911 in
1714 859 1780 915 villa

413 890 450 947 <ic
475 895 584 989 Sancto
611 902 789 970 Andomaro,
818 906 989 963 Morinensis
1016 910 1147 981 diocesis,
1163 920 1335 981 ..quondam
1349 925 1461 986 genitor
1476 939 1546 994 tuus,
1561 943 1592 985 ut
1606 938 1708 992 asseris
1733 942 1781 1005 pia

419 974 565 1072 Quone
582 984 723 1052 fundavit,
741 987 770 1040 in
786 1006 843 1052 quo
860 991 945 1045 etiam
960 992 1045 1049 simili
1061 995 1214 1052 devotione
1243 1001 1328 1056 ducta
1357 1009 1489 1062 continue
1523 1013 1650 1071 edificari
1680 981 1717 1075 te,
1737 1042 1779 1077 as-

425 1073 496 1123 seris,
520 1079 647 1146 ipsorum
669 1070 835 1157 monasterii
861 1081 888 1125 et
912 1074 1019 1129 ordinis
1043 1080 1190 1133 contrariis
1213 1085 1324 1138 statutis
1347 1098 1374 1140 et
1397 1096 1647 1151 consuetudinibus
1667 1105 1779 1166 quibus-

429 1152 538 1238 tumque
551 1160 585 1198 ac
598 1151 802 1239 constitutione
816 1153 943 1217 qualibet
957 1155 986 1209 in
999 1160 1173 1213 contrarium
1188 1163 1264 1217 edita
1277 1182 1459 1232 nequaqnam
1472 1173 1659 1246 obstantibus,
1673 1183 1709 1236 de
1723 1185 1770 1237 die

433 1218 499 1311 bons
517 1242 647 1291 congruis
668 1241 696 1284 et
716 1232 844 1287 honestis
864 1235 1020 1301 dumtaxat,
1040 1242 1174 1304 quotiens
1198 1244 1251 1300 tibi
1272 1248 1409 1312 placuerit
1433 1253 1521 1310 libere
1545 1262 1637 1322 possis
1660 1230 1778 1329 ingredi

437 1312 471 1356 tta
486 1314 573 1399 tamen
590 1313 672 1376 quod
692 1330 747 1368 nec
767 1325 798 1369 tn
818 1334 873 1372 nec
894 1320 1026 1374 comitiva
1048 1324 1177 1387 predicta
1205 1330 1361 1385 comedatis
1389 1335 1434 1387 vel
1463 1342 1634 1401 pernoctetis
1663 1314 1778 1400 ibidem,

441 1397 581 1446 mutuate
603 1395 657 1450 tibi
680 1399 859 1462 presentium
882 1401 1070 1467 indulgemus.
1771 1390 1777 1410 ’

472 1470 537 1529 Nulli
550 1486 599 1533 etc.
615 1488 716 1533 nostre
733 1483 925 1537 concessionis
941 1484 1097 1551 infringere
1118 1500 1170 1547 etc.

474 1552 560 1613 Datum
580 1561 727 1617 Avinione
750 1564 824 1619 Vlll
850 1564 888 1619 id.
914 1567 1036 1630 januarii
1059 1587 1135 1626 anno
1153 1585 1263 1632 octavo.

1050 1830 1129 1914 28.

809 2081 987 2134 intrans
1013 2083 1381 2141 coussnvnrornas.

1022 2203 1059 2263 (n.
1079 2205 1153 2267 750).

485 2372 672 2433 l'enerabilibus
686 2379 822 2434 fratribus
833 2426 839 2436 .
851 2427 856 2437 ,
868 2380 1064 2435 Suessionensi
1081 2391 1110 2434 et
1130 2424 1135 2435 .
1148 2428 1153 2439 .
1166 2382 1390 2442 Cathalaunensi
1408 2406 1441 2443 ac
1461 2434 1484 2447 ..
1497 2392 1654 2452 Morinensi
1673 2404 1776 2467 episco-

457 2455 606 2516 vissuutem.

472 2539 568 2596 >Adhuc
583 2559 634 2596 nos
653 2543 733 2596 Deus
748 2542 862 2606 pretulit
879 2543 907 2595 in
923 2543 1062 2596 familiam
1076 2544 1181 2597 domus
1207 2563 1258 2599 sue
1283 2561 1314 2600 ut
1338 2561 1479 2614 oportuna
1505 2554 1622 2618 singulis
1648 2561 1775 2622 personis

456 2619 530 2674 iutilia
547 2624 638 2677 fidelis
662 2625 804 2678 servitutis
829 2624 954 2686 injuncte
987 2625 1139 2689 prudentia
1169 2644 1220 2691 pro
1241 2639 1368 2693 ternpore
1389 2632 1595 2700 dispensantes
1616 2656 1715 2693 eorum
1735 2659 1779 2695 ne-

455 2700 595 2759 canibus
617 2706 807 2771 intendamus,
830 2722 1011 2759 occurramus
1035 2704 1191 2770 dispendiis
1213 2708 1346 2774 ipsosque
1367 2712 1403 2765 ab
1426 2716 1655 2777 oppressionibus
1677 2720 1779 2774 releve-

454 2796 503 2838 nus.

479 2864 535 2922 Sane
552 2870 720 2924 dilectorum
739 2868 889 2928 filiorum..
910 2869 1012 2923 decani
1034 2880 1060 2921 et
1082 2869 1201 2935 capituli
1224 2874 1343 2927 ecclesie
1366 2876 1554 2932 Tomacensis
1578 2883 1781 2946 conquestione

458 2952 602 3015 percepimus
620 2952 701 3017 quod
718 2950 846 3004 nonnulli
865 2949 958 3004 clerici
979 2962 1007 3004 et
1026 2951 1217 3006 ecclesiastice
1234 2947 1364 3023 persone,
1382 2967 1441 3010 tam
1458 2959 1590 3023 religiose
1605 2979 1691 3027 quani
1708 2980 1785 3018 secu-

456 3032 513 3101 lares,
528 3036 555 3091 in
569 3035 756 3100 dignitatibus
775 3044 802 3088 et
819 3034 1018 3099 personatibus
1034 3034 1195 3099 constitute,
1213 3053 1324 3091 necnon
1339 3039 1434 3109 duces,
1452 3042 1582 3107 barones,
1597 3047 1784 3110 marchiones,

455 3116 549 3184 unite,
570 3118 710 3181 advocati,
732 3115 851 3176 nobiles,
874 3113 985 3178 milites,
1005 3115 1203 3169 universitates
1226 3127 1391 3185 castrorum,
1413 3121 1571 3187 opidorum,
1596 3125 1734 3189 villarum,
1758 3139 1785 3182 et

454 3190 499 3250 biti
518 3198 740 3253 Tomacenn'um
763 3199 883 3252 civitatis
910 3208 936 3251 et
963 3197 1083 3251 diocesis
1105 3215 1138 3250 ac
1154 3198 1277 3262 partium
1293 3200 1449 3255 vicinarum
1464 3220 1554 3268 nuper
1567 3218 1741 3270 ocoupartmt
1757 3221 1784 3262 et

450 3280 553 3343 “lupari
577 3282 710 3335 fecerunt
738 3291 839 3346 castra,
867 3280 957 3343 villas,
985 3278 1100 3341 casalia,
1122 3290 1220 3344 terras,
1244 3284 1448 3350 possessiones,
1473 3287 1617 3349 vassallos,
1644 3288 1782 3350 homines,

449 3354 496 3425 lin
508 3361 716 3425 iurisdictiones
734 3373 761 3416 et
778 3361 916 3416 nonnulla
932 3361 988 3414 alia
1004 3361 1081 3414 bona
1102 3361 1219 3415 mobilia
1237 3373 1265 3415 et
1283 3362 1437 3417 immobilia
1456 3365 1615 3420 addictam
1633 3370 1782 3423 ecclesiam

448 3448 574 3505 llettantia
601 3458 628 3501 et
645 3465 680 3500 ea
690 3447 820 3501 detinent
835 3455 982 3510 occupata,
993 3461 1045 3499 seu
1060 3443 1226 3506 hujusmodi
1244 3446 1437 3501 detinentibus
1454 3459 1582 3514 prestant
1601 3452 1734 3506 auxilitun
1754 3465 1781 3506 et

447 3525 552 3599 liment
573 3537 703 3589 vassalos
725 3534 812 3587 etiam
834 3533 963 3587 homines
985 3541 1013 3585 et
1034 3531 1153 3585 colonos
1173 3531 1202 3584 in
1220 3533 1300 3586 terris
1320 3545 1348 3586 et
1366 3535 1434 3589 locis
1452 3536 1489 3588 ad
1508 3536 1612 3589 dictam
1632 3539 1780 3591 ecclesiam

446 3616 611 3675 mactantibus
631 3617 821 3679 consistentes
842 3631 945 3679 capere
967 3624 995 3668 et
1016 3612 1128 3667 carceri
1148 3614 1319 3679 mancipare,
1342 3632 1437 3680 equos.
1459 3634 1535 3679 oves,
1559 3619 1645 3671 boves
1668 3630 1695 3673 et
1716 3638 1781 3674 non-

446 3696 503 3752 nli
519 3700 573 3754 alia
594 3700 673 3761 bona
694 3698 813 3752 mobilia
834 3698 873 3752 ad
893 3696 999 3752 dictam
1021 3695 1175 3750 ecclesiam
1196 3698 1354 3761 spectantia
1374 3716 1486 3753 necnon
1507 3701 1653 3755 hominum
1675 3711 1702 3754 et
1722 3717 1781 3754 vas-

446 3776 553 3836 allorum
571 3782 634 3845 ejus
652 3781 683 3834 in
699 3779 820 3845 predam
837 3779 988 3842 abducere,
1006 3794 1042 3832 ac
1059 3778 1161 3831 domos
1192 3777 1318 3843 ipsorum
1347 3780 1478 3833 incendio
1508 3799 1690 3836 concremare
1720 3802 1779 3848 pre-

445 3871 597 3927 nnpsmtnt
625 3863 764 3923 hactenus
793 3871 822 3915 et
850 3870 1031 3925 preamium,
1058 3859 1197 3913 nonnulle
1223 3876 1336 3925 quoque
1361 3861 1417 3915 alie
1443 3880 1564 3927 persone
1589 3866 1780 3920 ecclesiastice

446 3941 558 4003 mines
577 3957 606 4000 et
625 3945 781 4010 regulares,
800 3944 895 4008 duces,
915 3942 1040 4006 comites,
1058 3942 1183 3997 barones
1203 3954 1231 3998 et
1247 3944 1358 3999 nobiles
1377 3961 1410 3998 ac
1426 3946 1624 3999 universitates
1643 3956 1670 3999 et
1688 3946 1779 4009 singu-

446 4019 497 4084 hro
516 4044 636 4093 persone
649 4038 825 4092 castrorum,
850 4026 987 4090 villarum,
1010 4024 1163 4090 opidorum
1184 4026 1312 4092 civitatis,
1336 4026 1456 4081 diocesis
1481 4037 1507 4081 et
1530 4030 1653 4092 partium
1674 4029 1780 4092 predic-

447 4111 514 4163 ἵππω
533 4110 569 4163 de
593 4109 758 4175 redditibus,
784 4108 975 4174 proventibus,
998 4106 1140 4172 censibus,
1167 4107 1275 4170 juribus
1303 4119 1331 4162 et
1359 4109 1443 4162 rebus
1469 4109 1531 4163 aliis
1558 4109 1596 4162 ad
1622 4110 1779 4174 predictam

449 4189 567 4247 enaim
585 4190 790 4257 spectantibus,
811 4189 919 4243 eisdem
939 4190 1049 4243 decano
1070 4198 1097 4242 et
1118 4188 1241 4253 capitulo
1264 4191 1309 4243 vel
1332 4190 1393 4253 ejus
1417 4192 1591 4254 procuratori
1613 4202 1661 4244 aut
1683 4210 1780 4256 procu-

450 4271 567 4340 morbus
582 4274 690 4338 ,nolunt
715 4271 894 4338 aliquatenus
923 4269 1114 4336 respondere;
1134 4270 1264 4324 nonnulli
1291 4272 1377 4325 etiam
1402 4272 1521 4326 civitatis
1549 4283 1577 4325 et
1604 4273 1724 4329 diocesis
1752 4285 1779 4328 et

451 4351 768 4420 enitueredictarurn
798 4354 846 4419 qui
876 4370 981 4408 nornen
1010 4352 1129 4407 Domini
1146 4353 1176 4406 in
1191 4369 1313 4406 vacuum
1330 4352 1457 4418 recipere
1474 4370 1533 4408 non
1548 4354 1710 4421 formidant,
1731 4357 1779 4408 eis-

452 4426 495 4486 llttn
506 4437 609 4500 decano
626 4447 655 4491 et
672 4437 797 4502 capitulo
814 4439 842 4490 in
858 4435 964 4499 castris,
982 4435 1062 4497 villis,
1081 4434 1231 4497 casalibus
1262 4437 1350 4499 terris,
1379 4436 1613 4500 possessionibus,
1642 4438 1778 4496 vassallis,

454 4507 578 4590 limitibus
616 4537 771 4585 eorumque
801 4518 922 4583 familiis,
952 4518 1140 4582 libertatibus,
1173 4518 1403 4580 immunitatibus,
1436 4519 1684 4582 jurisdictionibus,
1716 4520 1779 4581 juri-

455 4588 578 4663 litionis
596 4612 624 4656 et
642 4603 728 4655 rebus
744 4602 806 4655 aliis
823 4601 861 4654 ad
879 4600 1029 4657 ecclesiam
1046 4601 1188 4664 prefatam
1215 4602 1409 4663 spectantibus
1437 4601 1606 4663 multiplices
1635 4602 1779 4653 molestias

458 4669 546 4735 lllerunt
565 4697 590 4738 et
609 4687 742 4748 jacturas.
766 4684 861 4747 Quare
882 4684 950 4737 dicti
970 4685 1095 4738 decanus
1118 4691 1145 4735 et
1160 4682 1315 4746 capitulum
1331 4683 1413 4736 nobis
1429 4683 1571 4736 humiliter
1585 4684 1778 4747 supplicarunt

460 4766 540 4817 rtrum
553 4768 631 4820 valde
648 4767 767 4822 difficile
784 4767 920 4821 reddatur
936 4765 1046 4820 eisdem
1062 4782 1115 4830 pro
1135 4764 1253 4827 singulis
1273 4765 1394 4827 querelis
1413 4765 1450 4817 ad
1470 4766 1657 4829 apostolicam
1675 4767 1778 4819 Sedern

461 4834 535 4898 libere
550 4864 695 4914 recursum,
714 4849 863 4914 providere
881 4849 922 4903 eis
940 4865 1025 4911 super
1042 4847 1097 4901 hoc
1117 4856 1236 4911 patema
1261 4846 1409 4910 diligentia
1433 4846 1624 4910 dignaremur.

405 4974 416 4996 ,Δ
486 4922 529 4978 ii0⁵
549 4929 626 4994 icitur
649 4933 785 4986 adversus
811 4940 1004 4996 occupatores,
1031 4939 1251 4994 presumptores,
1271 4932 1468 4984 molestatores
1488 4939 1515 4980 et
1536 4929 1714 4991 injuriatores
1733 4930 1779 4981 hu-

465 4997 552 5063 Μ
573 5013 618 5069 illo
634 5015 763 5069 volentes
784 5014 824 5068 eis
842 5012 968 5068 remedio
988 5010 1147 5071 subvenire,
1168 5029 1219 5075 per
1238 5011 1317 5076 quod
1336 5011 1461 5073 ipsorum
1481 5022 1677 5072 compescatur
1696 5023 1780 5064 terne·

467 5080 514 5139 ‘llil
527 5102 548 5144 tt
562 5096 615 5152 aliis
633 5098 725 5152 aditus
743 5095 939 5151 committendi
957 5094 1059 5149 similia
1079 5093 1269 5159 precludatur,
1294 5092 1463 5147 fraternitati
1485 5102 1579 5151 vestre
1600 5110 1651 5157 per
1672 5101 1780 5155 aposto-

405 5221 413 5255 l
504 5202 580 5251 Meti·
591 5214 785 5261 vaticano-belgico.
806 5212 836 5253 ll.
1711 5207 1732 5246 E
