4409 6017
906 458 1052 525 Premibre
1073 461 1176 527 annae.
1667 471 1725 538 105

372 610 445 668 trum
464 602 518 685 R,
534 605 822 693 archiepiscopum
841 606 1093 691 Bituricensem,
1110 622 1145 678 et
1161 613 1320 680 dilectum
1338 615 1443 681 lilium
1456 616 1591 684 fratrem
1602 618 1724 686 Beren-

366 707 485 789 garium
501 707 546 774 de
563 707 745 791 Iandorra,
761 712 956 797 magistrum
973 715 1097 781 ordinis
1121 716 1381 800 Predicatorum,
1399 720 1488 787 viros
1511 724 1626 808 utique
1649 746 1726 811 pro-

364 812 435 877 bate
460 812 773 899 circumspectionis
797 824 831 881 et
856 816 943 894 fidei,
959 820 1051 904 pacis
1076 828 1110 885 et
1130 821 1308 887 concordie
1331 824 1502 905 zelatores,
1522 827 1726 895 exhibitores

361 915 568 1002 presentium
582 914 626 981 ad
640 925 753 1002 partes
768 919 840 984 illas
855 923 1098 1006 presentialiter
1113 924 1329 1005 destinamus,
1346 927 1463 1011 quibus
1478 949 1537 1015 per
1547 951 1608 995 vos
1619 931 1652 995 in
1662 932 1725 999 hiis

307 1037 308 1110 l
358 1040 492 1106 quepro
501 1029 598 1106 parte
607 1029 720 1087 nostra
731 1023 825 1090 vobis
835 1024 922 1092 circa
931 1028 1090 1112 premissa
1100 1029 1283 1108 retulerint,
1292 1031 1393 1097 fidem
1402 1032 1547 1118 petimus
1557 1033 1724 1100 credulam

356 1123 530 1190 adhibere.
547 1124 627 1190 Dat.
642 1126 741 1193 Aviu.
759 1147 776 1212 3
794 1127 860 1193 kal.
876 1130 953 1194 maii
970 1131 1061 1216 ⁴(1).
1080 1148 1097 1199 1)

386 1260 452 1332 lta-g.
466 1272 527 1321 Vnt.
542 1274 594 1331 1119,
608 1272 626 1322 1.
639 1275 677 1327 45,
689 1288 715 1323 n.
730 1275 928 1334 189;Vat.110,
941 1292 1000 1340 prus
1012 1279 1102 1337 1131,
1114 1294 1138 1327 n.
1151 1282 1243 1328 lot-
1253 1281 1359 1341 (bulon,
1368 1297 1393 1333 n.
1406 1285 1451 1332 1911
1463 1284 1569 1347 (texte).

398 1451 512 1537 321.
1378 1477 1489 1565 11317,
1507 1502 1548 1566 29
1564 1482 1682 1569 avril}

401 1572 542 1639 Eisdem
557 1573 708 1641 scribitur
722 1573 765 1640 de
780 1575 900 1641 eodem
925 1578 1010 1663 (aoy.
1032 1602 1063 1644 a.
1077 1580 1172 1664 320),
1199 1602 1273 1647 cum
1297 1584 1442 1650 clausula
1464 1586 1728 1653 comminatoria.

400 1791 418 1831 ‹
452 1766 630 1835 Universis
657 1769 883 1854 burgensibus,
913 1772 1056 1837 scabinis
1086 1781 1120 1837 et
1151 1769 1412 1837 comunitatibus
1441 1772 1592 1838 villarum
1623 1775 1727 1842 totius

355 1878 543 1944 comitatus
556 1876 711 1943 Flandn'e
726 1886 784 1943 aut.
796 1899 909 1944 earum
922 1878 1190 1963 procuratoribus
1205 1897 1263 1941 seu
1273 1875 1397 1942 nuntiis
1410 1877 1452 1942 ad
1462 1899 1546 1962 quos
1555 1888 1727 1964 presentes

354 1982 469 2048 littere
483 1980 709 2067 pervenerint,
725 1981 876 2067 spiritum
901 1982 1029 2048 consilii
1056 1980 1204 2047 sanioris.
1223 1979 1338 2045 Habet
1354 1988 1461 2045 mater
1477 1980 1628 2048 Ecclesia
1651 2004 1727 2050 cau·

354 2107 428 2151 sam
445 2087 554 2152 multe
577 2086 776 2152 turbationis
792 2094 826 2151 et
852 2087 1092 2173 compassionis
1117 2086 1150 2151 111
1178 2085 1282 2165 vobis,
1299 2085 1378 2150 dum
1404 2085 1518 2152 sedule
1543 2088 1668 2173 cogitat
1692 2098 1725 2156 et

355 2191 515 2258 dolenter
529 2190 675 2257 advertit
689 2200 799 2259 vestre
814 2192 1039 2259 indevotionis
1054 2201 1089 2258 et
1105 2190 1332 2257 inobedientia
1348 2189 1476 2271 vitium,
1494 2212 1561 2276 quo
1577 2195 1619 2258 ab
1647 2194 1727 2259 olim

356 2317 376 2361 a
391 2295 567 2362 fidelitatis
581 2295 694 2362 debite
710 2296 837 2363 semitis
852 2297 1087 2378 claudicantes,
1105 2305 1223 2364 contra
1247 2297 1334 2362 clare
1358 2296 1518 2361 memorie
1536 2296 1727 2384 Philippum

357 2407 390 2465 et
406 2398 632 2480 Ludovicum,
647 2421 741 2484 reges
757 2400 907 2483 Francie,
923 2402 1107 2482 laborastis,
1123 2410 1158 2467 et
1183 2400 1274 2486 quod
1296 2400 1330 2464 in
1354 2400 1487 2485 culpam
1514 2400 1727 2469 continuasse

356 2504 536 2571 noscimini
552 2513 670 2572 contra
684 2505 888 2572 carissimum
905 2505 938 2572 in
955 2506 1089 2572 Christo
1106 2505 1209 2571 filium
1226 2513 1377 2571 nostrum
1397 2503 1600 2591 Philippum,
1616 2527 1728 2591 regem

359 2606 501 2676 Francie
516 2618 552 2675 et
568 2608 719 2676 Navarre
735 2611 906 2690 illustrem,
923 2632 1148 2678 successorem
1165 2630 1290 2675 eorum.
1308 2608 1410 2675 Unde
1434 2609 1557 2675 nedum
1580 2609 1729 2676 christia-

359 2712 497 2780 nissimo
511 2734 617 2799 regno
633 2713 783 2792 Francie,
800 2715 879 2799 quin
895 2724 929 2782 et
932 2715 996 2781 iam
1012 2714 1115 2781 Terre
1131 2714 1278 2780 Sancte
1269 2734 1443 2779 innumera
1457 2712 1631 2800 dispendia
1651 2733 1728 2800 pro·

309 2815 313 2944 l,
359 2824 537 2896 venerunt,
549 2838 637 2899 cum,
647 2827 758 2905 preter
766 2840 952 2886 ammarum
961 2817 1142 2907 pericula
1159 2837 1338 2904 corporum
1348 2826 1519 2904 stragese
1505 2812 1669 2884 tiaeultat
1655 2826 1729 2883 tum

359 2922 470 3009 lapsus
486 2944 553 3009 que
568 2922 797 2990 inobedientia
811 2934 885 2992 vest
886 2945 922 2990 ra
948 2925 1018 2992 sive
1033 2922 1206 2991 rebellio
1197 2943 1232 2987 m
1254 2941 1359 3008 regno
1383 2921 1534 3009 predicto
1558 2921 1728 3009 produxit,

360 3045 518 3116 perpessa
534 3025 578 3094 sit
592 3026 773 3114 hucusque,
783 3030 868 3115 proh
881 3028 986 3107 dolor,
996 3036 1084 3095 terra
1100 3029 1171 3114 ipsa
1183 3035 1332 3093 extreme
1342 3025 1435 3112 quasi
1451 3025 1667 3094 desolationis
1680 3026 1729 3091 in·

362 3131 517 3212 comoda,
533 3152 598 3217 que
613 3131 706 3218 pium
721 3133 903 3200 subsidium
919 3136 960 3199 ab
973 3132 1089 3199 inclita
1099 3132 1203 3199 domo
1213 3130 1354 3197 Francie
1366 3129 1489 3198 diutius
1501 3138 1728 3216 expectatum,

363 3238 492 3324 regibus
517 3236 597 3323 ipsis
621 3246 757 3323 propter
784 3237 1045 3303 inobedientiam
1071 3245 1217 3302 vestram
1235 3235 1399 3302 distractis
1426 3233 1469 3301 ad
1496 3235 1584 3300 bella
1608 3234 1727 3312 civilia,

364 3342 514 3408 obtinere
541 3340 701 3425 nequirit.
723 3341 789 3406 Sed
812 3350 846 3407 et
870 3342 950 3407 illud
971 3349 1116 3406 vestram
1138 3340 1171 3404 in
1198 3340 1261 3405 hac
1287 3347 1382 3426 parte
1406 3341 1540 3425 culpam
1567 3338 1729 3423 adaugere

365 3444 495 3512 videtur
510 3444 612 3529 quod,
628 3446 706 3511 licet
722 3446 868 3531 prefatus
883 3467 940 3511 rex
957 3445 1140 3530 Philippus,
1156 3444 1236 3509 dum
1252 3443 1286 3509 in
1302 3446 1399 3509 rebus
1423 3446 1543 3527 agebat
1564 3443 1729 3522 humanis,

367 3570 403 3614 ex
417 3550 537 3616 innata
553 3548 614 3614 sibi
631 3550 788 3615 clement
764 3559 809 3614 1111
825 3550 1043 3615 misericordit
1030 3557 1081 3614 ter
1096 3548 1192 3614 vobis
1208 3546 1379 3613 indulserit
1400 3568 1527 3631 vosque
1548 3549 1693 3612 clement
1680 3555 1731 3612 ter

369 3652 534 3719 admiserit
550 3652 593 3718 ad
608 3674 666 3717 sue
681 3654 961 3719 reconciliationis
976 3661 1070 3738 grat
1051 3654 1115 3717 iam
1133 3674 1192 3738 per
1207 3651 1451 3718 concordiamt
1438 3660 1615 3717 tractatam
1628 3651 1729 3716 utrin-

313 3723 321 3826 i
370 3777 437 3841 que,
453 3777 557 3842 quam
573 3764 606 3821 et
622 3778 683 3822 vos
698 3779 757 3843 per
769 3760 957 3842 juramenta
973 3778 1071 3844 super
1085 3758 1151 3823 hoc
1167 3757 1284 3842 prestit
1287 3778 1306 3821 a
1334 3776 1474 3836 serv,are
1496 3756 1581 3820 sicut
1568 3754 1730 3821 taudivi·

370 3881 446 3942 mus,
458 3860 641 3928 efficaciter
652 3862 820 3947 promisist
822 3863 891 3942 is,e
872 3871 986 3927 trieon
1000 3865 1180 3927 observ
1122 3869 1180 3926 an
1182 3882 1218 3926 es
1229 3862 1313 3925 latas
1328 3859 1371 3925 ad
1380 3867 1453 3925 ves
1455 3881 1524 3925 ram
1536 3859 1729 3925 instantiam

372 3966 551 4049 apostolica
565 3966 765 4032 auctoritate
781 3968 964 4032 sententias
979 3964 1337 4031 excommunicationis
1358 3964 1391 4027 in
1407 3984 1565 4050 personas
1580 3971 1614 4029 et
1630 3963 1730 4028 inter-

373 4068 444 4135 dicti
471 4070 505 4134 in
530 4078 634 4135 terras
661 4071 813 4136 voluistis
838 4072 1013 4147 incurrere,
1044 4068 1280 4133 nichilominus
1303 4078 1416 4133 tamen
1442 4088 1511 4146 vos,
1546 4067 1664 4150 ingrati
1688 4067 1730 4133 de

375 4181 436 4255 grat
438 4174 479 4254 ia,
509 4173 737 4258 postmodum,
768 4175 853 4239 sicut
839 4174 998 4251 11111111,
1030 4173 1173 4238 rediistis
1203 4172 1244 4237 ad
1270 4172 1444 4250 vomitum,
1475 4192 1592 4257 pacem
1625 4170 1729 4255 ipsam

320 4303 323 4322 ·
375 4277 553 4362 nephandis
568 4277 702 4343 ausibus
718 4278 944 4358 infringentes
966 4287 1056 4363 spret
1059 4278 1085 4342 is
1101 4275 1275 4342 sententiis
1291 4283 1323 4340 et
1338 4276 1600 4359 juramentorum
1625 4283 1730 4339 trans·

320 4327 586 4462 igressionibus
611 4402 677 4445 non
705 4390 740 4447 at
742 4390 813 4447 tent
817 4382 853 4447 is.
881 4383 985 4467 Super
1009 4382 1127 4465 quibus
1154 4381 1310 4445 nimirum
1337 4380 1490 4476 dolentes
1521 4400 1561 4443 ex
1593 4378 1728 4459 intimis,

404 4595 535 4643 olrrdrte
547 4609 657 4657 nouaque
668 4595 767 4642 draerral
762 4612 799 4641 ’11
793 4611 829 4657 11,
844 4594 1297 4657 1111-1111111111111111111
1312 4594 1365 4641 111),

411 4913 427 4959 l.
442 4915 514 4963 rorte
525 4915 604 4962 lettre
616 4928 657 4961 11
651 4913 712 4962 date
724 4929 821 4962 conunc
834 4914 858 4961 la
876 4913 955 4978 1111111
950 4915 1035 4965 dente.

321 4429 695 4842 1

311 5097 334 5356 l
