<?xml version="1.0" encoding="UTF-8"?>
<!DOCTYPE html PUBLIC "-//W3C//DTD XHTML 1.0 Transitional//EN"
    "http://www.w3.org/TR/xhtml1/DTD/xhtml1-transitional.dtd">
<html xmlns="http://www.w3.org/1999/xhtml" xml:lang="en" lang="en">
 <head>
  <title>
</title>
<meta http-equiv="Content-Type" content="text/html;charset=utf-8" />
  <meta name='ocr-system' content='tesseract 3.04.00' />
  <meta name='ocr-capabilities' content='ocr_page ocr_carea ocr_par ocr_line ocrx_word'/>
</head>
<body>
  <div class='ocr_page' id='page_1' title='image "./lettresdejeanxx00xxiigoog_0057.png"; bbox 0 0 4409 6017; ppageno 0'>
   <div class='ocr_carea' id='block_1_1' title="bbox 721 1186 1311 1293">
    <p class='ocr_par' dir='ltr' id='par_1_1' title="bbox 721 1186 1311 1293">
     <span class='ocr_line' id='line_1_1' title="bbox 721 1186 1311 1293; baseline 0.002 -3"><span class='ocrx_word' id='word_1_1' title='bbox 721 1186 1311 1293; x_wconf 77' lang='lat' dir='ltr'><strong>FORMULAIRE.</strong></span> 
     </span>
    </p>
   </div>
   <div class='ocr_carea' id='block_1_2' title="bbox 1004 1629 1041 1707">
    <p class='ocr_par' dir='ltr' id='par_1_2' title="bbox 1004 1629 1041 1707">
     <span class='ocr_line' id='line_1_2' title="bbox 1004 1629 1041 1707; baseline -0.054 0"><span class='ocrx_word' id='word_1_2' title='bbox 1004 1629 1041 1707; x_wconf 92' lang='grc'>1.</span> 
     </span>
    </p>
   </div>
   <div class='ocr_carea' id='block_1_3' title="bbox 308 1780 1693 1985">
    <p class='ocr_par' dir='ltr' id='par_1_3' title="bbox 308 1780 1693 1985">
     <span class='ocr_line' id='line_1_3' title="bbox 308 1780 1693 1853; baseline 0.004 -5"><span class='ocrx_word' id='word_1_3' title='bbox 308 1797 560 1850; x_wconf 79' lang='lat' dir='ltr'>:oLLATION</span> <span class='ocrx_word' id='word_1_4' title='bbox 588 1780 679 1850; x_wconf 87' lang='lat' dir='ltr'>D’UN</span> <span class='ocrx_word' id='word_1_5' title='bbox 705 1798 932 1850; x_wconf 81' lang='lat' dir='ltr'>CANONICAT</span> <span class='ocrx_word' id='word_1_6' title='bbox 956 1798 1064 1849; x_wconf 87' lang='lat' dir='ltr'>AVEC</span> <span class='ocrx_word' id='word_1_7' title='bbox 1090 1799 1369 1851; x_wconf 82' lang='lat' dir='ltr'><strong>EXPECTATIVE</strong></span> <span class='ocrx_word' id='word_1_8' title='bbox 1394 1802 1445 1852; x_wconf 90' lang='lat' dir='ltr'>DE</span> <span class='ocrx_word' id='word_1_9' title='bbox 1470 1790 1693 1853; x_wconf 78' lang='lat' dir='ltr'>PREBENDE.</span> 
     </span>
     <span class='ocr_line' id='line_1_4' title="bbox 941 1925 1074 1985; baseline 0.015 -11"><span class='ocrx_word' id='word_1_10' title='bbox 941 1927 978 1985; x_wconf 90' lang='lat' dir='ltr'>(n.</span> <span class='ocrx_word' id='word_1_11' title='bbox 999 1925 1074 1985; x_wconf 86' lang='grc'><strong>207).</strong></span> 
     </span>
    </p>
   </div>
   <div class='ocr_carea' id='block_1_4' title="bbox 308 2130 1698 2846">
    <p class='ocr_par' dir='ltr' id='par_1_4' title="bbox 308 2130 1696 2282">
     <span class='ocr_line' id='line_1_5' title="bbox 347 2130 1696 2194; baseline 0.004 -10"><span class='ocrx_word' id='word_1_12' title='bbox 347 2132 483 2186; x_wconf 88' lang='lat' dir='ltr'>Dilecto</span> <span class='ocrx_word' id='word_1_13' title='bbox 503 2131 567 2185; x_wconf 81' lang='lat' dir='ltr'>lilio</span> <span class='ocrx_word' id='word_1_14' title='bbox 586 2130 765 2185; x_wconf 79' lang='lat' dir='ltr'>Theoderico</span> <span class='ocrx_word' id='word_1_15' title='bbox 783 2132 820 2185; x_wconf 89' lang='lat' dir='ltr'>de</span> <span class='ocrx_word' id='word_1_16' title='bbox 839 2131 963 2194; x_wconf 82' lang='lat' dir='ltr'>Inferno,</span> <span class='ocrx_word' id='word_1_17' title='bbox 982 2132 1123 2186; x_wconf 90' lang='lat' dir='ltr'>canonico</span> <span class='ocrx_word' id='word_1_18' title='bbox 1146 2134 1281 2188; x_wconf 89' lang='lat' dir='ltr'>secularis</span> <span class='ocrx_word' id='word_1_19' title='bbox 1306 2134 1426 2188; x_wconf 85' lang='lat' dir='ltr'>ecclesie</span> <span class='ocrx_word' id='word_1_20' title='bbox 1450 2136 1482 2193; x_wconf 87' lang='grc' dir='ltr'>Β,</span> <span class='ocrx_word' id='word_1_21' title='bbox 1508 2136 1599 2190; x_wconf 91' lang='lat' dir='ltr'>Marie</span> <span class='ocrx_word' id='word_1_22' title='bbox 1624 2138 1696 2191; x_wconf 90' lang='lat' dir='ltr'>Ton-</span> 
     </span>
     <span class='ocr_line' id='line_1_6' title="bbox 308 2210 958 2282; baseline 0.002 -17"><span class='ocrx_word' id='word_1_23' title='bbox 308 2214 451 2276; x_wconf 79' lang='lat' dir='ltr'>grensis,</span> <span class='ocrx_word' id='word_1_24' title='bbox 480 2213 650 2282; x_wconf 89' lang='lat' dir='ltr'>Leodiensis</span> <span class='ocrx_word' id='word_1_25' title='bbox 675 2210 803 2280; x_wconf 89' lang='lat' dir='ltr'>diocesis,</span> <span class='ocrx_word' id='word_1_26' title='bbox 827 2214 958 2266; x_wconf 92' lang='lat' dir='ltr'>salutem.</span> 
     </span>
    </p>

    <p class='ocr_par' dir='ltr' id='par_1_5' title="bbox 309 2291 1694 2437">
     <span class='ocr_line' id='line_1_7' title="bbox 346 2291 1694 2357; baseline 0.004 -11"><span class='ocrx_word' id='word_1_27' title='bbox 346 2295 423 2347; x_wconf 89' lang='lat' dir='ltr'>Tue</span> <span class='ocrx_word' id='word_1_28' title='bbox 444 2292 553 2346; x_wconf 88' lang='lat' dir='ltr'>merita</span> <span class='ocrx_word' id='word_1_29' title='bbox 570 2291 719 2357; x_wconf 83' lang='lat' dir='ltr'>probitatis</span> <span class='ocrx_word' id='word_1_30' title='bbox 735 2309 820 2356; x_wconf 88' lang='lat' dir='ltr'>super</span> <span class='ocrx_word' id='word_1_31' title='bbox 835 2293 937 2357; x_wconf 93' lang='lat' dir='ltr'>quibus</span> <span class='ocrx_word' id='word_1_32' title='bbox 954 2292 1106 2357; x_wconf 74' lang='lat' dir='ltr'>iidedigrno</span> <span class='ocrx_word' id='word_1_33' title='bbox 1129 2296 1291 2349; x_wconf 91' lang='lat' dir='ltr'>testimonio</span> <span class='ocrx_word' id='word_1_34' title='bbox 1316 2296 1524 2350; x_wconf 89' lang='lat' dir='ltr'>commendaris</span> <span class='ocrx_word' id='word_1_35' title='bbox 1543 2315 1596 2351; x_wconf 90' lang='lat' dir='ltr'>nos</span> <span class='ocrx_word' id='word_1_36' title='bbox 1617 2298 1694 2352; x_wconf 92' lang='lat' dir='ltr'>indu-</span> 
     </span>
     <span class='ocr_line' id='line_1_8' title="bbox 309 2373 1519 2437; baseline 0.004 -10"><span class='ocrx_word' id='word_1_37' title='bbox 309 2387 391 2427; x_wconf 86' lang='lat' dir='ltr'>cunt</span> <span class='ocrx_word' id='word_1_38' title='bbox 412 2385 450 2426; x_wconf 93' lang='lat' dir='ltr'>ut</span> <span class='ocrx_word' id='word_1_39' title='bbox 470 2374 512 2427; x_wconf 86' lang='lat' dir='ltr'>ad</span> <span class='ocrx_word' id='word_1_40' title='bbox 529 2390 681 2437; x_wconf 83' lang='lat' dir='ltr'>personam</span> <span class='ocrx_word' id='word_1_41' title='bbox 699 2384 777 2427; x_wconf 87' lang='lat' dir='ltr'>tuam</span> <span class='ocrx_word' id='word_1_42' title='bbox 794 2373 950 2437; x_wconf 88' lang='lat' dir='ltr'>apostolice</span> <span class='ocrx_word' id='word_1_43' title='bbox 965 2374 1136 2437; x_wconf 83' lang='lat' dir='ltr'>provisionis</span> <span class='ocrx_word' id='word_1_44' title='bbox 1156 2376 1303 2429; x_wconf 88' lang='lat' dir='ltr'>dexteram</span> <span class='ocrx_word' id='word_1_45' title='bbox 1324 2377 1519 2432; x_wconf 84' lang='lat' dir='ltr'>extendamus.</span> 
     </span>
    </p>

    <p class='ocr_par' dir='ltr' id='par_1_6' title="bbox 311 2454 1698 2846">
     <span class='ocr_line' id='line_1_9' title="bbox 355 2454 1696 2524; baseline 0.004 -17"><span class='ocrx_word' id='word_1_46' title='bbox 355 2456 513 2509; x_wconf 85' lang='lat' dir='ltr'>Veientes</span> <span class='ocrx_word' id='word_1_47' title='bbox 534 2454 630 2518; x_wconf 88' lang='lat' dir='ltr'>itaque</span> <span class='ocrx_word' id='word_1_48' title='bbox 651 2454 710 2516; x_wconf 92' lang='lat' dir='ltr'>tibi,</span> <span class='ocrx_word' id='word_1_49' title='bbox 732 2454 780 2519; x_wconf 91' lang='lat' dir='ltr'>qui</span> <span class='ocrx_word' id='word_1_50' title='bbox 802 2454 911 2507; x_wconf 91' lang='lat' dir='ltr'>nullum</span> <span class='ocrx_word' id='word_1_51' title='bbox 933 2472 964 2509; x_wconf 80' lang='lat' dir='ltr'>es</span> <span class='ocrx_word' id='word_1_52' title='bbox 984 2454 1210 2510; x_wconf 75' lang='lat' dir='ltr'>ecclesiasticum</span> <span class='ocrx_word' id='word_1_53' title='bbox 1229 2457 1402 2513; x_wconf 81' lang='lat' dir='ltr'>beneficium</span> <span class='ocrx_word' id='word_1_54' title='bbox 1423 2470 1577 2524; x_wconf 88' lang='lat' dir='ltr'>assecutus,</span> <span class='ocrx_word' id='word_1_55' title='bbox 1597 2460 1696 2513; x_wconf 83' lang='lat' dir='ltr'>horum</span> 
     </span>
     <span class='ocr_line' id='line_1_10' title="bbox 313 2535 1698 2599; baseline 0.004 -9"><span class='ocrx_word' id='word_1_56' title='bbox 313 2535 577 2598; x_wconf 84' lang='lat' dir='ltr'>consideratione,</span> <span class='ocrx_word' id='word_1_57' title='bbox 601 2551 712 2590; x_wconf 90' lang='lat' dir='ltr'>necnon</span> <span class='ocrx_word' id='word_1_58' title='bbox 735 2535 854 2589; x_wconf 90' lang='lat' dir='ltr'>obtentu</span> <span class='ocrx_word' id='word_1_59' title='bbox 877 2535 973 2589; x_wconf 87' lang='lat' dir='ltr'>dilecti</span> <span class='ocrx_word' id='word_1_60' title='bbox 997 2535 1049 2589; x_wconf 84' lang='lat' dir='ltr'>lilii</span> <span class='ocrx_word' id='word_1_61' title='bbox 1078 2538 1166 2590; x_wconf 88' lang='lat' dir='ltr'>nostri</span> <span class='ocrx_word' id='word_1_62' title='bbox 1195 2538 1278 2599; x_wconf 90' lang='lat' dir='ltr'>Luce,</span> <span class='ocrx_word' id='word_1_63' title='bbox 1306 2539 1337 2593; x_wconf 81' lang='lat' dir='ltr'>S.</span> <span class='ocrx_word' id='word_1_64' title='bbox 1363 2540 1459 2593; x_wconf 55' lang='lat' dir='ltr'>&gt;Mane</span> <span class='ocrx_word' id='word_1_65' title='bbox 1488 2543 1516 2595; x_wconf 91' lang='lat' dir='ltr'>in</span> <span class='ocrx_word' id='word_1_66' title='bbox 1545 2542 1598 2595; x_wconf 91' lang='lat' dir='ltr'>Via</span> <span class='ocrx_word' id='word_1_67' title='bbox 1628 2542 1698 2595; x_wconf 88' lang='lat' dir='ltr'>Lata</span> 
     </span>
     <span class='ocr_line' id='line_1_11' title="bbox 311 2616 1696 2683; baseline 0.001 -12"><span class='ocrx_word' id='word_1_68' title='bbox 311 2619 446 2671; x_wconf 84' lang='lat' dir='ltr'>diaconi</span> <span class='ocrx_word' id='word_1_69' title='bbox 469 2616 631 2681; x_wconf 87' lang='lat' dir='ltr'>cardinalis,</span> <span class='ocrx_word' id='word_1_70' title='bbox 653 2634 705 2681; x_wconf 89' lang='lat' dir='ltr'>pro</span> <span class='ocrx_word' id='word_1_71' title='bbox 728 2626 756 2670; x_wconf 91' lang='lat' dir='ltr'>te</span> <span class='ocrx_word' id='word_1_72' title='bbox 777 2617 926 2680; x_wconf 90' lang='lat' dir='ltr'>capellano</span> <span class='ocrx_word' id='word_1_73' title='bbox 947 2633 1000 2669; x_wconf 91' lang='lat' dir='ltr'>suo</span> <span class='ocrx_word' id='word_1_74' title='bbox 1022 2616 1104 2670; x_wconf 93' lang='lat' dir='ltr'>nobis</span> <span class='ocrx_word' id='word_1_75' title='bbox 1124 2618 1152 2670; x_wconf 91' lang='lat' dir='ltr'>in</span> <span class='ocrx_word' id='word_1_76' title='bbox 1172 2618 1225 2672; x_wconf 87' lang='lat' dir='ltr'>hac</span> <span class='ocrx_word' id='word_1_77' title='bbox 1243 2630 1324 2683; x_wconf 89' lang='lat' dir='ltr'>parte</span> <span class='ocrx_word' id='word_1_78' title='bbox 1343 2619 1486 2673; x_wconf 88' lang='lat' dir='ltr'>humiliter</span> <span class='ocrx_word' id='word_1_79' title='bbox 1506 2621 1696 2683; x_wconf 89' lang='lat' dir='ltr'>supplicantis,</span> 
     </span>
     <span class='ocr_line' id='line_1_12' title="bbox 314 2696 1697 2766; baseline 0.004 -15"><span class='ocrx_word' id='word_1_80' title='bbox 314 2698 458 2763; x_wconf 80' lang='lat' dir='ltr'>gratiam</span> <span class='ocrx_word' id='word_1_81' title='bbox 476 2698 574 2750; x_wconf 83' lang='lat' dir='ltr'>facere</span> <span class='ocrx_word' id='word_1_82' title='bbox 591 2696 752 2762; x_wconf 85' lang='lat' dir='ltr'>specialem,</span> <span class='ocrx_word' id='word_1_83' title='bbox 771 2697 970 2750; x_wconf 87' lang='lat' dir='ltr'>canonicatum</span> <span class='ocrx_word' id='word_1_84' title='bbox 986 2699 1122 2752; x_wconf 88' lang='lat' dir='ltr'>secularis</span> <span class='ocrx_word' id='word_1_85' title='bbox 1139 2700 1258 2754; x_wconf 89' lang='lat' dir='ltr'>ecclesie</span> <span class='ocrx_word' id='word_1_86' title='bbox 1275 2701 1307 2759; x_wconf 86' lang='grc' dir='ltr'>Β,</span> <span class='ocrx_word' id='word_1_87' title='bbox 1325 2700 1416 2754; x_wconf 90' lang='lat' dir='ltr'>Marie</span> <span class='ocrx_word' id='word_1_88' title='bbox 1431 2702 1614 2766; x_wconf 83' lang='lat' dir='ltr'>Tongrensis,</span> <span class='ocrx_word' id='word_1_89' title='bbox 1629 2703 1697 2756; x_wconf 80' lang='lat' dir='ltr'>Leo</span> 
     </span>
     <span class='ocr_line' id='line_1_13' title="bbox 316 2778 1698 2846; baseline 0.002 -13"><span class='ocrx_word' id='word_1_90' title='bbox 316 2782 441 2834; x_wconf 86' lang='lat' dir='ltr'>diensis</span> <span class='ocrx_word' id='word_1_91' title='bbox 463 2779 593 2838; x_wconf 87' lang='lat' dir='ltr'>diocesis,</span> <span class='ocrx_word' id='word_1_92' title='bbox 614 2795 680 2831; x_wconf 90' lang='lat' dir='ltr'>cum</span> <span class='ocrx_word' id='word_1_93' title='bbox 700 2778 875 2843; x_wconf 86' lang='lat' dir='ltr'>plenitudine</span> <span class='ocrx_word' id='word_1_94' title='bbox 895 2779 963 2841; x_wconf 83' lang='lat' dir='ltr'>juris</span> <span class='ocrx_word' id='word_1_95' title='bbox 983 2780 1122 2843; x_wconf 91' lang='lat' dir='ltr'>canonici,</span> <span class='ocrx_word' id='word_1_96' title='bbox 1148 2791 1175 2834; x_wconf 89' lang='lat' dir='ltr'>et</span> <span class='ocrx_word' id='word_1_97' title='bbox 1199 2782 1375 2845; x_wconf 88' lang='lat' dir='ltr'>prebendam</span> <span class='ocrx_word' id='word_1_98' title='bbox 1398 2783 1421 2835; x_wconf 93' lang='lat' dir='ltr'>si</span> <span class='ocrx_word' id='word_1_99' title='bbox 1445 2800 1502 2846; x_wconf 89' lang='lat' dir='ltr'>qua</span> <span class='ocrx_word' id='word_1_100' title='bbox 1525 2783 1555 2837; x_wconf 88' lang='lat' dir='ltr'>in</span> <span class='ocrx_word' id='word_1_101' title='bbox 1578 2784 1698 2837; x_wconf 87' lang='lat' dir='ltr'>ecclesia</span> 
     </span>
    </p>
   </div>
   <div class='ocr_carea' id='block_1_5' title="bbox 318 2860 1697 3008">
    <p class='ocr_par' dir='ltr' id='par_1_7' title="bbox 318 2860 1697 3008">
     <span class='ocr_line' id='line_1_14' title="bbox 318 2860 1697 2928; baseline 0.006 -16"><span class='ocrx_word' id='word_1_102' title='bbox 318 2864 390 2926; x_wconf 83' lang='lat' dir='ltr'>ipsa</span> <span class='ocrx_word' id='word_1_103' title='bbox 415 2870 504 2913; x_wconf 87' lang='lat' dir='ltr'>vacat</span> <span class='ocrx_word' id='word_1_104' title='bbox 523 2860 562 2911; x_wconf 92' lang='lat' dir='ltr'>ad</span> <span class='ocrx_word' id='word_1_105' title='bbox 581 2877 706 2923; x_wconf 86' lang='lat' dir='ltr'>presens,</span> <span class='ocrx_word' id='word_1_106' title='bbox 727 2876 792 2913; x_wconf 91' lang='lat' dir='ltr'>cum</span> <span class='ocrx_word' id='word_1_107' title='bbox 813 2860 944 2913; x_wconf 91' lang='lat' dir='ltr'>omnibus</span> <span class='ocrx_word' id='word_1_108' title='bbox 964 2860 1073 2923; x_wconf 86' lang='lat' dir='ltr'>juribus</span> <span class='ocrx_word' id='word_1_109' title='bbox 1105 2873 1131 2914; x_wconf 93' lang='lat' dir='ltr'>et</span> <span class='ocrx_word' id='word_1_110' title='bbox 1161 2863 1336 2926; x_wconf 88' lang='lat' dir='ltr'>pertinentiis</span> <span class='ocrx_word' id='word_1_111' title='bbox 1366 2864 1431 2925; x_wconf 90' lang='lat' dir='ltr'>suis,</span> <span class='ocrx_word' id='word_1_112' title='bbox 1462 2865 1618 2928; x_wconf 90' lang='lat' dir='ltr'>apostolica</span> <span class='ocrx_word' id='word_1_113' title='bbox 1646 2866 1697 2920; x_wconf 91' lang='lat' dir='ltr'>tibi</span> 
     </span>
     <span class='ocr_line' id='line_1_15' title="bbox 320 2932 1697 3008; baseline 0.009 -21"><span class='ocrx_word' id='word_1_114' title='bbox 320 2934 508 2988; x_wconf 82' lang='lat' dir='ltr'>auctoritate</span> <span class='ocrx_word' id='word_1_115' title='bbox 530 2932 704 2986; x_wconf 82' lang='lat' dir='ltr'>conferimus</span> <span class='ocrx_word' id='word_1_116' title='bbox 727 2942 754 2986; x_wconf 90' lang='lat' dir='ltr'>et</span> <span class='ocrx_word' id='word_1_117' title='bbox 776 2932 957 2996; x_wconf 88' lang='lat' dir='ltr'>providemus</span> <span class='ocrx_word' id='word_1_118' title='bbox 980 2933 1017 2985; x_wconf 90' lang='lat' dir='ltr'>de</span> <span class='ocrx_word' id='word_1_119' title='bbox 1039 2940 1107 3002; x_wconf 90' lang='lat' dir='ltr'>illis;</span> <span class='ocrx_word' id='word_1_120' title='bbox 1131 2940 1154 2993; x_wconf 92' lang='lat' dir='ltr'>si</span> <span class='ocrx_word' id='word_1_121' title='bbox 1176 2960 1244 2995; x_wconf 90' lang='lat' dir='ltr'>vero</span> <span class='ocrx_word' id='word_1_122' title='bbox 1266 2942 1344 2995; x_wconf 92' lang='lat' dir='ltr'>nulla</span> <span class='ocrx_word' id='word_1_123' title='bbox 1367 2944 1430 2997; x_wconf 91' lang='lat' dir='ltr'>talis</span> <span class='ocrx_word' id='word_1_124' title='bbox 1454 2944 1600 3008; x_wconf 89' lang='lat' dir='ltr'>prebenda</span> <span class='ocrx_word' id='word_1_125' title='bbox 1623 2963 1697 2999; x_wconf 87' lang='lat' dir='ltr'>nunc</span> 
     </span>
    </p>
   </div>
   <div class='ocr_carea' id='block_1_6' title="bbox 320 3013 1698 3814">
    <p class='ocr_par' dir='ltr' id='par_1_8' title="bbox 320 3013 1698 3814">
     <span class='ocr_line' id='line_1_16' title="bbox 322 3013 1698 3083; baseline 0.004 -16"><span class='ocrx_word' id='word_1_126' title='bbox 322 3026 414 3069; x_wconf 83' lang='lat' dir='ltr'>vacat</span> <span class='ocrx_word' id='word_1_127' title='bbox 442 3014 472 3067; x_wconf 94' lang='lat' dir='ltr'>in</span> <span class='ocrx_word' id='word_1_128' title='bbox 497 3014 618 3066; x_wconf 88' lang='lat' dir='ltr'>ecclesia</span> <span class='ocrx_word' id='word_1_129' title='bbox 641 3013 810 3077; x_wconf 87' lang='lat' dir='ltr'>supradicta,</span> <span class='ocrx_word' id='word_1_130' title='bbox 834 3030 886 3066; x_wconf 91' lang='lat' dir='ltr'>nos</span> <span class='ocrx_word' id='word_1_131' title='bbox 909 3014 1087 3077; x_wconf 85' lang='lat' dir='ltr'>prebendam</span> <span class='ocrx_word' id='word_1_132' title='bbox 1111 3015 1180 3069; x_wconf 89' lang='lat' dir='ltr'>inibi</span> <span class='ocrx_word' id='word_1_133' title='bbox 1203 3017 1331 3082; x_wconf 87' lang='lat' dir='ltr'>proximo</span> <span class='ocrx_word' id='word_1_134' title='bbox 1355 3015 1526 3078; x_wconf 86' lang='lat' dir='ltr'>vacaturam,</span> <span class='ocrx_word' id='word_1_135' title='bbox 1551 3035 1636 3083; x_wconf 90' lang='lat' dir='ltr'>quam</span> <span class='ocrx_word' id='word_1_136' title='bbox 1659 3029 1698 3081; x_wconf 87' lang='lat' dir='ltr'>tu,</span> 
     </span>
     <span class='ocr_line' id='line_1_17' title="bbox 320 3093 1696 3163; baseline 0.002 -14"><span class='ocrx_word' id='word_1_137' title='bbox 320 3097 371 3149; x_wconf 90' lang='lat' dir='ltr'>vel</span> <span class='ocrx_word' id='word_1_138' title='bbox 396 3106 571 3160; x_wconf 88' lang='lat' dir='ltr'>procurator</span> <span class='ocrx_word' id='word_1_139' title='bbox 591 3104 655 3147; x_wconf 90' lang='lat' dir='ltr'>tuus</span> <span class='ocrx_word' id='word_1_140' title='bbox 678 3095 716 3146; x_wconf 92' lang='lat' dir='ltr'>ad</span> <span class='ocrx_word' id='word_1_141' title='bbox 737 3094 792 3147; x_wconf 93' lang='lat' dir='ltr'>hoc</span> <span class='ocrx_word' id='word_1_142' title='bbox 814 3093 940 3157; x_wconf 84' lang='lat' dir='ltr'>legitime</span> <span class='ocrx_word' id='word_1_143' title='bbox 962 3096 1138 3162; x_wconf 88' lang='lat' dir='ltr'>constitutus,</span> <span class='ocrx_word' id='word_1_144' title='bbox 1161 3098 1234 3150; x_wconf 85' lang='lat' dir='ltr'>inira</span> <span class='ocrx_word' id='word_1_145' title='bbox 1254 3099 1336 3151; x_wconf 88' lang='lat' dir='ltr'>unius</span> <span class='ocrx_word' id='word_1_146' title='bbox 1358 3099 1462 3151; x_wconf 86' lang='lat' dir='ltr'>mensis</span> <span class='ocrx_word' id='word_1_147' title='bbox 1483 3100 1604 3162; x_wconf 88' lang='lat' dir='ltr'>spatium</span> <span class='ocrx_word' id='word_1_148' title='bbox 1625 3112 1696 3163; x_wconf 91' lang='lat' dir='ltr'>post-</span> 
     </span>
     <span class='ocr_line' id='line_1_18' title="bbox 324 3174 1697 3243; baseline 0.002 -15"><span class='ocrx_word' id='word_1_149' title='bbox 324 3193 421 3239; x_wconf 86' lang='lat' dir='ltr'>quam</span> <span class='ocrx_word' id='word_1_150' title='bbox 443 3174 496 3228; x_wconf 90' lang='lat' dir='ltr'>tibi</span> <span class='ocrx_word' id='word_1_151' title='bbox 516 3176 561 3227; x_wconf 85' lang='lat' dir='ltr'>vel</span> <span class='ocrx_word' id='word_1_152' title='bbox 581 3174 657 3226; x_wconf 88' lang='lat' dir='ltr'>dicto</span> <span class='ocrx_word' id='word_1_153' title='bbox 677 3174 851 3238; x_wconf 90' lang='lat' dir='ltr'>procuratori</span> <span class='ocrx_word' id='word_1_154' title='bbox 871 3176 980 3229; x_wconf 90' lang='lat' dir='ltr'>vacatio</span> <span class='ocrx_word' id='word_1_155' title='bbox 998 3175 1072 3229; x_wconf 91' lang='lat' dir='ltr'>illius</span> <span class='ocrx_word' id='word_1_156' title='bbox 1095 3179 1246 3231; x_wconf 90' lang='lat' dir='ltr'>innotuerit</span> <span class='ocrx_word' id='word_1_157' title='bbox 1266 3179 1378 3231; x_wconf 87' lang='lat' dir='ltr'>duxeris</span> <span class='ocrx_word' id='word_1_158' title='bbox 1400 3180 1613 3243; x_wconf 82' lang='lat' dir='ltr'>acceptandam,</span> <span class='ocrx_word' id='word_1_159' title='bbox 1635 3196 1697 3232; x_wconf 88' lang='lat' dir='ltr'>con-</span> 
     </span>
     <span class='ocr_line' id='line_1_19' title="bbox 326 3255 1696 3327; baseline 0.002 -18"><span class='ocrx_word' id='word_1_160' title='bbox 326 3257 489 3309; x_wconf 82' lang='lat' dir='ltr'>ferendam</span> <span class='ocrx_word' id='word_1_161' title='bbox 508 3255 560 3309; x_wconf 92' lang='lat' dir='ltr'>tibi</span> <span class='ocrx_word' id='word_1_162' title='bbox 578 3265 642 3319; x_wconf 85' lang='lat' dir='ltr'>post</span> <span class='ocrx_word' id='word_1_163' title='bbox 660 3256 886 3318; x_wconf 88' lang='lat' dir='ltr'>acceptationem</span> <span class='ocrx_word' id='word_1_164' title='bbox 904 3255 1076 3319; x_wconf 84' lang='lat' dir='ltr'>hujusmodi,</span> <span class='ocrx_word' id='word_1_165' title='bbox 1098 3259 1244 3312; x_wconf 89' lang='lat' dir='ltr'>donationi</span> <span class='ocrx_word' id='word_1_166' title='bbox 1266 3259 1421 3322; x_wconf 87' lang='lat' dir='ltr'>apostolice</span> <span class='ocrx_word' id='word_1_167' title='bbox 1441 3275 1625 3327; x_wconf 76' lang='lat' dir='ltr'>reservamus,</span> <span class='ocrx_word' id='word_1_168' title='bbox 1646 3258 1696 3312; x_wconf 88' lang='lat' dir='ltr'>dis-</span> 
     </span>
     <span class='ocr_line' id='line_1_20' title="bbox 325 3339 1696 3402; baseline -0.002 -8"><span class='ocrx_word' id='word_1_169' title='bbox 325 3344 443 3394; x_wconf 89' lang='lat' dir='ltr'>trictius</span> <span class='ocrx_word' id='word_1_170' title='bbox 475 3339 636 3392; x_wconf 87' lang='lat' dir='ltr'>inhibentes</span> <span class='ocrx_word' id='word_1_171' title='bbox 666 3340 776 3394; x_wconf 90' lang='lat' dir='ltr'>dilectis</span> <span class='ocrx_word' id='word_1_172' title='bbox 805 3341 889 3395; x_wconf 81' lang='lat' dir='ltr'>filiis..</span> <span class='ocrx_word' id='word_1_173' title='bbox 919 3340 1017 3394; x_wconf 89' lang='lat' dir='ltr'>abbati</span> <span class='ocrx_word' id='word_1_174' title='bbox 1041 3350 1067 3392; x_wconf 92' lang='lat' dir='ltr'>et</span> <span class='ocrx_word' id='word_1_175' title='bbox 1096 3340 1221 3402; x_wconf 82' lang='lat' dir='ltr'>capitulo</span> <span class='ocrx_word' id='word_1_176' title='bbox 1249 3340 1324 3394; x_wconf 89' lang='lat' dir='ltr'>dicte</span> <span class='ocrx_word' id='word_1_177' title='bbox 1352 3340 1477 3401; x_wconf 79' lang='lat' dir='ltr'>ecclesie,</span> <span class='ocrx_word' id='word_1_178' title='bbox 1507 3357 1556 3392; x_wconf 91' lang='lat' dir='ltr'>seu</span> <span class='ocrx_word' id='word_1_179' title='bbox 1587 3339 1626 3393; x_wconf 92' lang='lat' dir='ltr'>illi</span> <span class='ocrx_word' id='word_1_180' title='bbox 1653 3342 1696 3392; x_wconf 91' lang='lat' dir='ltr'>vel</span> 
     </span>
     <span class='ocr_line' id='line_1_21' title="bbox 327 3422 1697 3489; baseline -0.003 -12"><span class='ocrx_word' id='word_1_181' title='bbox 327 3427 384 3478; x_wconf 87' lang='lat' dir='ltr'>illis</span> <span class='ocrx_word' id='word_1_182' title='bbox 407 3426 448 3477; x_wconf 88' lang='lat' dir='ltr'>ad</span> <span class='ocrx_word' id='word_1_183' title='bbox 467 3442 556 3487; x_wconf 89' lang='lat' dir='ltr'>quem</span> <span class='ocrx_word' id='word_1_184' title='bbox 574 3426 618 3477; x_wconf 91' lang='lat' dir='ltr'>vel</span> <span class='ocrx_word' id='word_1_185' title='bbox 639 3426 676 3477; x_wconf 90' lang='lat' dir='ltr'>ad</span> <span class='ocrx_word' id='word_1_186' title='bbox 695 3442 767 3489; x_wconf 91' lang='lat' dir='ltr'>quos</span> <span class='ocrx_word' id='word_1_187' title='bbox 786 3424 949 3487; x_wconf 88' lang='lat' dir='ltr'>hujusmodi</span> <span class='ocrx_word' id='word_1_188' title='bbox 967 3422 1179 3487; x_wconf 82' lang='lat' dir='ltr'>prebendarum</span> <span class='ocrx_word' id='word_1_189' title='bbox 1208 3422 1329 3483; x_wconf 88' lang='lat' dir='ltr'>collatio,</span> <span class='ocrx_word' id='word_1_190' title='bbox 1360 3422 1460 3475; x_wconf 88' lang='lat' dir='ltr'>electio</span> <span class='ocrx_word' id='word_1_191' title='bbox 1489 3424 1527 3476; x_wconf 87' lang='lat' dir='ltr'>ad</span> <span class='ocrx_word' id='word_1_192' title='bbox 1553 3422 1618 3475; x_wconf 87' lang='lat' dir='ltr'>illas</span> <span class='ocrx_word' id='word_1_193' title='bbox 1646 3438 1697 3474; x_wconf 91' lang='lat' dir='ltr'>seu</span> 
     </span>
     <span class='ocr_line' id='line_1_22' title="bbox 326 3500 1697 3569; baseline -0.004 -12"><span class='ocrx_word' id='word_1_194' title='bbox 326 3506 433 3569; x_wconf 82' lang='lat' dir='ltr'>quevis</span> <span class='ocrx_word' id='word_1_195' title='bbox 453 3505 512 3557; x_wconf 90' lang='lat' dir='ltr'>alia</span> <span class='ocrx_word' id='word_1_196' title='bbox 529 3506 674 3569; x_wconf 86' lang='lat' dir='ltr'>dispositio</span> <span class='ocrx_word' id='word_1_197' title='bbox 691 3506 821 3569; x_wconf 89' lang='lat' dir='ltr'>pertinet,</span> <span class='ocrx_word' id='word_1_198' title='bbox 840 3522 876 3557; x_wconf 91' lang='lat' dir='ltr'>ne</span> <span class='ocrx_word' id='word_1_199' title='bbox 895 3505 930 3557; x_wconf 90' lang='lat' dir='ltr'>de</span> <span class='ocrx_word' id='word_1_200' title='bbox 947 3502 1112 3566; x_wconf 86' lang='lat' dir='ltr'>hujusmodi</span> <span class='ocrx_word' id='word_1_201' title='bbox 1140 3502 1294 3565; x_wconf 83' lang='lat' dir='ltr'>prebenda,</span> <span class='ocrx_word' id='word_1_202' title='bbox 1323 3502 1409 3554; x_wconf 88' lang='lat' dir='ltr'>etiam</span> <span class='ocrx_word' id='word_1_203' title='bbox 1436 3512 1502 3553; x_wconf 89' lang='lat' dir='ltr'>ante</span> <span class='ocrx_word' id='word_1_204' title='bbox 1531 3500 1697 3562; x_wconf 89' lang='lat' dir='ltr'>acceptatio·</span> 
     </span>
     <span class='ocr_line' id='line_1_23' title="bbox 328 3584 1697 3653; baseline -0.006 -12"><span class='ocrx_word' id='word_1_205' title='bbox 328 3606 399 3642; x_wconf 87' lang='lat' dir='ltr'>nem</span> <span class='ocrx_word' id='word_1_206' title='bbox 423 3587 597 3650; x_wconf 78' lang='lat' dir='ltr'>hujusmodi</span> <span class='ocrx_word' id='word_1_207' title='bbox 619 3589 672 3640; x_wconf 89' lang='lat' dir='ltr'>nisi</span> <span class='ocrx_word' id='word_1_208' title='bbox 693 3599 845 3653; x_wconf 86' lang='lat' dir='ltr'>postquam</span> <span class='ocrx_word' id='word_1_209' title='bbox 866 3587 905 3640; x_wconf 91' lang='lat' dir='ltr'>eis</span> <span class='ocrx_word' id='word_1_210' title='bbox 928 3585 1082 3639; x_wconf 89' lang='lat' dir='ltr'>constiterit</span> <span class='ocrx_word' id='word_1_211' title='bbox 1098 3586 1175 3648; x_wconf 90' lang='lat' dir='ltr'>quod</span> <span class='ocrx_word' id='word_1_212' title='bbox 1192 3596 1220 3635; x_wconf 93' lang='lat' dir='ltr'>tu</span> <span class='ocrx_word' id='word_1_213' title='bbox 1237 3584 1281 3636; x_wconf 91' lang='lat' dir='ltr'>vel</span> <span class='ocrx_word' id='word_1_214' title='bbox 1297 3595 1461 3648; x_wconf 88' lang='lat' dir='ltr'>procurator</span> <span class='ocrx_word' id='word_1_215' title='bbox 1476 3584 1619 3647; x_wconf 89' lang='lat' dir='ltr'>predictus</span> <span class='ocrx_word' id='word_1_216' title='bbox 1635 3599 1697 3634; x_wconf 86' lang='lat' dir='ltr'>eam</span> 
     </span>
     <span class='ocr_line' id='line_1_24' title="bbox 329 3666 1696 3732; baseline -0.006 -9"><span class='ocrx_word' id='word_1_217' title='bbox 329 3670 484 3723; x_wconf 87' lang='lat' dir='ltr'>nolueritis</span> <span class='ocrx_word' id='word_1_218' title='bbox 505 3678 662 3732; x_wconf 87' lang='lat' dir='ltr'>acceptare,</span> <span class='ocrx_word' id='word_1_219' title='bbox 683 3669 833 3731; x_wconf 90' lang='lat' dir='ltr'>disponere</span> <span class='ocrx_word' id='word_1_220' title='bbox 853 3685 968 3731; x_wconf 89' lang='lat' dir='ltr'>quoquo</span> <span class='ocrx_word' id='word_1_221' title='bbox 988 3667 1075 3719; x_wconf 90' lang='lat' dir='ltr'>modo</span> <span class='ocrx_word' id='word_1_222' title='bbox 1108 3676 1271 3730; x_wconf 88' lang='lat' dir='ltr'>presumant</span> <span class='ocrx_word' id='word_1_223' title='bbox 1303 3683 1337 3717; x_wconf 91' lang='lat' dir='ltr'>ac</span> <span class='ocrx_word' id='word_1_224' title='bbox 1368 3666 1554 3718; x_wconf 84' lang='lat' dir='ltr'>decernentes</span> <span class='ocrx_word' id='word_1_225' title='bbox 1587 3680 1696 3716; x_wconf 90' lang='lat' dir='ltr'>exnunc</span> 
     </span>
     <span class='ocr_line' id='line_1_25' title="bbox 330 3745 1698 3814; baseline -0.006 -10"><span class='ocrx_word' id='word_1_226' title='bbox 330 3751 446 3804; x_wconf 89' lang='lat' dir='ltr'>irritum</span> <span class='ocrx_word' id='word_1_227' title='bbox 465 3760 493 3802; x_wconf 89' lang='lat' dir='ltr'>et</span> <span class='ocrx_word' id='word_1_228' title='bbox 509 3750 595 3803; x_wconf 91' lang='lat' dir='ltr'>inane</span> <span class='ocrx_word' id='word_1_229' title='bbox 612 3750 635 3802; x_wconf 91' lang='lat' dir='ltr'>si</span> <span class='ocrx_word' id='word_1_230' title='bbox 652 3766 734 3802; x_wconf 88' lang='lat' dir='ltr'>secus</span> <span class='ocrx_word' id='word_1_231' title='bbox 751 3748 906 3814; x_wconf 89' lang='lat' dir='ltr'>superbiis</span> <span class='ocrx_word' id='word_1_232' title='bbox 924 3766 941 3801; x_wconf 88' lang='lat' dir='ltr'>a</span> <span class='ocrx_word' id='word_1_233' title='bbox 960 3765 1106 3811; x_wconf 86' lang='lat' dir='ltr'>quoquam</span> <span class='ocrx_word' id='word_1_234' title='bbox 1122 3747 1220 3812; x_wconf 91' lang='lat' dir='ltr'>quavis</span> <span class='ocrx_word' id='word_1_235' title='bbox 1236 3747 1402 3799; x_wconf 89' lang='lat' dir='ltr'>auctoritate</span> <span class='ocrx_word' id='word_1_236' title='bbox 1418 3745 1566 3808; x_wconf 84' lang='lat' dir='ltr'>contigerit</span> <span class='ocrx_word' id='word_1_237' title='bbox 1582 3756 1698 3809; x_wconf 86' lang='lat' dir='ltr'>attemp</span> 
     </span>
    </p>
   </div>
   <div class='ocr_carea' id='block_1_7' title="bbox 366 3903 1697 3967">
    <p class='ocr_par' dir='ltr' id='par_1_9' title="bbox 366 3903 1697 3967">
     <span class='ocr_line' id='line_1_26' title="bbox 366 3903 1697 3967; baseline -0.004 -9"><span class='ocrx_word' id='word_1_238' title='bbox 366 3922 430 3958; x_wconf 91' lang='lat' dir='ltr'>non</span> <span class='ocrx_word' id='word_1_239' title='bbox 473 3905 651 3959; x_wconf 90' lang='lat' dir='ltr'>obstantibus</span> <span class='ocrx_word' id='word_1_240' title='bbox 685 3907 721 3959; x_wconf 89' lang='lat' dir='ltr'>de</span> <span class='ocrx_word' id='word_1_241' title='bbox 754 3918 831 3959; x_wconf 89' lang='lat' dir='ltr'>certo</span> <span class='ocrx_word' id='word_1_242' title='bbox 864 3907 1069 3959; x_wconf 88' lang='lat' dir='ltr'>canonicorum</span> <span class='ocrx_word' id='word_1_243' title='bbox 1098 3921 1216 3957; x_wconf 90' lang='lat' dir='ltr'>numero</span> <span class='ocrx_word' id='word_1_244' title='bbox 1246 3916 1272 3957; x_wconf 89' lang='lat' dir='ltr'>et</span> <span class='ocrx_word' id='word_1_245' title='bbox 1301 3903 1363 3956; x_wconf 91' lang='lat' dir='ltr'>aliis</span> <span class='ocrx_word' id='word_1_246' title='bbox 1393 3903 1617 3967; x_wconf 87' lang='lat' dir='ltr'>quibuscumque</span> <span class='ocrx_word' id='word_1_247' title='bbox 1645 3913 1697 3954; x_wconf 89' lang='lat' dir='ltr'>sta-</span> 
     </span>
    </p>
   </div>
   <div class='ocr_carea' id='block_1_8' title="bbox 318 3981 1699 5182">
    <p class='ocr_par' dir='ltr' id='par_1_10' title="bbox 318 3981 1699 5182">
     <span class='ocr_line' id='line_1_27' title="bbox 332 3981 1698 4050; baseline -0.005 -11"><span class='ocrx_word' id='word_1_248' title='bbox 332 3987 404 4039; x_wconf 83' lang='lat' dir='ltr'>tutis</span> <span class='ocrx_word' id='word_1_249' title='bbox 432 3995 462 4038; x_wconf 89' lang='lat' dir='ltr'>et</span> <span class='ocrx_word' id='word_1_250' title='bbox 490 3986 742 4038; x_wconf 88' lang='lat' dir='ltr'>consuetudinibus</span> <span class='ocrx_word' id='word_1_251' title='bbox 767 3986 854 4050; x_wconf 90' lang='lat' dir='ltr'>ipsius</span> <span class='ocrx_word' id='word_1_252' title='bbox 882 3986 1001 4039; x_wconf 88' lang='lat' dir='ltr'>ecclesie</span> <span class='ocrx_word' id='word_1_253' title='bbox 1021 3984 1176 4047; x_wconf 70' lang='lat' dir='ltr'>contrariis</span> <span class='ocrx_word' id='word_1_254' title='bbox 1195 3985 1363 4050; x_wconf 85' lang='lat' dir='ltr'>juramento,</span> <span class='ocrx_word' id='word_1_255' title='bbox 1384 3984 1599 4037; x_wconf 84' lang='lat' dir='ltr'>confirmatione</span> <span class='ocrx_word' id='word_1_256' title='bbox 1617 3981 1698 4035; x_wconf 87' lang='lat' dir='ltr'>Sedis</span> 
     </span>
     <span class='ocr_line' id='line_1_28' title="bbox 329 4065 1696 4131; baseline -0.003 -12"><span class='ocrx_word' id='word_1_257' title='bbox 329 4066 494 4131; x_wconf 82' lang='lat' dir='ltr'>apostolice</span> <span class='ocrx_word' id='word_1_258' title='bbox 513 4066 558 4119; x_wconf 93' lang='lat' dir='ltr'>vel</span> <span class='ocrx_word' id='word_1_259' title='bbox 578 4083 757 4131; x_wconf 90' lang='lat' dir='ltr'>quacumque</span> <span class='ocrx_word' id='word_1_260' title='bbox 774 4067 908 4119; x_wconf 80' lang='lat' dir='ltr'>firmitate</span> <span class='ocrx_word' id='word_1_261' title='bbox 928 4068 984 4120; x_wconf 87' lang='lat' dir='ltr'>alia</span> <span class='ocrx_word' id='word_1_262' title='bbox 1003 4066 1150 4131; x_wconf 89' lang='lat' dir='ltr'>roboratis,</span> <span class='ocrx_word' id='word_1_263' title='bbox 1173 4083 1224 4119; x_wconf 90' lang='lat' dir='ltr'>seu</span> <span class='ocrx_word' id='word_1_264' title='bbox 1245 4068 1268 4118; x_wconf 92' lang='lat' dir='ltr'>si</span> <span class='ocrx_word' id='word_1_265' title='bbox 1291 4066 1378 4129; x_wconf 86' lang='lat' dir='ltr'>aliqui</span> <span class='ocrx_word' id='word_1_266' title='bbox 1398 4065 1552 4129; x_wconf 85' lang='lat' dir='ltr'>apostolica</span> <span class='ocrx_word' id='word_1_267' title='bbox 1574 4065 1619 4116; x_wconf 92' lang='lat' dir='ltr'>vel</span> <span class='ocrx_word' id='word_1_268' title='bbox 1642 4066 1696 4117; x_wconf 89' lang='lat' dir='ltr'>alia</span> 
     </span>
     <span class='ocr_line' id='line_1_29' title="bbox 332 4144 1699 4212; baseline -0.005 -11"><span class='ocrx_word' id='word_1_269' title='bbox 332 4147 436 4212; x_wconf 86' lang='lat' dir='ltr'>quavis</span> <span class='ocrx_word' id='word_1_270' title='bbox 467 4147 633 4200; x_wconf 89' lang='lat' dir='ltr'>auctoritate</span> <span class='ocrx_word' id='word_1_271' title='bbox 660 4149 689 4200; x_wconf 90' lang='lat' dir='ltr'>in</span> <span class='ocrx_word' id='word_1_272' title='bbox 715 4147 817 4200; x_wconf 90' lang='lat' dir='ltr'>eadem</span> <span class='ocrx_word' id='word_1_273' title='bbox 843 4148 964 4201; x_wconf 89' lang='lat' dir='ltr'>ecclesia</span> <span class='ocrx_word' id='word_1_274' title='bbox 990 4148 1018 4200; x_wconf 90' lang='lat' dir='ltr'>in</span> <span class='ocrx_word' id='word_1_275' title='bbox 1039 4148 1191 4201; x_wconf 88' lang='lat' dir='ltr'>canonicos</span> <span class='ocrx_word' id='word_1_276' title='bbox 1209 4148 1265 4200; x_wconf 90' lang='lat' dir='ltr'>sint</span> <span class='ocrx_word' id='word_1_277' title='bbox 1285 4147 1389 4210; x_wconf 89' lang='lat' dir='ltr'>recepti</span> <span class='ocrx_word' id='word_1_278' title='bbox 1416 4146 1509 4199; x_wconf 91' lang='lat' dir='ltr'>velut</span> <span class='ocrx_word' id='word_1_279' title='bbox 1528 4144 1699 4207; x_wconf 86' lang='lat' dir='ltr'>recipiantur</span> 
     </span>
     <span class='ocr_line' id='line_1_30' title="bbox 331 4226 1698 4293; baseline -0.005 -12"><span class='ocrx_word' id='word_1_280' title='bbox 331 4231 477 4291; x_wconf 88' lang='lat' dir='ltr'>insistant,</span> <span class='ocrx_word' id='word_1_281' title='bbox 507 4237 556 4279; x_wconf 86' lang='lat' dir='ltr'>aut</span> <span class='ocrx_word' id='word_1_282' title='bbox 583 4230 606 4280; x_wconf 90' lang='lat' dir='ltr'>si</span> <span class='ocrx_word' id='word_1_283' title='bbox 633 4245 718 4293; x_wconf 90' lang='lat' dir='ltr'>super</span> <span class='ocrx_word' id='word_1_284' title='bbox 745 4228 951 4291; x_wconf 89' lang='lat' dir='ltr'>provisionibus</span> <span class='ocrx_word' id='word_1_285' title='bbox 980 4229 1123 4293; x_wconf 89' lang='lat' dir='ltr'>aliquibus</span> <span class='ocrx_word' id='word_1_286' title='bbox 1144 4229 1281 4281; x_wconf 83' lang='lat' dir='ltr'>faciendis</span> <span class='ocrx_word' id='word_1_287' title='bbox 1303 4228 1338 4280; x_wconf 91' lang='lat' dir='ltr'>de</span> <span class='ocrx_word' id='word_1_288' title='bbox 1359 4226 1571 4280; x_wconf 88' lang='lat' dir='ltr'>canonicatibus</span> <span class='ocrx_word' id='word_1_289' title='bbox 1592 4237 1618 4278; x_wconf 90' lang='lat' dir='ltr'>et</span> <span class='ocrx_word' id='word_1_290' title='bbox 1640 4242 1698 4289; x_wconf 88' lang='lat' dir='ltr'>pre-</span> 
     </span>
     <span class='ocr_line' id='line_1_31' title="bbox 331 4306 1698 4373; baseline -0.005 -10"><span class='ocrx_word' id='word_1_291' title='bbox 331 4310 438 4363; x_wconf 89' lang='lat' dir='ltr'>bendis</span> <span class='ocrx_word' id='word_1_292' title='bbox 462 4309 490 4360; x_wconf 92' lang='lat' dir='ltr'>in</span> <span class='ocrx_word' id='word_1_293' title='bbox 511 4309 587 4360; x_wconf 89' lang='lat' dir='ltr'>dicta</span> <span class='ocrx_word' id='word_1_294' title='bbox 607 4309 727 4362; x_wconf 90' lang='lat' dir='ltr'>ecclesia</span> <span class='ocrx_word' id='word_1_295' title='bbox 746 4309 913 4373; x_wconf 84' lang='lat' dir='ltr'>specialiter,</span> <span class='ocrx_word' id='word_1_296' title='bbox 936 4310 980 4363; x_wconf 91' lang='lat' dir='ltr'>vel</span> <span class='ocrx_word' id='word_1_297' title='bbox 999 4311 1037 4363; x_wconf 92' lang='lat' dir='ltr'>de</span> <span class='ocrx_word' id='word_1_298' title='bbox 1058 4309 1206 4362; x_wconf 83' lang='lat' dir='ltr'>beneficiis</span> <span class='ocrx_word' id='word_1_299' title='bbox 1230 4308 1426 4361; x_wconf 88' lang='lat' dir='ltr'>ecclesiasticis</span> <span class='ocrx_word' id='word_1_300' title='bbox 1447 4307 1475 4359; x_wconf 91' lang='lat' dir='ltr'>in</span> <span class='ocrx_word' id='word_1_301' title='bbox 1496 4306 1550 4361; x_wconf 93' lang='lat' dir='ltr'>illis</span> <span class='ocrx_word' id='word_1_302' title='bbox 1572 4306 1698 4371; x_wconf 87' lang='lat' dir='ltr'>partibus</span> 
     </span>
     <span class='ocr_line' id='line_1_32' title="bbox 328 4386 1697 4455; baseline -0.005 -11"><span class='ocrx_word' id='word_1_303' title='bbox 328 4389 510 4455; x_wconf 82' lang='lat' dir='ltr'>generaliter</span> <span class='ocrx_word' id='word_1_304' title='bbox 527 4389 601 4441; x_wconf 89' lang='lat' dir='ltr'>dicte</span> <span class='ocrx_word' id='word_1_305' title='bbox 618 4389 699 4442; x_wconf 89' lang='lat' dir='ltr'>Sedis</span> <span class='ocrx_word' id='word_1_306' title='bbox 715 4390 760 4443; x_wconf 92' lang='lat' dir='ltr'>vel</span> <span class='ocrx_word' id='word_1_307' title='bbox 777 4389 938 4451; x_wconf 86' lang='lat' dir='ltr'>legatorum</span> <span class='ocrx_word' id='word_1_308' title='bbox 955 4391 1016 4452; x_wconf 90' lang='lat' dir='ltr'>ejus</span> <span class='ocrx_word' id='word_1_309' title='bbox 1029 4391 1120 4443; x_wconf 90' lang='lat' dir='ltr'>littere</span> <span class='ocrx_word' id='word_1_310' title='bbox 1145 4391 1199 4442; x_wconf 88' lang='lat' dir='ltr'>sint</span> <span class='ocrx_word' id='word_1_311' title='bbox 1222 4390 1337 4446; x_wconf 88' lang='lat' dir='ltr'>directe,</span> <span class='ocrx_word' id='word_1_312' title='bbox 1360 4390 1447 4442; x_wconf 89' lang='lat' dir='ltr'>etiam</span> <span class='ocrx_word' id='word_1_313' title='bbox 1469 4389 1493 4441; x_wconf 93' lang='lat' dir='ltr'>si</span> <span class='ocrx_word' id='word_1_314' title='bbox 1515 4405 1567 4452; x_wconf 89' lang='lat' dir='ltr'>per</span> <span class='ocrx_word' id='word_1_315' title='bbox 1590 4403 1637 4439; x_wconf 86' lang='lat' dir='ltr'>eas</span> <span class='ocrx_word' id='word_1_316' title='bbox 1660 4386 1697 4438; x_wconf 91' lang='lat' dir='ltr'>ad</span> 
     </span>
     <span class='ocr_line' id='line_1_33' title="bbox 326 4468 1699 4534; baseline -0.005 -9"><span class='ocrx_word' id='word_1_317' title='bbox 326 4470 541 4534; x_wconf 85' lang='lat' dir='ltr'>inhibitionem,</span> <span class='ocrx_word' id='word_1_318' title='bbox 563 4471 783 4522; x_wconf 87' lang='lat' dir='ltr'>reservationem</span> <span class='ocrx_word' id='word_1_319' title='bbox 803 4481 830 4522; x_wconf 91' lang='lat' dir='ltr'>et</span> <span class='ocrx_word' id='word_1_320' title='bbox 851 4470 999 4524; x_wconf 86' lang='lat' dir='ltr'>decretum</span> <span class='ocrx_word' id='word_1_321' title='bbox 1021 4471 1066 4522; x_wconf 92' lang='lat' dir='ltr'>vel</span> <span class='ocrx_word' id='word_1_322' title='bbox 1083 4471 1153 4523; x_wconf 88' lang='lat' dir='ltr'>alias</span> <span class='ocrx_word' id='word_1_323' title='bbox 1171 4471 1385 4534; x_wconf 88' lang='lat' dir='ltr'>quomodolibet</span> <span class='ocrx_word' id='word_1_324' title='bbox 1401 4471 1437 4523; x_wconf 90' lang='lat' dir='ltr'>sit</span> <span class='ocrx_word' id='word_1_325' title='bbox 1453 4485 1623 4534; x_wconf 86' lang='lat' dir='ltr'>processum,</span> <span class='ocrx_word' id='word_1_326' title='bbox 1642 4468 1699 4531; x_wconf 88' lang='lat' dir='ltr'>qui·</span> 
     </span>
     <span class='ocr_line' id='line_1_34' title="bbox 325 4549 1696 4616; baseline -0.005 -10"><span class='ocrx_word' id='word_1_327' title='bbox 325 4554 380 4606; x_wconf 88' lang='lat' dir='ltr'>bus</span> <span class='ocrx_word' id='word_1_328' title='bbox 407 4550 556 4608; x_wconf 84' lang='lat' dir='ltr'>omnibus,</span> <span class='ocrx_word' id='word_1_329' title='bbox 580 4560 761 4614; x_wconf 86' lang='lat' dir='ltr'>preterquam</span> <span class='ocrx_word' id='word_1_330' title='bbox 786 4553 953 4604; x_wconf 87' lang='lat' dir='ltr'>auctoritate</span> <span class='ocrx_word' id='word_1_331' title='bbox 977 4563 1077 4604; x_wconf 89' lang='lat' dir='ltr'>nostra</span> <span class='ocrx_word' id='word_1_332' title='bbox 1097 4552 1126 4604; x_wconf 93' lang='lat' dir='ltr'>in</span> <span class='ocrx_word' id='word_1_333' title='bbox 1147 4552 1267 4604; x_wconf 90' lang='lat' dir='ltr'>ecclesia</span> <span class='ocrx_word' id='word_1_334' title='bbox 1286 4552 1413 4616; x_wconf 90' lang='lat' dir='ltr'>predicta</span> <span class='ocrx_word' id='word_1_335' title='bbox 1432 4551 1560 4613; x_wconf 71' lang='lat' dir='ltr'>receptis</span> <span class='ocrx_word' id='word_1_336' title='bbox 1582 4549 1625 4602; x_wconf 76' lang='lat' dir='ltr'>iel</span> <span class='ocrx_word' id='word_1_337' title='bbox 1643 4549 1696 4600; x_wconf 93' lang='lat' dir='ltr'>sub</span> 
     </span>
     <span class='ocr_line' id='line_1_35' title="bbox 328 4631 1696 4698; baseline -0.004 -12"><span class='ocrx_word' id='word_1_338' title='bbox 328 4632 551 4698; x_wconf 87' lang='lat' dir='ltr'>prebendarum</span> <span class='ocrx_word' id='word_1_339' title='bbox 569 4633 764 4695; x_wconf 86' lang='lat' dir='ltr'>expectatione</span> <span class='ocrx_word' id='word_1_340' title='bbox 783 4632 970 4695; x_wconf 84' lang='lat' dir='ltr'>manentibus,</span> <span class='ocrx_word' id='word_1_341' title='bbox 989 4642 1017 4685; x_wconf 91' lang='lat' dir='ltr'>te</span> <span class='ocrx_word' id='word_1_342' title='bbox 1038 4633 1067 4684; x_wconf 93' lang='lat' dir='ltr'>in</span> <span class='ocrx_word' id='word_1_343' title='bbox 1092 4633 1270 4685; x_wconf 90' lang='lat' dir='ltr'>assecutione</span> <span class='ocrx_word' id='word_1_344' title='bbox 1296 4633 1371 4685; x_wconf 91' lang='lat' dir='ltr'>dicte</span> <span class='ocrx_word' id='word_1_345' title='bbox 1397 4632 1542 4696; x_wconf 89' lang='lat' dir='ltr'>prebende</span> <span class='ocrx_word' id='word_1_346' title='bbox 1568 4631 1696 4682; x_wconf 88' lang='lat' dir='ltr'>volumus</span> 
     </span>
     <span class='ocr_line' id='line_1_36' title="bbox 327 4712 1698 4777; baseline -0.003 -9"><span class='ocrx_word' id='word_1_347' title='bbox 327 4712 482 4775; x_wconf 75' lang='lat' dir='ltr'>anteferri</span> <span class='ocrx_word' id='word_1_348' title='bbox 499 4712 552 4763; x_wconf 92' lang='lat' dir='ltr'>sed</span> <span class='ocrx_word' id='word_1_349' title='bbox 567 4712 676 4764; x_wconf 91' lang='lat' dir='ltr'>nullum</span> <span class='ocrx_word' id='word_1_350' title='bbox 690 4713 729 4764; x_wconf 90' lang='lat' dir='ltr'>eis</span> <span class='ocrx_word' id='word_1_351' title='bbox 744 4730 794 4776; x_wconf 91' lang='lat' dir='ltr'>per</span> <span class='ocrx_word' id='word_1_352' title='bbox 809 4712 863 4764; x_wconf 91' lang='lat' dir='ltr'>hoc</span> <span class='ocrx_word' id='word_1_353' title='bbox 876 4715 971 4775; x_wconf 87' lang='lat' dir='ltr'>quoad</span> <span class='ocrx_word' id='word_1_354' title='bbox 986 4713 1198 4766; x_wconf 88' lang='lat' dir='ltr'>assecutionem</span> <span class='ocrx_word' id='word_1_355' title='bbox 1211 4714 1331 4765; x_wconf 87' lang='lat' dir='ltr'>aliorum</span> <span class='ocrx_word' id='word_1_356' title='bbox 1346 4713 1556 4777; x_wconf 85' lang='lat' dir='ltr'>prebendarum</span> <span class='ocrx_word' id='word_1_357' title='bbox 1569 4728 1603 4764; x_wconf 87' lang='lat' dir='ltr'>ac</span> <span class='ocrx_word' id='word_1_358' title='bbox 1616 4712 1698 4764; x_wconf 89' lang='lat' dir='ltr'>bene-</span> 
     </span>
     <span class='ocr_line' id='line_1_37' title="bbox 327 4792 1696 4857; baseline -0.004 -8"><span class='ocrx_word' id='word_1_359' title='bbox 327 4798 468 4849; x_wconf 76' lang='lat' dir='ltr'>ficiorum</span> <span class='ocrx_word' id='word_1_360' title='bbox 489 4792 678 4856; x_wconf 82' lang='lat' dir='ltr'>prejudicium</span> <span class='ocrx_word' id='word_1_361' title='bbox 698 4793 837 4855; x_wconf 81' lang='lat' dir='ltr'>generari,</span> <span class='ocrx_word' id='word_1_362' title='bbox 858 4810 910 4845; x_wconf 86' lang='lat' dir='ltr'>seu</span> <span class='ocrx_word' id='word_1_363' title='bbox 929 4794 952 4845; x_wconf 93' lang='lat' dir='ltr'>si</span> <span class='ocrx_word' id='word_1_364' title='bbox 972 4793 1055 4846; x_wconf 90' lang='lat' dir='ltr'>dictis</span> <span class='ocrx_word' id='word_1_365' title='bbox 1072 4795 1170 4846; x_wconf 89' lang='lat' dir='ltr'>abbati</span> <span class='ocrx_word' id='word_1_366' title='bbox 1189 4805 1215 4846; x_wconf 92' lang='lat' dir='ltr'>et</span> <span class='ocrx_word' id='word_1_367' title='bbox 1231 4795 1355 4857; x_wconf 86' lang='lat' dir='ltr'>capitulo</span> <span class='ocrx_word' id='word_1_368' title='bbox 1372 4793 1501 4855; x_wconf 87' lang='lat' dir='ltr'>ejusdem</span> <span class='ocrx_word' id='word_1_369' title='bbox 1519 4793 1637 4845; x_wconf 88' lang='lat' dir='ltr'>ecclesie</span> <span class='ocrx_word' id='word_1_370' title='bbox 1652 4793 1696 4844; x_wconf 91' lang='lat' dir='ltr'>vel</span> 
     </span>
     <span class='ocr_line' id='line_1_38' title="bbox 326 4873 1697 4942; baseline -0.004 -13"><span class='ocrx_word' id='word_1_371' title='bbox 326 4876 484 4942; x_wconf 90' lang='lat' dir='ltr'>quibusvis</span> <span class='ocrx_word' id='word_1_372' title='bbox 505 4874 567 4926; x_wconf 89' lang='lat' dir='ltr'>aliis</span> <span class='ocrx_word' id='word_1_373' title='bbox 587 4874 772 4925; x_wconf 90' lang='lat' dir='ltr'>communiter</span> <span class='ocrx_word' id='word_1_374' title='bbox 790 4874 834 4927; x_wconf 90' lang='lat' dir='ltr'>vel</span> <span class='ocrx_word' id='word_1_375' title='bbox 853 4875 964 4927; x_wconf 92' lang='lat' dir='ltr'>divisim</span> <span class='ocrx_word' id='word_1_376' title='bbox 983 4892 1000 4926; x_wconf 94' lang='lat' dir='ltr'>a</span> <span class='ocrx_word' id='word_1_377' title='bbox 1020 4874 1147 4940; x_wconf 89' lang='lat' dir='ltr'>predicta</span> <span class='ocrx_word' id='word_1_378' title='bbox 1172 4876 1206 4927; x_wconf 88' lang='lat' dir='ltr'>sit</span> <span class='ocrx_word' id='word_1_379' title='bbox 1232 4876 1307 4928; x_wconf 86' lang='lat' dir='ltr'>Sede</span> <span class='ocrx_word' id='word_1_380' title='bbox 1332 4874 1472 4927; x_wconf 88' lang='lat' dir='ltr'>indultum</span> <span class='ocrx_word' id='word_1_381' title='bbox 1496 4875 1573 4937; x_wconf 90' lang='lat' dir='ltr'>quod</span> <span class='ocrx_word' id='word_1_382' title='bbox 1597 4873 1635 4925; x_wconf 86' lang='lat' dir='ltr'>ad</span> <span class='ocrx_word' id='word_1_383' title='bbox 1659 4890 1697 4924; x_wconf 90' lang='lat' dir='ltr'>re-</span> 
     </span>
     <span class='ocr_line' id='line_1_39' title="bbox 323 4954 1696 5023; baseline -0.004 -11"><span class='ocrx_word' id='word_1_384' title='bbox 323 4957 500 5023; x_wconf 89' lang='lat' dir='ltr'>ceptionem</span> <span class='ocrx_word' id='word_1_385' title='bbox 527 4954 571 5005; x_wconf 88' lang='lat' dir='ltr'>vel</span> <span class='ocrx_word' id='word_1_386' title='bbox 599 4955 787 5016; x_wconf 90' lang='lat' dir='ltr'>provisionem</span> <span class='ocrx_word' id='word_1_387' title='bbox 812 4955 931 5016; x_wconf 87' lang='lat' dir='ltr'>alicujus</span> <span class='ocrx_word' id='word_1_388' title='bbox 958 4956 1075 5007; x_wconf 90' lang='lat' dir='ltr'>minime</span> <span class='ocrx_word' id='word_1_389' title='bbox 1090 4966 1241 5008; x_wconf 88' lang='lat' dir='ltr'>teneantur</span> <span class='ocrx_word' id='word_1_390' title='bbox 1255 4955 1388 5018; x_wconf 91' lang='lat' dir='ltr'>quodque</span> <span class='ocrx_word' id='word_1_391' title='bbox 1401 4955 1439 5006; x_wconf 85' lang='lat' dir='ltr'>ad</span> <span class='ocrx_word' id='word_1_392' title='bbox 1452 4954 1480 5006; x_wconf 96' lang='lat' dir='ltr'>id</span> <span class='ocrx_word' id='word_1_393' title='bbox 1495 4954 1626 5017; x_wconf 88' lang='lat' dir='ltr'>compelli</span> <span class='ocrx_word' id='word_1_394' title='bbox 1639 4970 1696 5006; x_wconf 91' lang='lat' dir='ltr'>non</span> 
     </span>
     <span class='ocr_line' id='line_1_40' title="bbox 321 5033 1693 5105; baseline -0.006 -13"><span class='ocrx_word' id='word_1_395' title='bbox 321 5040 449 5105; x_wconf 88' lang='lat' dir='ltr'>possint,</span> <span class='ocrx_word' id='word_1_396' title='bbox 470 5036 533 5088; x_wconf 90' lang='lat' dir='ltr'>sive</span> <span class='ocrx_word' id='word_1_397' title='bbox 554 5035 631 5097; x_wconf 88' lang='lat' dir='ltr'>quod</span> <span class='ocrx_word' id='word_1_398' title='bbox 648 5036 685 5087; x_wconf 92' lang='lat' dir='ltr'>de</span> <span class='ocrx_word' id='word_1_399' title='bbox 704 5036 916 5088; x_wconf 86' lang='lat' dir='ltr'>canonicatibus</span> <span class='ocrx_word' id='word_1_400' title='bbox 937 5048 964 5088; x_wconf 89' lang='lat' dir='ltr'>et</span> <span class='ocrx_word' id='word_1_401' title='bbox 982 5037 1135 5101; x_wconf 89' lang='lat' dir='ltr'>prebendis</span> <span class='ocrx_word' id='word_1_402' title='bbox 1159 5037 1246 5100; x_wconf 90' lang='lat' dir='ltr'>ipsius</span> <span class='ocrx_word' id='word_1_403' title='bbox 1272 5037 1391 5088; x_wconf 88' lang='lat' dir='ltr'>ecclesie</span> <span class='ocrx_word' id='word_1_404' title='bbox 1413 5034 1458 5088; x_wconf 90' lang='lat' dir='ltr'>vel</span> <span class='ocrx_word' id='word_1_405' title='bbox 1482 5033 1628 5087; x_wconf 81' lang='lat' dir='ltr'>beneficiis</span> <span class='ocrx_word' id='word_1_406' title='bbox 1653 5051 1693 5085; x_wconf 89' lang='lat' dir='ltr'>ec-</span> 
     </span>
     <span class='ocr_line' id='line_1_41' title="bbox 318 5113 1693 5182; baseline -0.006 -7"><span class='ocrx_word' id='word_1_407' title='bbox 318 5118 500 5175; x_wconf 86' lang='lat' dir='ltr'>clesiasticis</span> <span class='ocrx_word' id='word_1_408' title='bbox 524 5115 562 5167; x_wconf 92' lang='lat' dir='ltr'>ad</span> <span class='ocrx_word' id='word_1_409' title='bbox 587 5131 685 5168; x_wconf 89' lang='lat' dir='ltr'>eorum</span> <span class='ocrx_word' id='word_1_410' title='bbox 706 5116 895 5176; x_wconf 80' lang='lat' dir='ltr'>collationem,</span> <span class='ocrx_word' id='word_1_411' title='bbox 920 5118 1111 5182; x_wconf 86' lang='lat' dir='ltr'>provisionem</span> <span class='ocrx_word' id='word_1_412' title='bbox 1138 5118 1182 5170; x_wconf 87' lang='lat' dir='ltr'>vel</span> <span class='ocrx_word' id='word_1_413' title='bbox 1211 5117 1339 5181; x_wconf 87' lang='lat' dir='ltr'>quamvis</span> <span class='ocrx_word' id='word_1_414' title='bbox 1366 5116 1452 5168; x_wconf 90' lang='lat' dir='ltr'>aliam</span> <span class='ocrx_word' id='word_1_415' title='bbox 1478 5113 1693 5179; x_wconf 90' lang='lat' dir='ltr'>dispositionem</span> 
     </span>
    </p>
   </div>
   <div class='ocr_carea' id='block_1_9' title="bbox 0 0 2220 6017">
    <p class='ocr_par' dir='ltr' id='par_1_11' title="bbox 0 0 2220 6017">
     <span class='ocr_line' id='line_1_42' title="bbox 0 0 2220 6017; baseline 0 0"><span class='ocrx_word' id='word_1_416' title='bbox 0 0 2220 6017; x_wconf 95' lang='lat' dir='ltr'> </span> 
     </span>
    </p>
   </div>
  </div>
 </body>
</html>
