4409 6017
543 721 584 788 48
1085 711 1233 778 Premiere
1254 709 1355 775 annio.

548 958 551 964 Ι
590 873 668 938 Dat.
684 871 783 936 Asin.
802 889 819 953 7
836 869 880 935 id.
896 868 1087 933 novembris
1101 887 1191 932 anno
1211 886 1236 932 1.

588 977 627 1041 In
645 999 674 1041 e.
690 997 736 1041 m.
753 973 988 1040 archidiacono
1005 972 1163 1056 Equilino
1179 979 1212 1035 et
1228 973 1373 1057 plebano
1397 969 1504 1056 plebis
1519 971 1550 1037 S.
1567 969 1734 1050 Johannis
1752 970 1888 1036 decollati

543 1083 585 1148 de
616 1080 776 1160 Venetiis,
808 1078 997 1143 Castellane
1035 1076 1185 1158 diocesis,
1216 1095 1256 1140 ac
1293 1075 1422 1153 Jacobo
1459 1074 1501 1139 de
1541 1074 1709 1155 Marxilio,
1744 1075 1888 1140 canonico

544 1184 724 1271 Clugiensi.

575 1333 637 1393 Reg.
652 1333 699 1379 Av.
711 1334 734 1384 5,
746 1330 765 1378 l.
777 1330 837 1376 421¹
849 1343 855 1378 ι
868 1327 926 1375 vat.
938 1329 977 1378 65,
990 1327 1008 1377 f.
1023 1329 1061 1384 811,
1074 1341 1098 1373 u.
1109 1327 1180 1373 23⁰2.

586 1498 696 1580 164.
1531 1512 1624 1592 1516,
1641 1514 1857 1577 Sirovembrc.

587 1616 830 1681 Executoribus
859 1615 1038 1679 mandatur
1065 1622 1229 1697 quatenus
1263 1614 1421 1679 inducant
1452 1615 1681 1680 Alexandrum
1710 1614 1815 1681 filium
1839 1613 1893 1680 Mi-

543 1721 667 1786 clraelis
690 1718 902 1804 Mayrroceni
928 1718 970 1783 de
996 1716 1155 1797 Venetiis,
1182 1718 1380 1783 canonicum
1406 1716 1693 1796 Cameracensem‚
1716 1717 1750 1782 in
1776 1739 1894 1806 posses

542 1825 669 1890 sionem
691 1823 859 1909 prebende
876 1822 1024 1906 ejusdem
1046 1821 1186 1886 ecclesie
1210 1820 1459 1887 Cameracensis
1477 1823 1546 1907 jam
1565 1843 1585 1887 a
1605 1843 1641 1887 12
1666 1822 1764 1890 annis
1786 1842 1894 1888 racan-

540 1929 583 1994 tis
599 1949 657 2013 per
673 1927 803 1993 obitum
820 1925 909 1990 Petri
925 1924 945 2002 J
948 1926 1043 1990 acobi
1061 1924 1297 1990 Bonaxenture
1318 1925 1360 1990 de
1381 1925 1558 2007 Cardinali,
1581 1925 1734 1992 canonici
1750 1925 1896 1992 Camera-

541 2032 658 2111 censis,
676 2030 764 2116 apud
776 2030 899 2095 Sedem
915 2028 1135 2114 apostolicam
1148 2029 1306 2095 defuncti.

586 2264 603 2300 a
621 2239 761 2303 Dilectis
778 2238 851 2303 liliis
868 2289 891 2303 ..
918 2236 947 2300 T
949 2238 1117 2302 orcellane
1133 2245 1166 2301 et
1184 2289 1207 2303 ..
1235 2237 1391 2322 Equiline
1415 2237 1656 2304 archidiaconis
1682 2258 1723 2304 ac
1746 2238 1899 2324 magistro

540 2345 665 2410 Busolo
689 2343 731 2408 de
758 2342 886 2420 Parma,
908 2342 1082 2427 capellano
1104 2350 1229 2423 nostre,
1251 2343 1413 2408 canonico
1432 2342 1655 2408 Tornacensis
1679 2343 1899 2422 ecclesiarum,

539 2451 682 2514 salutem
706 2455 770 2512 etc.
797 2445 958 2530 Exposuit
981 2445 1078 2509 nobis
1096 2445 1238 2510 dilectus
1257 2446 1342 2511 lilius
1361 2446 1559 2524 Alexander,
1584 2453 1683 2511 natus
1701 2447 1825 2513 nobilis
1845 2448 1900 2512 riri

541 2550 716 2617 Michaelis
733 2548 945 2634 lllayrroceni
966 2548 1007 2613 de
1031 2548 1191 2624 VenetiiS,
1214 2550 1393 2615 canonicus
1413 2548 1671 2630 Cameracensis,
1688 2551 1780 2634 quod
1802 2551 1900 2617 felicis

538 2654 776 2721 recordationis
800 2652 1003 2718 Benedictus
1018 2673 1105 2736 papa
1120 2651 1181 2729 XI,
1198 2653 1410 2737 predecessor
1433 2663 1554 2732 noster,
1577 2654 1695 2719 volens
1717 2653 1780 2719 sibi
1797 2655 1900 2721 facere

538 2759 677 2843 gratiam
700 2757 887 2842 specialem,
916 2756 1148 2821 cauronicatum
1176 2757 1317 2821 ecclesie
1339 2757 1628 2823 Cameracensis...
1647 2767 1682 2822 et
1697 2759 1900 2844 prebendam

538 2862 619 2928 uulli
636 2862 691 2926 alii
713 2861 755 2925 de
775 2861 847 2946 jure
870 2860 1028 2940 debitam,
1052 2860 1077 2924 si
1101 2881 1166 2943 qua
1190 2860 1221 2923 in
1247 2860 1364 2925 eadem
1388 2861 1530 2926 ecclesia
1552 2869 1632 2927 tunc
1656 2865 1851 2944 vacabat...
1873 2863 1900 2927 ei

538 2966 737 3033 auctoritate
762 2963 945 3049 apostoliea
968 2965 1120 3042 contulit,
1144 2971 1178 3027 et
1201 2964 1345 3049 providit
1367 2965 1468 3029 etiam
1486 2966 1527 3030 de
1543 2965 1680 3047 eisdem,
1704 2966 1900 3052 dignitatem

539 3092 618 3136 vero
643 3091 700 3133 seu
723 3077 937 3154 personatum
954 3068 1007 3130 rel
1029 3066 1186 3147 cilicium,
1203 3067 1228 3131 si
1246 3068 1278 3131 in
1295 3069 1412 3133 eadem
1429 3068 1569 3134 ecclesia
1590 3079 1671 3134 tunc
1693 3073 1836 3138 vacabat
1851 3073 1900 3135 vel

538 3172 782 3258 quamprimum
793 3191 911 3235 vacare
921 3170 1149 3254 contigerit...
1163 3170 1234 3234 etsi
1248 3172 1338 3235 nulla
1350 3173 1425 3236 talis
1437 3172 1605 3257 prebenda
1621 3181 1702 3238 tunc
1718 3174 1900 3241 vacabatin

481 3295 483 3299 ·
537 3277 677 3341 ecelesia
688 3274 981 3360 supradicta,idem
992 3274 1418 3359 predecessorprebendam
1429 3276 1580 3361 proximo
1590 3276 1623 3339 in
1634 3276 1752 3342 eadem
1763 3280 1900 3346 ecclesia

537 3388 728 3452 vacaturam
741 3429 747 3442 .
758 3430 780 3443 ..
794 3377 1029 3442 conferendam
1039 3377 1131 3442 dicto
1143 3377 1334 3443 Alexandro
1347 3400 1423 3443 eum
1435 3387 1568 3444 vacaret
1581 3378 1755 3446 donationi
1768 3391 1900 3468 aposto·

538 3482 601 3547 lice
613 3481 803 3555 reservavit,
813 3532 819 3545 .
829 3532 835 3545 .
845 3532 851 3545 .
863 3481 961 3546 certis
971 3480 1000 3543 ei
1014 3500 1111 3565 super
1127 3480 1191 3545 hoc
1207 3481 1439 3546 executoribus
1455 3482 1623 3567 deputatis
1634 3483 1691 3568 (¹).
1705 3483 1751 3549 Et
1766 3485 1900 3553 demum

537 3607 612 3652 cum
629 3585 797 3672 prebenda
814 3606 914 3667 quam
930 3583 1098 3667 quondam
1121 3583 1237 3648 Petrus
1257 3583 1374 3661 Jacobi
1400 3584 1636 3651 Bonaxenture
1660 3587 1702 3652 de
1724 3587 1900 3672 Cardiuali,

539 3690 719 3754 canonicus
745 3689 1003 3768 Cameracensis,
1030 3687 1061 3751 in
1087 3688 1228 3752 ccclesia
1258 3688 1328 3774 ipsa
1358 3690 1438 3754 dum
1468 3690 1596 3754 vireret
1628 3691 1815 3776 obtinebat,
1845 3716 1900 3781 per

539 3794 640 3879 ipsius
671 3795 800 3878 obitum
832 3793 920 3879 apud
949 3792 1072 3857 Sedent
1097 3794 1315 3878 apostolicam
1347 3795 1542 3874 racaiisset,
1568 3796 1657 3862 idem
1686 3799 1900 3883 predecessor

538 3898 628 3962 illam
644 3898 735 3962 dicto
761 3897 951 3962 Alexandro
978 3918 1054 3962 cum
1080 3897 1233 3961 omnibus
1255 3897 1381 3981 juribus
1408 3908 1442 3963 et
1466 3900 1677 3984 pertinentiis
1699 3902 1767 3967 suis
1782 3903 1898 3968 eadem

536 4003 736 4069 auctoritate
761 4002 904 4068 contulit
934 4011 969 4066 et
993 4001 1138 4087 providit
1160 4001 1261 4066 etiam
1288 4002 1329 4066 de
1361 4003 1489 4085 eadem,
1520 4026 1558 4069 ac
1590 4026 1691 4069 onere
1723 4009 1899 4075 sacerdotii

537 4106 739 4192 prebendam
773 4106 888 4191 ipsam,
914 4106 940 4171 si
971 4127 1012 4170 ex
1043 4105 1182 4170 ecclesie
1218 4106 1367 4191 predicte
1393 4116 1520 4172 statuto
1551 4108 1741 4176 immineret
1780 4113 1899 4193 eidem,

537 4231 731 4289 exonerans,
771 4211 851 4276 illud
883 4210 1040 4295 imposuit
1078 4209 1247 4294 prebende
1284 4220 1365 4276 tunc
1395 4212 1547 4297 proximo
1578 4213 1612 4277 iu
1642 4214 1733 4280 dicta
1759 4218 1899 4283 ecclesia

538 4324 703 4392 vacature,
734 4314 793 4378 sibi
816 4315 889 4397 jure
916 4313 1006 4396 ‹prml
1031 4313 1062 4376 in
1089 4313 1252 4395 dignitate
1280 4336 1337 4378 seu
1363 4324 1540 4399 personatu
1570 4318 1625 4381 vel
1652 4317 1766 4384 officio
1789 4341 1898 4407 supra·

536 4417 635 4482 dictis
660 4420 883 4502 competebat,
900 4417 1008 4482 eidem
1033 4418 1128 4500 juxta
1153 4417 1375 4502 predictarum
1403 4419 1548 4505 priorum
1581 4420 1765 4486 litterarum
1794 4424 1898 4489 couti-

536 4521 684 4585 nentiam
706 4520 1095 4592 reservatot2).l‹1tlicet
1121 4531 1317 4587 executores
1341 4523 1433 4587 dicto
1457 4524 1649 4588 Alexandro
1665 4545 1765 4611 super
1780 4548 1898 4593 execu-

537 4623 630 4689 tione
661 4624 848 4709 hujusmodi
880 4624 1029 4688 vacantis
1066 4624 1235 4709 prebende
1273 4625 1434 4710 deputati,
1474 4627 1673 4693 auctoritate
1712 4629 1898 4696 litterarum

536 4727 777 4812 predecessoris
810 4729 968 4812 ejusdem,
1000 4748 1076 4791 eum
1107 4727 1150 4792 ad
1185 4726 1308 4792 dietam
1340 4731 1544 4815 prebendam
1579 4731 1681 4817 recipi
1711 4734 1899 4802 mandaris·

537 4839 621 4911 seut,
648 4832 748 4916 ipsius
782 4831 1030 4897 Cameracensis
1061 4832 1199 4897 ecclesie
1233 4832 1378 4898 decanus
1408 4843 1442 4899 et
1478 4836 1660 4921 <aunarium
1691 4857 1711 4901 a
1738 4840 1899 4905 mandato

539 4996 614 5002 ——-—
660 4996 741 5001 -----
759 4997 1048 5004 —..—.-—...-..-
1070 4995 1240 5004 --n-—---

570 5079 591 5127 l.
613 5077 700 5127 lettre
711 5077 746 5124 du
759 5082 787 5125 21
804 5078 940 5126 novembre
957 5079 1032 5126 1303:
1047 5093 1103 5138 vey.
1119 5076 1276 5138 Grnndjmn,
1286 5075 1320 5124 lea
1332 5077 1450 5138 >repletiva
1474 5075 1504 5123 de
1517 5075 1610 5124 Beauit
1623 5075 1673 5136 XI,
1686 5090 1732 5125 un.
1744 5079 1793 5126 213
1804 5084 1829 5125 et
1844 5080 1897 5125 110.

585 5163 607 5209 2.
629 5160 714 5209 lettre
725 5160 759 5207 du
771 5164 785 5207 2
798 5161 889 5208 terrier
904 5162 963 5208 laer
975 5175 981 5216 ;
994 5174 1050 5221 roy.
1063 5158 1221 5221 Graudjeam,
1233 5175 1272 5221 ep.
1287 5160 1336 5218 cit,
1349 5173 1375 5213 n.
1387 5160 1443 5207 lll.
