4409 6017
506 715 567 781 588
680 752 683 756 ι
1035 714 1193 782 Νουνὶδιηο
1213 716 1317 785 annio.

505 884 566 930 nes
575 874 611 933 et
622 874 749 932 statuta
760 865 934 951 vergentia
945 866 980 931 in
993 864 1094 951 ipsius
1105 865 1252 952 episcopi
1261 865 1480 954 prejudicium
1492 873 1527 932 et
1536 873 1768 950 gravamen,et
1784 864 1864 951 quod

505 971 667 1036 nonnulla
691 973 792 1051 bona,
810 972 884 1055 jura
907 977 943 1034 et
966 968 1232 1055 jurisdictionem
1257 969 1360 1056 ipsius
1381 970 1584 1064 invaserant,
1610 977 1817 1057 usurparant
1836 978 1864 1033 et

507 1082 712 1159 occuparant
721 1082 756 1139 et
765 1082 846 1140 tunc
856 1073 1024 1154 invadere,
1034 1093 1191 1159 usurpare
1203 1081 1238 1139 et
1250 1094 1416 1160 occupare
1426 1093 1494 1139 non
1510 1076 1725 1155 verebantur,
1740 1093 1785 1140 ac
1795 1073 1866 1139 alias

506 1175 540 1241 in
555 1176 702 1263 pluribus
724 1184 937 1243 excesserant
953 1183 988 1241 et
1003 1175 1107 1242 etiam
1118 1178 1336 1257 excedebant,
1349 1176 1537 1242 intenderet
1546 1187 1560 1213 ⁴
1569 1185 1754 1264 propterea
1765 1177 1810 1242 ad
1819 1198 1867 1241 er·

507 1280 821 1347 communicationis
836 1288 872 1346 et
887 1279 1055 1346 interdicti
1071 1281 1256 1346 sententias
1267 1281 1449 1368 procedere
1459 1290 1576 1348 contra
1586 1303 1657 1364 eos,
1667 1301 1867 1368 quamquam

507 1382 569 1448 sibi
585 1383 627 1448 de
642 1383 811 1470 premissis
830 1385 1041 1468 aliquatenus
1066 1404 1135 1449 non
1152 1392 1333 1464 constaret,
1349 1395 1449 1470 prout
1472 1406 1535 1452 nec
1553 1394 1713 1452 constare
1728 1392 1868 1472 poterat,

507 1507 585 1552 cum
600 1507 640 1553 ea
654 1508 723 1554 non
739 1496 851 1554 essent
866 1487 1002 1555 notoria
1014 1507 1123 1574 neque
1133 1508 1223 1570 vera,
1239 1508 1283 1553 ne
1295 1488 1404 1554 dictus
1416 1489 1592 1575 episcopus
1607 1489 1655 1556 sic
1672 1511 1715 1555 ex
1730 1491 1868 1576 abrupto

507 1589 704 1676 procederet
719 1599 837 1657 contra
853 1591 953 1677 ipsos,
976 1590 1020 1657 ad
1036 1590 1158 1657 Sedem
1177 1592 1409 1678 apostolicam,
1427 1593 1565 1658 nomine
1588 1612 1649 1658 suo
1673 1601 1710 1659 et
1732 1593 1866 1659 aliorum

507 1691 556 1757 eis
571 1692 605 1756 in
620 1693 684 1759 hac
698 1702 794 1779 parte
809 1694 1042 1761 adherentium
1058 1703 1093 1760 et
1109 1695 1269 1761 adherere
1284 1695 1472 1761 volentium
1492 1697 1717 1782 appellarunt,
1733 1704 1772 1762 et
1786 1695 1868 1782 quod

506 1795 597 1861 idem
619 1797 795 1884 episcopus
818 1798 1009 1884 hujusmodi
1039 1796 1269 1884 appellatione
1292 1806 1500 1885 contempta,
1521 1807 1679 1885 pretextu
1706 1799 1868 1867 dictorum

507 1907 720 1982 statutorum,
736 1901 816 1968 licet
842 1901 904 1988 ipsi
928 1910 1046 1969 contra
1069 1902 1191 1968 eadem
1218 1910 1344 1968 statuta
1371 1923 1441 1967 non
1467 1903 1638 1969 venissent
1658 1923 1725 1970 nec
1750 1901 1870 1988 aliquid

507 2002 722 2089 peregissent,
739 2005 883 2091 ipsisque
899 2006 1075 2092 magistris,
1088 2005 1244 2087 scabinis,
1252 2007 1378 2090 juratis,
1395 2007 1589 2072 consiliariis
1601 2015 1636 2072 et
1651 2007 1870 2073 universitate

401 2167 405 2173 .
508 2126 576 2170 non
593 2107 740 2189 monitiS,
756 2130 819 2175 nec
834 2109 954 2191 citatis,
971 2130 1034 2175 nec
1056 2130 1092 2175 se
1108 2129 1168 2196 per
1190 2111 1439 2176 contumaciam
1455 2110 1721 2192 absentantibus,
1737 2111 1870 2177 eosdem

508 2210 694 2296 magistros,
710 2213 874 2295 scabinos,
884 2214 1022 2298 juratos,
1034 2213 1241 2280 consiliarios
1253 2234 1430 2300 perperam
1443 2214 1637 2295 declaravit,
1652 2212 1871 2280 denunciavit

509 2322 544 2378 et
570 2315 673 2380 etiam
699 2316 883 2403 publicavit
910 2326 981 2383 tam
1013 2317 1095 2403 juris
1131 2337 1231 2401 quam
1258 2325 1462 2383 statutorum
1498 2318 1645 2404 ipsorum
1672 2316 1872 2384 auctoritate

509 2419 818 2485 excommunicatos
841 2427 875 2484 et
892 2418 1065 2486 civitatem
1090 2419 1199 2506 ipsam
1224 2420 1365 2485 existere
1389 2421 1602 2487 interdictam
1617 2428 1652 2485 et
1667 2441 1688 2485 a
1704 2420 1871 2488 divinisin

509 2540 549 2585 ea
565 2521 683 2587 cessari
696 2522 829 2605 debere,
841 2543 881 2589 ac
895 2522 1134 2589 nichilominus
1149 2524 1323 2590 civitatem
1339 2524 1525 2610 predictam
1535 2525 1673 2610 ejusque
1688 2524 1873 2590 communi·

508 2631 615 2690 tatem
630 2626 830 2692 auctoritate
846 2626 1013 2693 ordinaria
1033 2626 1216 2708 interdixit,
1232 2627 1388 2714 ipsosque
1403 2628 1569 2709 scabinos,
1584 2627 1780 2713 magistros,
1793 2629 1873 2714 jura·

509 2735 573 2809 tos,
590 2729 1128 2813 consiliariosexcommunicatos,
1144 2739 1180 2797 et
1195 2731 1368 2798 civitatem
1378 2752 1418 2798 ac
1433 2730 1717 2799 communitatem
1733 2732 1875 2818 prelatas

511 2830 705 2898 interdictas
731 2834 905 2900 mandavit
938 2842 973 2900 et
1000 2835 1080 2901 fecit
1106 2835 1240 2920 publice
1266 2833 1415 2900 nunciari
1440 2843 1475 2899 et
1506 2836 1548 2899 ab
1573 2834 1732 2900 omnibus
1757 2833 1874 2901 arctius

511 2935 651 3003 evitari:
668 2946 885 3024 propterque
906 2959 967 3025 pro
991 2946 1087 3024 parte
1114 2939 1261 3025 ipsorum
1286 2946 1320 3003 et
1344 2937 1576 3004 adherentium
1591 2937 1826 3024 predictorum
1837 2935 1874 3004 ad

510 3039 653 3105 eandem
680 3041 801 3108 Sedem
811 3043 923 3108 extitit
936 3044 1157 3129 appellatum.
1171 3041 1245 3108 Nos
1257 3042 1381 3127 itaque,
1391 3042 1455 3106 hiis
1467 3039 1530 3126 que
1542 3061 1604 3126 pro
1619 3049 1769 3126 utraque
1785 3051 1873 3129 parte

510 3144 642 3209 fuerant
667 3146 839 3232 proposita
863 3168 976 3213 coram
1000 3147 1097 3212 nobis
1123 3147 1315 3232 diligentius
1340 3145 1530 3226 intellectis,
1554 3145 1665 3211 dictos
1688 3146 1872 3231 magistros,

510 3249 758 3332 gubernatores,
771 3251 900 3335 juratos
915 3259 950 3315 ct
966 3250 1172 3316 consiliarios
1195 3271 1254 3337 per
1277 3271 1337 3316 vos
1353 3249 1418 3316 hac
1433 3249 1507 3315 vice
1523 3251 1648 3333 absque
1670 3248 1872 3315 difficultatis

511 3354 684 3418 obstaculo
700 3374 719 3418 a
734 3354 893 3440 predictis
908 3355 1084 3420 sententiis
1103 3354 1463 3420 excommunicationis
1476 3351 1686 3439 providimus
1701 3352 1873 3418 absolven-

511 3455 582 3536 doS,
607 3477 646 3522 ac
667 3457 837 3542 predictos
860 3458 943 3523 alios
960 3479 1134 3545 processus
1158 3458 1306 3543 ejusdem
1322 3456 1482 3543 episcopi,
1499 3464 1569 3521 tam
1586 3454 1760 3521 ordinaria
1782 3473 1872 3540 quam

512 3559 738 3644 predictorum
763 3569 965 3627 statutorum
992 3561 1195 3627 auctoritate
1222 3560 1366 3641 habitoS,
1392 3559 1556 3645 usquead
1578 3566 1725 3644 quatuor
1749 3576 1873 3624 menses

511 3663 666 3749 proximo
682 3667 922 3750 subsequentes
937 3686 956 3730 a
983 3665 1063 3730 data
1078 3665 1282 3750 presentium
1299 3665 1335 3729 in
1357 3671 1436 3728 ante
1451 3661 1678 3728 numerandos
1693 3660 1872 3748 apostolica

512 3767 713 3832 auctoritate
725 3768 958 3853 suspendimus
967 3768 1009 3834 de
1019 3768 1204 3854 apostolice
1216 3767 1424 3855 plenitudine
1433 3764 1786 3852 potestatis,volentes
1794 3761 1873 3849 quod

512 3870 539 3936 si
555 3870 597 3935 de
613 3873 789 3937 voluntate
802 3872 959 3938 concordi
976 3873 1122 3958 ipsarum
1134 3872 1281 3959 partium
1297 3871 1426 3937 dictum
1441 3878 1576 3955 tempus
1589 3868 1835 3953 quadrimestre
1846 3867 1873 3930 in

512 3983 646 4060 tempus
661 3975 792 4061 longius
803 3985 1008 4062 prorogetur,
1025 3976 1168 4041 durante
1178 3975 1414 4062 prorogatione
1425 3972 1577 4061 predicta
1587 3971 1761 4038 absolutio
1773 3972 1874 4056 huJ'us

512 4078 604 4144 modi
616 4088 650 4143 et
660 4079 830 4145 interdicti
840 4079 1013 4166 suspensio
1023 4080 1224 4146 auctoritate
1236 4079 1387 4165 predicta
1399 4077 1546 4143 debeant
1558 4074 1790 4162 perdurare.Si
1803 4092 1875 4138 vero

513 4191 646 4268 tempus
662 4183 851 4270 hujusmodi
875 4204 934 4269 per
959 4183 1046 4269 ipsas
1062 4192 1174 4270 partes
1193 4204 1263 4249 non
1288 4182 1386 4247 suerit
1412 4180 1624 4247 concorditer
1651 4186 1874 4265 prorogatum,

513 4287 578 4368 vel,
594 4287 648 4352 ubi
666 4296 881 4372 prorogatum
899 4287 1007 4368 fuerit,
1031 4286 1221 4372 hujusmodi
1244 4286 1436 4373 prorogatio
1462 4285 1557 4351 finita
1581 4282 1738 4348 extiterit
1764 4291 1799 4348 et
1813 4299 1874 4346 non

514 4388 612 4454 fuerit
629 4391 714 4455 inter
729 4401 841 4477 partes
858 4391 993 4457 easdem
1017 4411 1117 4477 super
1133 4391 1269 4476 negotio
1291 4388 1482 4475 hujusmodi
1506 4386 1766 4468 concordatum,
1783 4385 1875 4452 iidem

514 4494 673 4579 magistri,
689 4498 937 4580 gubernatores,
943 4495 1044 4580 jurati
1057 4515 1096 4560 ac
1107 4494 1285 4560 consiliarii
1303 4515 1344 4560 eo
1357 4495 1429 4580 ipso
1446 4493 1479 4557 in
1490 4512 1569 4557 eum
1578 4499 1706 4557 statum
1718 4490 1875 4565 recidant,

516 4598 626 4681 quoad
653 4600 837 4664 sententias
855 4606 1068 4679 memoratas,
1085 4599 1119 4663 in
1146 4619 1213 4683 quo
1239 4606 1335 4663 erant
1361 4607 1440 4662 ante
1455 4595 1711 4683 suspensionem
1729 4595 1874 4667 eandem,

516 4701 671 4784 dicteque
696 4703 863 4768 sententie
888 4712 923 4769 et
958 4723 1134 4789 processus
1154 4703 1304 4788 ejusdem
1327 4701 1475 4788 episcopi
1507 4700 1540 4764 in
1565 4699 1710 4785 pristino
1736 4704 1875 4765 statuet

516 4807 636 4869 robore
652 4815 820 4888 maneant,
837 4807 884 4873 ita
900 4807 990 4892 quod
1012 4828 1071 4892 per
1098 4806 1164 4873 hoc
1186 4805 1285 4871 dictis
1308 4805 1484 4870 sententiis
1500 4812 1534 4869 et
1550 4802 1769 4889 processibus
1785 4799 1874 4867 nichil

517 4917 687 4974 accrescat
702 4912 836 4996 penitus
851 4913 906 4976 vel
930 4911 1113 4978 decrescat.
1130 4910 1295 4996 Quocirca
1320 4908 1513 4975 discretioni
1538 4914 1650 4972 vestre
1673 4927 1737 4993 per
1752 4914 1875 4994 aposto·

551 5142 576 5181 a.
590 5142 620 5176 ac
632 5128 778 5186 intenderet
790 5145 842 5194 rep.
