4409 6017
957 744 1114 821 Neuvibme
1134 755 1236 821 annes.
1720 744 1780 818 579

415 904 573 971 obstante
589 905 680 990 quod
703 914 855 991 quartam
879 913 1008 992 partem
1033 904 1173 971 ecclesie
1189 904 1220 970 S.
1237 904 1398 991 Stephani
1414 903 1456 969 de
1472 902 1604 983 Wahar,
1620 922 1680 987 per
1699 922 1778 987 qua-

414 1014 494 1073 tuor
508 1009 606 1075 solite
617 1013 792 1096 gnbemari
807 1017 964 1091 rectores,
975 1007 1171 1074 Leodiensis
1186 1007 1339 1088 diocesis,
1355 1008 1495 1074 obtinet.

461 1111 512 1176 Ex
536 1121 593 1178 tue
615 1113 847 1181 devotionis...

459 1214 538 1281 Dat.
555 1217 655 1281 Avin.
675 1237 712 1301 13
730 1216 795 1282 kal.
809 1216 893 1303 junii
910 1237 1000 1282 anno
1017 1236 1045 1297 9.

459 1315 499 1382 In
515 1340 544 1384 e.
560 1341 603 1385 m.
619 1320 650 1385 S.
667 1318 785 1398 Jacobi
802 1318 998 1385 Leodiensis
1022 1327 1056 1384 et
1081 1316 1367 1385 Novimonasterii
1390 1340 1495 1405 prope
1521 1317 1672 1402 Hoyum,
1693 1316 1778 1382 Leo-

412 1420 538 1488 diensis
561 1422 712 1506 diocesis,
728 1424 1008 1490 monasteriorum
1024 1424 1199 1489 abbatibus
1215 1443 1255 1489 ac
1265 1423 1397 1489 decano
1408 1421 1549 1489 ecclesie
1567 1422 1602 1487 S.
1614 1419 1634 1498 J
1637 1422 1778 1486 ohannis

413 1523 622 1593 Leodiensis.

448 1669 510 1731 mg.
525 1672 572 1718 nv.
585 1673 624 1729 aa,
637 1671 655 1722 f.
671 1672 735 1730 ως
754 1672 814 1721 Vat.
828 1675 864 1733 ro,
876 1673 894 1723 r.
913 1675 953 1733 or,
970 1688 995 1721 n.
1012 1673 1082 1722 1413.

461 1830 600 1914 1582.
1484 1866 1579 1929 1325,
1596 1868 1638 1911 20
1655 1850 1732 1913 mai.

458 1947 620 2030 Waltero,
645 1958 727 2016 nato
751 1949 921 2035 quondam
946 1949 1082 2017 Gerardi
1110 1950 1152 2018 de
1172 1950 1350 2031 Tomblan,
1367 1950 1535 2017 confertur
1559 1951 1777 2017 canonicatus

411 2052 556 2117 ecclesie
573 2052 603 2118 S.
621 2052 735 2120 Crucis
751 2052 945 2120 Leodiensis
960 2058 1020 2121 sub
1036 2055 1273 2142 expectatione
1292 2055 1470 2141 prebende.

460 2155 632 2223 Honestas
655 2180 826 2226 morum...

459 2258 537 2325 Dat.
552 2261 652 2327 Avin.
674 2282 709 2346 13
726 2263 792 2329 kal.
806 2265 888 2350 junii
905 2285 995 2330 anno
1013 2284 1041 2345 9.

458 2360 497 2426 In
513 2384 542 2428 e.
558 2384 603 2431 m.
619 2365 661 2431 de
678 2363 887 2432 Monasterio
912 2366 1014 2433 Novo
1038 2388 1144 2453 prope
1169 2367 1320 2453 Hoyum,
1346 2367 1542 2435 Leodiensis
1564 2368 1716 2448 diocesis
1740 2376 1774 2432 et

408 2468 447 2534 S.
465 2464 483 2544 J
488 2468 583 2534 acobi
599 2470 879 2537 monasteriorum
894 2470 1069 2536 abbatibus
1084 2492 1123 2538 ac
1138 2471 1269 2538 decano
1292 2472 1432 2538 ecclesie
1455 2472 1487 2538 S.
1503 2471 1523 2549 J
1526 2471 1668 2537 ohannis
1689 2470 1775 2537 Leo-

405 2570 546 2638 diensis.

443 2711 507 2773 neg.
519 2715 568 2762 nv.
580 2714 619 2772 23,
632 2715 650 2763 f.
665 2715 723 2762 nav
734 2731 739 2771 ;
752 2714 810 2763 rat.
824 2716 861 2774 ro,
873 2714 891 2764 f.
902 2716 955 2775 aar,
969 2728 995 2762 n.
1009 2715 1080 2764 1463.

457 2880 601 2965 1583-
1478 2912 1573 2977 1325,
1590 2914 1633 2957 20
1650 2896 1727 2958 mai.

454 2996 595 3080 Jacobo,
610 3007 692 3064 nato
714 2997 832 3076 Jacobi
862 2999 995 3081 Festial,
1012 3000 1134 3065 clerico
1161 2997 1350 3080 Leodiensi,
1364 3004 1550 3063 reservatur
1571 2997 1772 3062 beneficium

403 3101 674 3168 ecclesiasticum
690 3090 767 3169 cuin
782 3123 861 3168 cura
876 3105 930 3168 vel
945 3103 1015 3169 sine
1031 3123 1110 3169 cura
1125 3104 1182 3186 (80
1198 3103 1251 3167 vel
1269 3122 1310 3186 40
1326 3101 1381 3166 lib.
1404 3108 1467 3165 tur.
1479 3100 1601 3185 paru),
1612 3100 1655 3165 ad
1670 3101 1772 3165 colla-

403 3206 539 3271 tionem
562 3205 690 3272 abbatis
713 3207 905 3272 monasterii
930 3206 962 3271 S.
980 3205 1124 3271 Huberti
1151 3205 1185 3270 in
1212 3205 1381 3285 Ardenna,
1398 3205 1439 3268 O.
1456 3203 1487 3267 S.
1504 3201 1772 3282 B.,·Le0diensis

403 3309 561 3375 diocesis

450 3411 654 3478 Litterarum
677 3414 857 3480 scientia...

450 3515 532 3581 Dat.
548 3518 647 3583 Avin.
668 3538 705 3602 13
722 3518 788 3583 kal.
801 3518 884 3603 junii
901 3537 991 3584 anno
1008 3539 1036 3601 9.

451 3618 493 3684 In
528 3641 557 3685 e.
582 3642 624 3686 m.
649 3621 809 3707 magistro
833 3620 979 3699 Jobanni
1007 3621 1049 3686 de
1075 3620 1275 3706 Columpna,
1306 3619 1543 3685 archidiacono
1574 3618 1769 3698 Vivariensi,

403 3723 539 3789 notario
555 3744 655 3811 pape,
672 3733 707 3790 et
722 3726 892 3811 preposito
908 3746 948 3792 ac
964 3725 1142 3791 scolastico
1158 3724 1189 3790 S.
1208 3722 1347 3789 Martini
1365 3722 1561 3790 Leodiensis
1576 3722 1727 3788 ecclesie.

437 3854 501 3914 Reg.
513 3855 560 3902 Ar.
573 3856 612 3913 23,
625 3854 644 3903 f.
659 3855 722 3911 313;
736 3855 757 3899 V
759 3860 794 3903 at.
811 3858 847 3914 79,
858 3856 877 3905 f.
892 3858 948 3915 249,
962 3870 989 3905 n.
1002 3858 1074 3906 1937.

449 4006 595 4088 1584.
1473 4047 1569 4110 1325,
1586 4049 1627 4090 20
1645 4031 1723 4094 mai.

447 4123 610 4190 Bastiano
633 4125 674 4190 de
700 4126 794 4207 Gras,
822 4129 942 4193 clerico
968 4128 1162 4196 Leodiensis
1186 4131 1338 4212 diocesis,
1359 4140 1545 4196 reservatur
1568 4131 1769 4197 beneficium

403 4228 668 4294 ecclesiasticum
685 4230 726 4295 ad
743 4232 962 4297 collationem
978 4234 1126 4320 episcopi
1142 4233 1369 4300 Virdunensis.

448 4331 544 4397 Sedis
564 4334 790 4419 apostolice...

448 4435 528 4499 Dat.
544 4437 643 4501 Avin.
666 4458 701 4521 13
716 4437 782 4502 kal.
793 4440 875 4523 junii
892 4461 983 4506 anno
1001 4463 1029 4521 9.

449 4538 490 4603 In
509 4559 538 4602 e.
555 4560 599 4604 m.
617 4541 728 4605 abbati
745 4545 939 4609 monasterii
957 4545 987 4610 S.
1005 4543 1122 4622 Jacobi
1140 4554 1174 4611 et
1188 4549 1360 4633 preposito
1376 4550 1407 4614 S.
1419 4547 1557 4613 Martini
1574 4547 1770 4615 Leodiensis

403 4665 443 4722 ac
458 4642 695 4709 archidiacono
707 4645 749 4710 de
764 4648 872 4732 Algia,
884 4648 1101 4715 Lexoviensis
1118 4652 1341 4717 ecclesiarum.

437 4773 499 4833 Reg.
514 4776 560 4822 Ar.
571 4776 610 4832 23,
626 4773 643 4820 i.
656 4776 720 4823 376:
739 4775 797 4825 vat.
811 4778 849 4837 ill,
863 4778 880 4825 f.
897 4782 963 4837 aab,
977 4795 1001 4828 n.
1015 4784 1086 4829 2042.

451 4933 594 5017 1585.
1478 4978 1572 5040 1325,
1589 4980 1632 5022 20
1648 4962 1725 5025 ozai.

447 5052 597 5131 Jobanni
616 5053 752 5119 Raskini
769 5056 811 5121 de
828 5056 966 5138 Leodi0,
986 5058 1182 5143 presbiter0,
1203 5060 1371 5125 confertur
1393 5062 1612 5127 canonicatus
1628 5064 1767 5128 ecclesie

403 5161 432 5225 Ξ,
450 5157 593 5221 Seruatii
622 5156 855 5244 Trajectensis,
876 5160 1069 5227 Leodiensis
1085 5163 1237 5245 diocesis,
1253 5167 1313 5229 sub
1335 5164 1570 5250 expectatione
1586 5167 1765 5251 prebende,
