4409 6017
895 728 1040 811 Septibne
1057 728 1165 795 eunte.
1644 732 1707 797 433

342 876 451 964 ponit,
466 887 639 945 annuente
659 878 818 962 Domino,
834 880 981 946 breviter
1005 876 1182 965 proficisci,
1198 878 1360 966 propositi
1385 881 1539 947 executio
1565 881 1703 969 impedi·

343 988 408 1047 tur.
425 981 536 1066 Quare
560 983 642 1050 dicti
669 984 830 1070 conjuges
853 984 950 1050 nobis
975 981 1146 1048 humiliter
1169 982 1398 1070 supplicarunt
1414 991 1451 1049 ut
1466 986 1642 1071 providere
1658 988 1706 1053 eis

344 1105 445 1171 super
460 1085 526 1153 hoc
543 1087 586 1154 de
602 1096 770 1174 oportuno
796 1087 946 1155 remedio
971 1085 1195 1172 dignaremur.
1212 1084 1288 1152 Nos
1311 1086 1426 1171 itaque
1450 1090 1606 1155 nolentes
1632 1111 1706 1177 pre-

345 1189 422 1257 fatis
438 1192 643 1278 conjugibus,
660 1192 745 1259 sicut
763 1193 867 1260 etiam
892 1214 956 1260 nec
970 1191 1144 1273 debemus,
1158 1190 1192 1255 in
1217 1210 1278 1258 suo
1290 1190 1363 1276 jure
1379 1189 1506 1274 deesse,
1522 1193 1578 1278 qui
1594 1215 1707 1261 sumus

345 1295 501 1360 omnibus
527 1295 562 1360 in
585 1295 714 1381 justitia
737 1296 918 1378 debitores,
938 1294 1131 1363 discretioni
1147 1303 1258 1360 vestre
1283 1314 1342 1381 per
1368 1295 1553 1383 apostolica
1583 1298 1707 1383 scripta

344 1398 545 1465 mandamus
560 1407 735 1484 quatenus,
752 1401 903 1486 partibus
918 1400 1124 1481 convocatis,
1139 1400 1166 1464 si
1189 1400 1285 1466 vobis
1307 1401 1513 1487 simpliciter,
1530 1403 1708 1468 summarie

345 1512 381 1567 et
403 1502 447 1567 de
470 1503 583 1588 plano,
606 1503 679 1568 sine
702 1504 845 1591 strepitu
867 1512 902 1570 et
924 1504 1028 1590 figura
1046 1504 1173 1590 judicii,
1190 1505 1380 1571 constiterit
1402 1504 1449 1571 ita
1471 1526 1554 1587 esse,
1577 1506 1707 1573 dictum

345 1604 364 1684 J
367 1606 538 1672 ohannem
554 1605 597 1672 ad
612 1607 846 1692 assignandam
857 1616 892 1673 et
907 1607 1106 1674 tradendam
1121 1608 1308 1695 predictam
1322 1608 1440 1675 dotem
1452 1609 1549 1694 juxta
1566 1610 1708 1677 formam

346 1708 562 1794 obligationis
578 1710 738 1797 predicte,
755 1731 815 1797 per
831 1731 1006 1776 censuram
1029 1710 1302 1793 ecclesiasticam,
1318 1712 1546 1798 appellatione
1569 1723 1708 1796 remota,

347 1814 486 1898 cogatis,
517 1814 678 1880 iacientes
709 1835 807 1901 super
836 1814 1007 1901 premissis
1036 1814 1194 1901 sepefatis
1217 1815 1414 1901 conjugibus
1438 1817 1555 1883 celeris
1582 1818 1709 1904 justitie

348 1920 679 2003 complementum...
698 1918 799 2003 Quod
819 1919 845 1985 si
872 1939 941 1983 non
966 1939 1085 1983 omnes
1099 1920 1164 1985 hiis
1186 1920 1391 2004 exequendis
1411 1921 1588 2007 potueritis
1609 1922 1709 1987 inter-

347 2039 433 2101 esse,
457 2021 526 2087 duo
551 2030 699 2087 vestrum
714 2043 753 2088 ea
777 2022 1014 2088 nichilominus
1029 2030 1247 2107 exequantur.
1270 2022 1349 2089 Dat.
1375 2023 1476 2091 Avin.
1496 2043 1533 2108 17
1548 2024 1615 2091 kal.
1627 2026 1709 2109 junii

309 2179 313 2216 ,
347 2144 440 2190 anno
457 2143 521 2210 7.»

379 2273 443 2334 Beg.
458 2274 507 2323 dv.
523 2272 562 2332 18,
570 2272 589 2322 f.
601 2274 675 2332 576'3
688 2271 748 2325 Vat.
763 2273 801 2331 74,
814 2272 833 2322 1.
848 2274 903 2332 304,
916 2273 1008 2323 11866.

393 2478 533 2564 1156.
1250 2483 1254 2489 ’
1418 2517 1514 2580 1323,
1532 2498 1573 2562 16
1589 2498 1666 2562 moi.

389 2597 411 2677 J
414 2596 541 2664 ohanni
556 2598 599 2663 de
614 2596 769 2665 Tomaco
784 2597 954 2665 confertur
969 2597 1186 2665 canonicatus
1201 2598 1341 2665 ecclesie
1354 2599 1386 2666 S.
1399 2599 1485 2666 Piati
1498 2600 1710 2683 Sicliniensis,

341 2699 574 2767 Tomacensis
588 2700 741 2782 diocesis,
757 2704 818 2768 sub
841 2696 1084 2788 expectatione
1094 2701 1274 2787 prebende.

392 2804 575 2871 Probitatis
591 2813 689 2872 tue...

391 2910 473 2975 Dat.
488 2910 589 2976 Avin.
609 2930 646 2995 17
662 2911 729 2977 kal.
741 2909 825 2996 junii
842 2930 933 2977 anno
949 2928 978 2995 7.

392 3013 434 3078 ln
461 3034 559 3080 em.
586 3013 778 3080 monasterii
806 3014 837 3080 S.
864 3013 971 3080 Marie
998 3012 1250 3079 Valencinensis
1275 3024 1310 3080 et
1337 3016 1372 3081 S.
1398 3013 1487 3082 Petri
1518 3019 1710 3101 lnsulensis,

339 3117 600 3184 Cameracensis
617 3137 657 3183 ac
681 3115 907 3184 Tomacensis
921 3118 1106 3199 diocesum,
1122 3117 1311 3204 prepositis,
1328 3138 1368 3184 ac
1384 3120 1545 3203 magistro
1561 3122 1710 3188 Oliverio

338 3222 387 3289 de
406 3219 598 3307 Campellis,
614 3221 778 3287 canonico
799 3219 833 3287 N
836 3221 1039 3287 oviomensis
1054 3221 1282 3288 ecclesiarum.

376 3367 445 3429 aeg.
457 3368 504 3415 xv.
518 3368 559 3426 ro,
570 3366 589 3414 r.
601 3368 632 3414 aa
645 3383 651 3426 ;
665 3367 766 3425 rat-,ra
779 3366 798 3414 r.
810 3367 878 3423 aosv,
891 3380 918 3415 n.
933 3367 988 3415 aar.

392 3564 531 3648 1157.
1416 3599 1511 3662 1325,
1529 3580 1569 3644 ro
1586 3581 1664 3646 mai.

391 3682 565 3769 Episcopo
595 3683 809 3749 Atrebatensi
836 3683 1017 3749 mandatur
1043 3690 1210 3769 quatenus
1237 3700 1356 3748 omnes
1380 3699 1557 3766 processus
1580 3680 1713 3746 habitos

338 3796 468 3857 oontra
482 3788 642 3853 abbatem
666 3796 702 3853 et
717 3797 924 3854 conventum
945 3788 1140 3853 monasterii
1157 3783 1377 3865 Viconiensis,
1394 3782 1713 3850 Premonstratensis

340 3891 485 3973 ordinis,
493 3899 528 3956 et
540 3890 744 3957 abbatissam
757 3891 914 3957 secularis
924 3891 1064 3957 ecclesie
1080 3890 1113 3957 S.
1125 3888 1333 3975 Aldegundis
1344 3886 1585 3953 Melbodiensis
1594 3907 1633 3953 ac
1643 3908 1712 3953 rec·

337 4007 438 4064 tores
448 3996 705 4081 parrochialium
721 3991 937 4062 ecclesiarum
952 3996 986 4059 in
996 3995 1214 4061 decanatibus
1225 3991 1476 4060 christianitatis
1492 3989 1711 4057 Valencinen-

338 4103 370 4169 si
392 4111 430 4166 et
446 4099 614 4165 Duacensi
637 4100 892 4165 consistentium
911 4107 946 4165 et
961 4099 1111 4165 redditus
1125 4099 1159 4163 in
1175 4106 1262 4163 terra
1277 4098 1320 4163 de
1335 4096 1548 4161 Ostrevanno
1561 4094 1713 4160 obtineo·

339 4204 684 4285 tium,Atrebatensis
700 4212 735 4269 et
751 4204 1003 4270 Cameracensis
1018 4204 1201 4285 diocesum,
1211 4201 1341 4268 ratione
1354 4199 1484 4265 decime
1493 4200 1560 4283 regi
1575 4196 1714 4262 Francie

340 4328 521 4389 concesse,
537 4316 684 4389 revocet,
701 4329 742 4372 ex
758 4329 800 4373 eo
816 4308 907 4392 quod
922 4310 1010 4373 bona
1026 4327 1143 4372 eorum
1159 4314 1237 4370 sunt
1253 4306 1284 4370 in
1301 4314 1388 4370 terra
1405 4301 1552 4388 lmperii.

392 4514 621 4581 «Venerabili
650 4513 738 4579 fratri
766 4514 926 4600 episcopo
941 4514 1167 4579 Atrebatensi.
1185 4512 1389 4578 Petitionem
1404 4509 1605 4576 dilectorum
1630 4511 1713 4578 filio-

339 4642 454 4689 rum..
469 4619 599 4684 abbatis
611 4626 646 4684 et
662 4627 849 4684 conventus
861 4615 1052 4683 monasterii
1063 4615 1284 4698 Viconiensis,
1298 4614 1618 4681 Premonstratensis
1628 4615 1714 4680 ordi·

341 4727 410 4806 nis,
428 4730 466 4788 et
481 4720 604 4788 dilecte
621 4722 654 4786 in
671 4721 805 4786 Christo
818 4721 885 4785 filie
903 4772 929 4786 ..
946 4722 1113 4787 abbatisse
1129 4720 1286 4787 secularis
1309 4720 1450 4786 ecclesie
1466 4718 1590 4783 Sancte
1612 4720 1714 4784 Alde·

338 4827 471 4919 gundis
488 4824 742 4906 Melbodiensis,
758 4834 815 4890 tue
832 4833 867 4890 et
883 4824 1135 4891 Cameracensis
1150 4826 1333 4904 diocesum,
1349 4843 1483 4889 necnon
1499 4829 1534 4887 et
1546 4831 1713 4888 rectorum

337 4929 609 5025 parrochialium
625 4929 840 4995 ecclesiarum
856 4928 1060 5013 aliarumque
1076 4949 1294 5014 personarum
1307 4926 1605 4992 ecclesiasticarum
1622 4947 1715 4991 secu·

335 5039 470 5109 larium
487 5044 522 5099 et
538 5034 736 5119 regularium
753 5034 785 5097 in
802 5033 1020 5099 decanatibus
1040 5033 1292 5099 christianitatis
1313 5032 1547 5098 Valencinensi
1573 5040 1608 5097 et
1624 5032 1715 5096 Dua·

333 5141 454 5221 censi,
472 5139 563 5205 dicte
579 5147 637 5203 tue
652 5138 804 5219 diocesiS,
822 5136 1078 5203 consistentium
1094 5160 1134 5203 ac
1148 5137 1298 5203 redditus
1325 5144 1360 5200 et
1386 5143 1568 5221 proventus
1584 5135 1715 5219 aliaque

394 5278 510 5324 Analecta
520 5274 715 5325 vaticano-belgice
729 5275 758 5315 11.
1643 5275 1670 5311 nb
