4409 6017
418 703 480 767 342
950 701 1119 780 omnisne
1139 702 1241 769 annea.

463 852 608 919 Pateme
623 851 833 937 diligentie...

465 957 544 1023 Dat.
559 956 658 1022 Avin.
679 976 716 1021 12
732 954 799 1021 kal.
812 954 883 1041 julii
900 975 990 1021 anno
1006 977 1035 1039 4.

453 1091 514 1150 Reg.
528 1092 575 1138 Aa.
590 1091 625 1148 12,
639 1089 657 1137 f.
669 1090 726 1147 150,
740 1103 765 1138 n.
777 1090 824 1137 057
838 1106 843 1147 ;
857 1089 917 1139 Vat.
932 1089 1118 1150 70,1.321’,ῃ.
1131 1091 1179 1138 702
1190 1104 1206 1138 5
1217 1100 1238 1139 ⁶.

463 1254 580 1338 843.
1483 1294 1570 1339 120
1596 1295 1618 1338 2
1667 1273 1733 1338 irin.

465 1373 630 1458 Magistro
656 1371 839 1455 Thierrico,
855 1374 1029 1460 preposito
1054 1375 1196 1442 ecclesie
1222 1376 1381 1459 Ariensis,
1399 1294 1605 1444 Morinjensis
1620 1294 1765 1458 diocesis,

422 1477 611 1561 indulgetur
642 1485 680 1542 ut
713 1477 899 1544 insistendo
931 1479 1074 1545 servitiis
1113 1478 1298 1562 Mathildis,
1333 1482 1502 1548 comitisse
1536 1482 1767 1560 Atrebatensis,

421 1581 549 1647 fructus
562 1581 803 1647 beneficiorum
819 1602 954 1648 suorum
974 1586 1099 1669 absque
1115 1584 1296 1652 residentia
1318 1586 1481 1671 usquead
1503 1586 1687 1653 triennium
1708 1607 1768 1673 per-

420 1685 530 1772 cipere
544 1685 666 1750 valeat.

465 1788 626 1855 Volentes
641 1808 860 1875 personam...

467 1894 547 1959 Dat.
563 1892 663 1959 Avin.
681 1895 699 1957 8
716 1892 783 1958 kal.
796 1892 869 1977 julii
886 1913 978 1960 anno
994 1917 1024 1979 4.

465 1996 504 2062 In
521 2019 550 2063 e.
566 2017 612 2063 m.
629 1999 664 2062 S.
681 1995 837 2062 Germani
853 1997 895 2063 de
922 1997 1029 2064 Pratis
1044 2007 1079 2064 et
1096 2001 1131 2065 S.
1157 1999 1332 2067 Geuovefe
1353 2002 1386 2066 in
1404 2000 1526 2069 Monte
1548 2002 1770 2071 Parisiensiun

423 2101 702 2167 monasteriorum
717 2102 893 2168 abbatibus
908 2122 948 2168 ac
962 2103 1092 2169 decano
1108 2105 1248 2170 ecclesie
1265 2105 1481 2173 Pictavensis.

454 2240 515 2301 Reg.
527 2240 575 2289 Av.
590 2242 626 2301 13,
639 2241 657 2289 f.
669 2243 746 2298 626'3
759 2240 819 2289 Vas.
831 2243 870 2301 70,
882 2240 900 2290 f.
913 2243 979 2300 529',
993 2256 1018 2289 n.
1033 2242 1102 2290 1315.

465 2403 584 2485 844.
1487 2438 1583 2501 1320,
1598 2417 1644 2483 26
1652 2417 1736 2501 juia.

468 2522 619 2605 Fulconi,
636 2520 749 2588 abbati
774 2519 967 2587 monasterii
993 2520 1024 2588 S.
1041 2520 1131 2586 Petri
1156 2521 1355 2604 Gaudensis,
1378 2522 1420 2588 Ο.
1437 2521 1469 2587 S.
1485 2520 1534 2602 Β,
1562 2520 1771 2588 Tomacensis

423 2628 574 2710 diocesis
591 2626 809 2693 confirmatur
824 2623 946 2690 electio
962 2646 1020 2691 sua
1037 2625 1070 2689 in
1086 2627 1244 2691 abbatem
1256 2625 1336 2691 dicti
1348 2623 1541 2692 monasterii
1558 2624 1710 2692 vacantis
1722 2643 1771 2710 per

421 2734 551 2800 obitum
566 2730 720 2798 Balduini
732 2731 872 2798 abbatis

467 2839 560 2905 lnter
575 2837 846 2904 solicitudines...

468 2943 546 3008 Dat.
563 2942 664 3007 Avin.
683 2946 700 3005 6
717 2941 784 3007 kal.
797 2939 868 3026 julii
885 2960 975 3006 anno
992 2962 1022 3024 4.

467 3046 507 3111 ln
524 3067 552 3111 e.
568 3067 613 3110 m.
630 3044 811 3111 conventui
828 3052 863 3109 et
881 3044 1030 3110 vassallis
1054 3044 1205 3129 ejusdem
1230 3045 1424 3110 monasterii
1439 3068 1446 3125 ;
1473 3044 1636 3132 episcopo
1658 3043 1769 3109 Torna-

423 3151 513 3216 censi
528 3173 536 3230 ;
554 3150 722 3235 Philippo,
738 3149 805 3234 regi
825 3147 1040 3230 Francorum,
1056 3155 1091 3213 et
1108 3148 1223 3214 comiti
1242 3147 1397 3214 Flandrie
1413 3152 1427 3234 (
1446 3149 1471 3234 ).

457 3289 516 3349 neg.
530 3290 576 3336 Ar.
592 3292 626 3347 13,
640 3290 657 3336 f.
670 3292 730 3336 552ν
742 3289 909 3349 (lmgnrents)
923 3303 928 3344 ;
942 3288 1000 3336 Vat.
1014 3291 1051 3346 70,
1064 3289 1082 3335 i.
1099 3289 1166 3348 tw,
1185 3302 1210 3335 n.
1227 3289 1296 3335 llll.

467 3455 585 3538 845.
1490 3488 1585 3551 1320,
1597 3489 1646 3551 30
1655 3468 1736 3551 juin.

469 3574 620 3639 Roberto
644 3574 686 3640 de
714 3572 882 3638 Couciaco
907 3572 1123 3638 confirmatur
1148 3572 1284 3637 collatio
1310 3572 1528 3637 canonicatus
1555 3581 1591 3637 et
1617 3568 1768 3658 prebende

425 3680 565 3744 ecclesie
590 3678 844 3743 Cameracensis
868 3678 1060 3742 vacantium
1085 3697 1145 3762 per
1169 3677 1297 3741 obitum
1325 3675 1449 3741 Tedisii
1471 3676 1513 3741 de
1540 3674 1725 3741 Malozellis
1744 3673 1768 3736 in

426 3784 574 3869 partibus
589 3783 653 3846 illis
669 3781 828 3861 defuncti,
845 3802 905 3866 per
920 3781 1104 3866 capitulum
1120 3780 1268 3865 ejusdem
1286 3779 1427 3846 ecclesie
1442 3779 1578 3844 nulliter
1594 3779 1770 3861 saetacum

427 3887 536 3952 dictus
551 3885 703 3951 Tedisius
728 3885 825 3950 fuerit
841 3886 1033 3970 capellanus
1058 3886 1243 3970 apostolice
1271 3884 1387 3963 Sedis;
1416 3904 1484 3948 non
1512 3886 1672 3950 obstante
1697 3879 1770 3967 quod

427 3991 669 4077 panochialem
684 3991 861 4056 ecclesiam
876 3989 918 4055 de
938 3989 1104 4069 Gresmer,
1122 3988 1343 4053 Eboracensis
1358 3987 1509 4069 diocesis,
1526 3989 1670 4055 obtinet.

468 4095 542 4161 Tua
557 4102 591 4159 et
606 4103 781 4160 tuorum...

469 4200 548 4265 Dat.
563 4199 664 4263 Avin.
683 4220 699 4262 2
717 4198 782 4264 kal.
795 4198 866 4283 julii
883 4218 972 4263 anno
987 4220 1017 4281 4.

460 4339 520 4397 Reg.
533 4340 580 4385 Αν.
594 4339 630 4395 13,
643 4338 661 4385 i.
674 4339 732 4384 513ν
745 4352 749 4384 ;
770 4337 827 4384 Van.
840 4338 877 4394 70,
890 4336 908 4383 f.
921 4338 974 4392 510,
988 4350 1013 4382 n.
1027 4337 1096 4382 1272.

470 4509 587 4591 846.
1478 4537 1495 4580 1
1521 4537 1564 4580 20
1641 4517 1739 4581 'raer'llet

473 4629 624 4693 Henrico
651 4628 693 4693 de
720 4627 865 4692 Culento
893 4626 1109 4690 conferuntur
1145 4622 1364 4688 canonicatus
1391 4632 1426 4685 et
1452 4537 1641 4707 prebenda]
1650 4618 1772 4687 ecclesie

459 4784 483 4814 a.
496 4783 524 4814 en
539 4782 623 4828 'relinqu
635 4766 668 4813 du
683 4784 732 4829 ray.
752 4766 806 4812 l'nt.
816 4783 824 4811 :
837 4765 943 4812 attende
961 4763 1030 4824 quod
1046 4763 1098 4809 duo
1110 4761 1226 4825 capitula
1238 4762 1372 4821 sequent-ia
1386 4760 1438 4821 (12⁰⁸
1451 4760 1498 4805 702
1509 4774 1526 4805 a
1537 4763 1561 4805 ct
1575 4760 1623 4805 702
1635 4758 1666 4821 l)
1681 4765 1737 4806 sunt
1752 4756 1771 4801 in

427 4849 519 4897 XXIV
531 4857 657 4909 quaterno
668 4851 730 4897 anni
743 4849 822 4897 tertii.

462 5060 482 5104 l.
496 5057 535 5105 Of.
550 5058 579 5103 A.
593 5056 689 5115 Faycn,
702 5051 825 5099 larentina
837 5048 868 5096 dc
883 5048 1094 5111 Flnrlpuacorn-rna
1105 5044 1166 5093 abab
1178 5045 1209 5092 da
1221 5044 1400 5092 saia-Pteme
1410 5058 1446 5089 au
1459 5039 1688 5103 ,llam-Blandita&
1702 5033 1770 5095 Hand,

427 5140 492 5188 daus
502 5139 526 5187 le
539 5138 658 5186 Barllctin
669 5135 700 5183 (le
712 5140 739 5182 lu
751 5132 844 5183 Solita
855 5132 987 5180 &histoire
998 5135 1020 5178 et
1033 5127 1217 5191 d'urclablpb
1229 5127 1260 5176 de
1276 5126 1359 5189 Garrd,
1372 5131 1390 5175 t.
1404 5125 1477 5185 XIV,
1489 5140 1532 5195 pp.
1544 5118 1621 5175 2205
1633 5127 1688 5180 207.
