4409 6017
846 698 997 783 ‘Preniere
1018 717 1121 783 annia
1630 725 1669 790 95
1712 710 1719 722 ’

309 853 441 962 §proprio
464 864 629 949 prioratus
657 865 700 931 de
727 864 854 946 Calma,
879 867 921 932 de
949 867 1075 934 Salenis
1105 868 1205 934 etde
1231 866 1371 947 Ussons,
1396 868 1603 955 pertinentes
1629 872 1671 937 ad

328 967 546 1032 monasterium
562 967 648 1034 Case
665 969 739 1051 Dei,
753 969 795 1035 Ο.
809 970 840 1036 S.
858 969 907 1051 B,
925 970 1210 1037 Claromontensis
1226 981 1260 1036 et
1284 972 1470 1039 Aniciensis
1492 973 1671 1051 diocesum,

327 1070 407 1135 simul
422 1071 502 1135 uniti
520 1079 555 1136 et
570 1080 730 1138 vacantes
745 1094 804 1159 per
819 1075 949 1139 obitum
962 1074 1068 1139 fratris
1085 1074 1275 1159 Raymuudi
1292 1076 1334 1141 de
1350 1076 1571 1157 Solemniac0,
1583 1079 1672 1163 apud

327 1173 432 1239 Sedem
453 1175 675 1260 apostolicam
697 1175 856 1257 defuncti,
873 1198 942 1242 non
967 1180 1123 1243 obstante
1146 1178 1279 1263 quod...
1297 1179 1329 1243 in
1353 1181 1493 1245 ecclesia
1517 1180 1672 1246 Camera-

326 1277 409 1357 censi,
432 1277 668 1343 canonicatum
706 1287 740 1344 et
781 1281 987 1366 prebendam
1019 1291 1053 1345 et
1083 1281 1390 1348 archidiaconatum
1422 1283 1671 1349 Bruxellensem

309 1377 448 1447 'obtinet
1033 1411 1036 1416 ·

309 1465 312 1538 i
363 1484 441 1550 Dum
456 1484 700 1570 exquisitam...

364 1587 430 1653 Dat.
445 1589 546 1655 Avin.
564 1590 582 1653 8
600 1588 666 1654 kal.
682 1590 759 1655 maii
776 1611 866 1656 anno
886 1612 911 1656 1.

363 1690 395 1756 ln
415 1713 443 1756 e.
466 1714 512 1757 m.
527 1690 658 1757 decano
681 1691 893 1775 Brivatensis,
911 1694 1197 1761 Claromontensis
1219 1696 1369 1778 diocesis,
1387 1706 1421 1762 et
1436 1698 1672 1763 Aviniouensis

331 1814 360 1860 ac
371 1796 650 1862 claromontensis
665 1798 843 1883 prepositis
855 1799 1078 1865 ecclesianun.

354 1934 402 1994 Beg.
414 1937 462 1981 Ar.
475 1936 497 1990 2,
511 1935 529 1982 f,
541 1935 569 1980 θ’
580 1938 607 1982 et
619 1935 638 1983 f.
651 1937 727 1993 124'3
746 1936 804 1984 Vas.
817 1939 855 1995 63,
868 1938 887 1985 f.
900 1939 966 1995 licll',
979 1952 1031 1985 cur.
1044 1952 1069 1985 u.
1081 1940 1129 1986 350
1141 1954 1146 1994 ;
1159 1938 1217 1986 Vnt.
1231 1941 1269 1996 65,
1281 1939 1299 1987 f.
1312 1939 1379 1991 334&
1392 1953 1416 1987 u.
1431 1940 1502 1987 3053.

357 2101 598 2188 309-310.
1362 2135 1457 2200 1317,
1475 2136 1515 2198 25
1531 2116 1629 2182 avril.

309 2211 311 2268 i
355 2219 496 2298 Johanni
523 2225 566 2289 de
592 2222 707 2302 Bresis,
733 2222 822 2287 fratri
846 2221 1008 2286 Guidouis
1033 2220 1076 2285 de
1099 2220 1313 2301 Castellione,
1338 2221 1470 2286 comitis
1498 2218 1672 2300 Blesensis,

325 2326 475 2392 confertur
509 2328 729 2394 canonicatus
754 2325 894 2391 ecclesie
933 2323 1133 2406 Parisiensis,
1161 2328 1221 2390 sub
1246 2324 1481 2411 expectatione
1505 2322 1674 2410 prebende

320 2427 445 2515 integre,
467 2432 571 2497 libere
586 2440 622 2497 et
637 2452 705 2497 nou
728 2429 954 2509 sacerdotalis,
971 2449 1040 2493 non
1064 2431 1220 2494 obstante
1236 2429 1326 2514 quod
1341 2429 1375 2493 in
1392 2428 1533 2494 ecclesia
1548 2426 1674 2492 Toma-

317 2535 394 2600 censi
410 2535 650 2601 canonicatum
667 2534 801 2600 obtinet
818 2542 852 2597 et
867 2532 1071 2619 prebendam
1087 2553 1127 2597 ac
1143 2532 1341 2616 dignitatem
1356 2540 1522 2618 expectat,
1535 2539 1570 2595 et
1585 2529 1676 2616 quod

315 2639 427 2704 eodem
442 2638 500 2705 die
515 2639 755 2706 canonicatum
773 2637 913 2702 ecclesie
930 2636 1155 2714 CarnotensiS,
1172 2638 1232 2701 sub
1244 2636 1480 2721 expectatione
1495 2633 1675 2722 prebende,

314 2751 480 2809 assecutus
496 2752 558 2808 est.

350 2847 414 2913 Tui
432 2848 634 2913 nobilitas...

351 2952 431 3017 Dat.
447 2952 548 3017 Acin.
566 2970 584 3035 7
601 2950 666 3016 kal.
682 2949 759 3014 maii
776 2969 866 3014 anno
887 2969 912 3014 1.

351 3056 390 3121 In
407 3078 437 3121 e.
452 3076 499 3119 rn.
515 3055 547 3119 S.
564 3053 738 3120 Genovefe
755 3052 945 3118 Parisiensis
960 3061 995 3117 et
1011 3051 1041 3117 S.
1058 3051 1218 3117 Germani
1233 3051 1276 3118 de
1302 3051 1409 3116 Pratis
1421 3052 1517 3136 juxta
1533 3050 1676 3116 Parisius

310 3159 588 3225 monasteriorum
605 3158 781 3224 abbatibus
797 3178 835 3222 ac
851 3157 1009 3241 magistro
1026 3154 1157 3221 Buxolo
1172 3156 1214 3221 de
1231 3155 1359 3234 Panna,
1370 3155 1533 3221 canonico
1548 3153 1675 3219 Toma-

309 3263 409 3344 censi,
428 3264 605 3349 capellano
620 3283 717 3348 pape.

342 3400 401 3462 neg.
414 3401 462 3448 xv.
476 3402 498 3458 c,
511 3401 529 3449 r.
542 3402 617 3457 auu
633 3400 690 3448 cac.
703 3403 741 3456 sa,
754 3400 773 3448 r.
786 3400 840 3459 acc,
853 3414 878 3447 n.
891 3399 961 3446 socr.

351 3574 435 3636 310.
448 3565 624 3631 -Eidem
637 3564 783 3642 Johanni
800 3563 968 3629 confertur
983 3562 1200 3628 canonicatus
1216 3562 1356 3628 ecclesie
1372 3561 1598 3642 Carnuteusis,
1615 3564 1675 3627 sub

309 3670 544 3756 expectatione
568 3669 747 3755 prebende,
764 3688 832 3732 nou
861 3670 1016 3731 obstante
1032 3666 1123 3750 quod
1138 3668 1171 3731 in
1188 3666 1328 3731 ecclesia
1355 3664 1557 3731 Tomacensi
1574 3685 1675 3730 cano-

309 3776 457 3840 nicatum
481 3773 613 3838 obtinet
636 3781 671 3838 et
696 3772 901 3857 prebendam
927 3791 966 3836 ac
994 3770 1193 3855 dignitatem
1216 3776 1382 3855 expectat,
1399 3776 1434 3833 et
1457 3769 1486 3833 ei
1511 3769 1552 3833 de
1576 3788 1675 3833 cano-

310 3885 425 3951 nicatu
442 3884 584 3949 ecclesie
602 3882 803 3962 Parisiensis,
820 3885 880 3947 sub
897 3882 1133 3968 expectatione
1149 3881 1328 3968 prebende,
1344 3880 1512 3966 provisum
1530 3889 1590 3945 est.

354 3988 527 4054 Indueunt
543 4008 647 4053 nos...

355 4092 436 4157 Dat.
452 4092 553 4155 Avin.
571 4110 589 4174 7
606 4089 671 4155 kal.
688 4090 765 4155 maii
782 4110 871 4154 anno
892 4110 917 4153 1.

354 4195 395 4260 In
422 4217 451 4260 e.
480 4216 524 4259 m.
551 4194 582 4258 S.
609 4193 809 4259 Launomari
835 4201 869 4257 et
896 4192 927 4256 S.
953 4191 1062 4256 Marie
1087 4192 1120 4256 in
1148 4190 1270 4276 Burgo,
1287 4190 1503 4255 Carnotcnsis
1526 4192 1679 4276 diocesiS,

312 4298 594 4363 monasteriorum
610 4297 785 4362 abbatibus
800 4317 840 4361 ac
856 4295 1016 4380 magistro
1033 4294 1160 4360 Buzolo
1175 4295 1217 4360 de
1235 4293 1364 4375 Parma,
1375 4294 1540 4360 canonico
1555 4292 1682 4359 Toma-

315 4403 415 4482 censi,
432 4402 609 4486 capellano
623 4420 720 4486 pape.

346 4541 406 4601 fleg.
418 4542 466 4588 Ar.
479 4541 502 4597 6,
513 4539 533 4587 f.
547 4540 603 4586 llllv
616 4555 622 4588 ι
634 4538 693 4586 Vnt.
706 4540 744 4587 65.
757 4538 774 4585 f.
787 4539 853 4587 3111.
865 4552 890 4583 n.
904 4539 974 4584 297⁸.

359 4709 464 4793 311.
1372 4741 1465 4805 1317,
1483 4743 1523 4802 25
1540 4722 1636 4787 avril.

362 4826 396 4892 N
399 4827 508 4893 icolao
523 4825 566 4890 de
581 4826 761 4904 Avenellis,
773 4826 893 4891 clerico
906 4824 1068 4890 Guidonis
1078 4824 1121 4890 de
1137 4823 1348 4905 Castellione,
1362 4825 1493 4891 comitis
1506 4824 1682 4907 Blesensis,

322 4929 490 4995 confertur
505 4928 720 4995 canonicatus
746 4931 886 4994 ecclesie
902 4930 933 4995 S.
950 4929 1063 4995 Crucis
1085 4929 1343 5009 Cameracensis,
1366 4932 1426 4995 sub
1450 4932 1684 5015 expectatione

323 5033 501 5117 prebende,
513 5034 748 5096 nonobstante
764 5034 854 5115 quod
869 5034 1087 5119 capellaniam
1100 5034 1131 5097 S.
1144 5033 1277 5118 Augeri,
1293 5033 1522 5099 Laudunensis
1535 5033 1684 5114 diocesis,

325 5136 392 5201 sine
409 5157 497 5215 cura,
515 5134 657 5200 obtinet.
