4409 6017
855 938 1200 1042 neuxrbue
1237 941 1460 1037 annae.
1532 1026 1534 1029 ,

594 1212 729 1313 1317,
756 1214 788 1296 5
817 1213 1113 1312 septembre.
1149 1257 1197 1268 -
1227 1208 1365 1310 1318,
1392 1210 1425 1289 4
1449 1207 1752 1309 septembre.

532 1529 641 1610 417.
1293 1535 1298 1547 ‘
1469 1556 1565 1623 1317,
1582 1542 1603 1605 6
1618 1541 1810 1627 septembre.

535 1648 656 1714 Mileto
673 1647 867 1713 Hostelario
883 1646 1051 1712 confertur
1077 1646 1295 1711 canonicatus
1321 1644 1462 1711 ecclesie
1487 1644 1518 1710 S.
1535 1643 1629 1709 Pauli
1646 1642 1853 1722 Leodiensis,

491 1755 552 1818 sub
575 1751 810 1838 expectatione
832 1749 1012 1836 prebende,
1036 1749 1303 1816 consideratione
1327 1747 1477 1829 Roberti,
1500 1747 1586 1832 regis
1608 1746 1798 1826 Jerusalem
1820 1753 1855 1810 et

492 1856 611 1921 Sicilie.

537 1959 822 2025 Probitatistue...

537 2064 616 2129 Dat.
628 2064 729 2129 Avin.
747 2064 766 2127 8
782 2062 826 2128 id.
842 2060 1041 2147 septembris
1057 2083 1147 2127 anno
1166 2082 1194 2127 2.

537 2167 576 2233 In
593 2190 622 2232 e.
639 2190 682 2233 m.
700 2168 800 2232 Petro
817 2165 925 2245 Fabri,
940 2165 1112 2250 preposito
1127 2165 1267 2231 ecclesie
1281 2164 1471 2246 Furnensis,
1485 2158 1688 2229 Morinensis
1703 2156 1858 2235 diocesis,

494 2291 580 2357 pape
595 2271 736 2350 notario,
752 2279 786 2335 et
802 2268 913 2334 abbati
929 2269 1121 2334 monasterii
1146 2268 1177 2334 S.
1193 2268 1213 2347 J
1216 2268 1312 2335 acobi
1336 2289 1377 2334 ac
1402 2268 1532 2335 decano
1546 2262 1689 2331 ecclesie
1713 2261 1746 2326 S.
1764 2260 1860 2345 Dyo

494 2375 567 2441 nisii
585 2374 832 2440 Leodiensium.

526 2512 588 2573 Reg.
601 2513 647 2560 Av.
656 2515 678 2569 8,
690 2513 708 2561 f.
720 2515 763 2559 561
776 2512 850 2569 ;l'nt-.
863 2513 902 2568 67,
916 2509 934 2557 f.
947 2511 995 2562 151,
1004 2523 1028 2558 n.
1041 2512 1080 2558 56.

537 2693 650 2776 418.
1460 2723 1553 2790 1317,
1574 2727 1612 2771 1ο
1623 2705 1817 2792 septembre.

540 2811 704 2896 Magistro
729 2809 896 2875 Riclrardo
919 2811 961 2876 de
984 2809 1182 2888 Thibutoth‚
1200 2810 1321 2876 clerico
1348 2810 1503 2896 Philippi,
1528 2808 1613 2894 regis
1640 2806 1861 2885 Francorum,

496 2915 685 2999 indulgetur
711 2923 758 2994 ut,
782 2921 894 3000 preter
918 2914 1225 2981 archidiaconatum
1253 2935 1353 2998 quem
1378 2913 1411 2978 in
1435 2913 1576 2979 ecclesia
1601 2908 1804 2976 Abrincensi
1827 2918 1862 2972 et

495 3018 737 3106 parrochialem
761 3019 936 3084 ecclesiam
960 3018 1002 3084 de
1026 3018 1209 3084 Yebleront
1232 3040 1272 3084 ac
1287 3026 1502 3103 personatum
1519 3015 1659 3082 ecclesie
1674 3013 1718 3079 de
1735 3012 1863 3078 Escan-

495 3124 610 3190 chines
624 3134 647 3204 ⁶,
668 3125 738 3188 sine
762 3143 849 3202 cura,
867 3121 1148 3205 Rothomagensis
1174 3131 1209 3187 et
1240 3120 1489 3187 Cameracensis
1515 3120 1698 3197 diocesum,
1721 3136 1858 3181 necnon

495 3226 711 3294 canonicatus
732 3233 766 3290 et
782 3224 968 3310 prebendas
989 3245 1073 3309 quos
1100 3224 1132 3288 in
1160 3224 1279 3290 eadam
1299 3224 1496 3290 abrincensi
1523 3246 1563 3290 ac
1590 3224 1623 3288 in
1650 3221 1860 3304 Belvacensi,

495 3330 744 3396 Constantiensi
769 3338 803 3394 et
827 3328 1047 3394 Noviomensi
1071 3328 1220 3394 ecclesiis
1250 3330 1390 3410 obtinet,
1418 3328 1659 3415 parrochialem
1683 3327 1860 3393 ecclesiam

496 3435 538 3500 de
556 3434 783 3514 Kinkesclere,
799 3433 1063 3499 Winctoniensis
1078 3432 1229 3513 diocesiS,
1255 3432 1315 3519 ipsi
1343 3454 1401 3519 per
1428 3454 1540 3518 regem
1555 3431 1677 3517 Anglie
1690 3431 1858 3507 collatam,

495 3538 642 3624 recipere
658 3541 769 3602 valeat
785 3560 793 3615 ;
811 3538 1036 3623 supradictum
1053 3545 1168 3601 autem
1184 3536 1490 3603 archidiaconatum
1500 3536 1668 3602 dimittere
1680 3535 1859 3602 tenebitur.

541 3640 671 3705 Eximie
687 3641 884 3706 devotionis.

542 3745 619 3809 Dat.
636 3744 769 3829 Avin.4
787 3744 829 3810 id
846 3744 1043 3830 septembris
1054 3765 1150 3826 anno
1168 3766 1195 3809 2.

529 3882 591 3942 Beg.
604 3884 651 3930 Ar.
663 3884 685 3942 8,
699 3883 717 3931 i.
731 3885 776 3936 29:
791 3882 848 3931 Vat.
859 3882 898 3940 67,
908 3883 926 3931 f.
942 3886 977 3941 la,
991 3897 1016 3930 u.
1029 3884 1068 3930 65.

540 4054 652 4137 419.
1463 4092 1558 4155 1317,
1573 4095 1613 4159 14
1629 4079 1818 4163 septembre.

541 4171 666 4239 Comiti
691 4174 845 4240 Flandrie
868 4175 1045 4240 mandatur
1068 4185 1105 4240 ut
1120 4178 1376 4243 ambasciatores
1392 4179 1578 4245 communis
1593 4180 1740 4248 civitatis
1755 4182 1861 4261 Janue

499 4278 621 4343 habeat
637 4279 891 4344 commendatos
907 4300 1004 4364 super
1019 4280 1215 4346 liberatione
1235 4283 1455 4365 quorumdam
1470 4286 1634 4351 bonorum
1658 4286 1691 4351 in
1715 4289 1863 4375 partibus

499 4380 722 4466 Brugensibus
737 4386 778 4447 ab
794 4385 865 4467 ejus
880 4383 1075 4449 officialibus
1091 4395 1336 4452 arrestatorum.

545 4571 748 4649 «lohannes
772 4573 948 4659 episcopus
973 4595 1086 4639 servus
1111 4595 1282 4639 servorum
1309 4576 1383 4655 Dei,
1411 4576 1535 4642 dilecto
1567 4578 1634 4644 filio
1665 4580 1768 4645 nobili
1793 4582 1864 4647 viro

500 4675 660 4759 Roberto,
682 4678 798 4742 comiti
831 4677 995 4757 Flandrie,
1023 4681 1164 4744 salutern
1192 4690 1225 4743 et
1252 4682 1471 4765 apostolicam
1507 4684 1789 4751 benedictionem.
1815 4685 1865 4752 Ut

499 4787 593 4845 actus
609 4788 684 4846 tuos
700 4781 734 4845 in
751 4782 855 4846 eterni
868 4783 952 4866 regis
967 4784 1180 4869 beneplacito
1196 4784 1325 4866 dirigas,
1348 4786 1481 4872 expedit
1508 4786 1595 4850 same
1614 4797 1681 4869 tue,
1710 4791 1865 4873 congruit

531 5023 556 5056 a.
574 5009 747 5057 naemu-hines
765 5023 813 5068 rep.
834 5009 879 5055 .-le·.
896 5012 919 5054 rt
947 5008 999 5055 l'ol.
