4409 6017
418 690 482 755 344
949 688 1117 766 Quatrilno
1138 689 1240 755 annes.

463 836 660 924 Apostolicc
675 837 809 904 Sedis...

465 941 544 1007 Dat.
560 940 662 1008 Avin:
679 943 697 1007 8
713 941 779 1008 kal.
795 944 923 1029 augusti
940 963 1030 1009 anno
1046 965 1077 1027 4.

455 1078 517 1140 neg.
529 1078 588 1127 vat.
600 1080 640 1139 ro,
651 1079 670 1128 f.
682 1080 737 1140 05,
749 1094 775 1130 n.
787 1082 858 1130 1041.

464 1244 551 1310 850.
568 1283 612 1295 -
628 1244 766 1311 Eisdem
780 1245 970 1333 indulgetur
984 1255 1022 1313 ut
1036 1247 1080 1313 ad
1106 1247 1348 1335 prestationem
1370 1247 1581 1314 decimarum
1597 1247 1767 1334 dequibus

423 1364 566 1432 cumque
580 1349 844 1435 possessionibus
859 1372 917 1417 seu
932 1352 975 1418 ad
990 1351 1217 1417 exhibendum
1232 1372 1381 1417 annuum
1404 1351 1576 1418 redditum
1600 1352 1768 1418 diocesauis

422 1449 588 1538 episcopis
602 1474 734 1520 necnon
749 1454 890 1541 pedagia
904 1456 958 1520 vel
974 1455 1054 1522 alias
1069 1455 1263 1521 exactiones
1286 1456 1416 1521 solvere
1431 1454 1574 1521 minime
1598 1464 1768 1523 teneantu.

467 1555 566 1622 Sacra
581 1566 736 1624 nostra...

466 1659 545 1726 Dat.
560 1660 661 1729 Avin.
678 1664 696 1728 8
712 1662 779 1728 kal.
795 1663 924 1749 augusti
940 1683 1030 1730 anno
1045 1685 1075 1749 4.

456 1807 572 1870 Original
590 1824 643 1858 aux
661 1810 786 1860 Archives
796 1811 832 1859 du
845 1811 963 1872 vatican,
975 1813 1046 1861 Arm.
1059 1812 1086 1871 C,
1099 1812 1160 1861 tusc.
1173 1815 1211 1872 27,
1225 1827 1250 1861 n.
1264 1815 1301 1862 12.
1315 1841 1346 1849 -
1363 1812 1424 1877 Reg.
1438 1812 1499 1862 Vnt.
1513 1814 1553 1875 70,
1565 1813 1585 1863 f.
1598 1815 1667 1875 458',
1679 1827 1704 1861 n.
1716 1814 1772 1860 11161.

467 1982 577 2066 851.
1455 2023 1552 2084 1320,
1567 2021 1613 2085 25
1623 2001 1740 2084 juillet.

469 2100 588 2183 Mane,
604 2102 758 2189 priorisse
774 2107 966 2172 monasterii
982 2128 1131 2174 sororum
1147 2108 1190 2173 de
1207 2107 1431 2188 Bellomonte,
1450 2106 1504 2172 siti
1521 2106 1556 2171 in
1575 2105 1771 2183 valencenis,

425 2204 677 2273 Cameracensis
699 2207 851 2291 diocesis
867 2210 992 2277 ordinis
1007 2212 1039 2278 S.
1055 2212 1242 2297 Augustini,
1268 2211 1456 2297 indulgetur
1471 2220 1508 2276 ut
1524 2209 1699 2276 consessor
1715 2209 1773 2294 ejus

423 2312 559 2396 plenam
574 2310 604 2375 ei
629 2312 859 2379 remissionem
881 2324 1099 2401 peccatorum
1114 2318 1218 2397 semel
1243 2317 1275 2380 in
1300 2316 1417 2381 mortis
1441 2314 1585 2381 articulo
1601 2311 1771 2380 concedere

423 2415 545 2480 valeat.

468 2517 669 2584 Devotionis
691 2526 767 2583 et...

469 2648 548 2714 Dat.
564 2647 664 2713 Avin.
682 2649 700 2712 8
717 2646 783 2712 kal.
799 2646 928 2733 augusti
944 2667 1035 2713 anno
1050 2670 1080 2732 4.

457 2761 518 2822 Reg.
531 2762 579 2810 Av.
593 2761 629 2820 13,
642 2760 660 2809 f.
677 2762 735 2808 llllv
748 2760 905 2822 (fragment)
917 2776 922 2818 ;
936 2760 994 2809 Vat.
1009 2764 1047 2822 70,
1060 2763 1077 2810 1.
1091 2764 1160 2816 1521,
1173 2776 1198 2811 0,
1213 2764 1283 2809 tuor.

472 2932 1550 3032 85211320,
1567 2969 1612 3037 27
1621 2952 1736 3035 juillet.

466 3051 729 3137 Archiepiscopo
746 3049 938 3117 Coloniensi
965 3051 1101 3135 ejusque
1128 3051 1343 3136 suffraganeis
1366 3073 1425 3119 seu
1450 3053 1582 3121 vicariis
1608 3055 1767 3123 mittuntu

423 3177 597 3243 processus
611 3155 716 3221 habiti
732 3162 849 3221 contra
864 3154 1064 3220 invadentes
1078 3175 1219 3240 regnum
1235 3155 1355 3222 Sicilie.

470 3260 570 3345 Regis
592 3260 763 3344 pacifici...

468 3364 547 3429 Dat.
563 3363 661 3430 Avin.
681 3368 698 3427 6
715 3363 780 3428 kal.
797 3361 925 3447 augusti
942 3382 1034 3426 auno
1050 3385 1079 3446 4.

459 3503 518 3564 Rug.
531 3502 590 3551 Vat.
603 3505 641 3562 70,
653 3501 671 3550 1.
684 3502 734 3556 401,
747 3515 799 3549 cur.
812 3515 838 3549 u,
852 3502 904 3548 116.

471 3678 585 3763 853.
1508 3711 1603 3773 1320,
1619 3714 1642 3777 4
1659 3697 1741 3758 aurit.

473 3799 641 3884 Episcopo
658 3793 836 3861 Leodiensi
851 3793 905 3857 vel
922 3795 992 3879 ejus
1007 3793 1132 3859 vicario
1148 3794 1324 3860 mandatur
1339 3803 1377 3860 ut
1392 3795 1592 3880 provideant
1607 3797 1651 3862 de
1675 3813 1775 3863 securo

427 3902 597 3969 conductu
613 3900 771 3984 magistro
788 3899 924 3984 Hugoni
942 3898 1053 3976 Bovis,
1070 3900 1235 3964 canonico
1264 3898 1457 3981 Vulterauo,
1481 3909 1515 3964 et
1540 3901 1701 3986 magistro
1724 3898 1777 3964 Ga·

426 4008 530 4088 brieli,
555 4005 830 4093 archipresbitero
855 4004 995 4070 ecclesie
1019 4003 1061 4069 de
1089 4004 1120 4067 S.
1145 4005 1367 4089 Archangelo,
1390 4005 1613 4071 Ariminensis
1639 4005 1778 4081 diocesis,

427 4123 461 4179 et
476 4134 563 4199 pape
579 4113 764 4198 capellano,
780 4108 905 4174 nuntiis
920 4110 1106 4195 apostolice
1122 4109 1215 4174 Sedis
1230 4109 1272 4175 ad
1288 4117 1399 4194 partes
1413 4109 1590 4175 Alamauie
1606 4109 1779 4176 destinatis.

471 4217 557 4282 Cum
573 4237 635 4282 nos
649 4216 850 4282 dilectum...

473 4321 551 4385 Dat.
567 4320 666 4385 Avin.
685 4341 702 4383 2
720 4340 798 4384 non.
815 4318 945 4403 augusti
961 4336 1052 4382 anno
1069 4338 1099 4400 4.

462 4473 522 4534 [leg.
534 4472 594 4521 Vnt.
607 4475 645 4528 70,
658 4473 674 4519 1.
688 4473 737 4530 121,
756 4486 809 4519 cur.
821 4486 847 4521 u.
864 4473 917 4522 llo.

471 4646 588 4731 854.
1493 4675 1590 4738 1320,
1607 4677 1627 4720 2
1625 4677 1651 4739 3
1665 4663 1746 4723 aaut.

473 4765 636 4851 Magistro
668 4764 768 4829 Petro
806 4761 966 4842 Durandi,
997 4759 1161 4826 canonico
1199 4757 1441 4840 Ebredunensi,
1472 4760 1660 4843 apostolice
1699 4757 1781 4825 Sedis

427 4871 556 4951 nuntio,
573 4868 749 4934 mandatur
765 4876 801 4933 ut
817 4867 928 4951 exigat
944 4887 1062 4931 omnes
1078 4863 1295 4950 pecuniarum
1311 4883 1457 4927 summas
1481 4884 1546 4949 que
1563 4864 1707 4931 ecclesie
1724 4862 1779 4928 Ro

429 4996 528 5040 mane
554 4974 718 5039 debentur
742 4972 776 5035 in
800 4970 1008 5051 Treverensi‚
1037 4967 1246 5054 Maguntina,
1271 4965 1464 5032 Coloniensi
1483 4974 1519 5033 et
1545 4961 1781 5055 Salseburgcnsi

428 5078 628 5158 civitatibus,
644 5075 832 5143 diocesibus
846 5083 882 5140 et
896 5073 1087 5161 provinciis.
