4409 6017
499 688 560 754 508
1043 690 1191 757 lluitieme
1211 690 1314 757 annae.

500 858 561 926 per
575 837 724 904 diversas
738 839 869 905 litteras
884 840 1031 926 obligati,
1047 839 1091 906 ad
1106 839 1252 906 eundem
1268 837 1461 918 Johannem
1477 858 1548 906 una
1570 839 1700 905 littera
1724 835 1906 924 quing}

501 950 613 1008 torum
637 942 831 1027 octuaginta
857 953 936 1009 octo
959 964 1135 1010 aureorum
1162 965 1239 1011 cum
1262 945 1384 1010 baculo
1409 962 1598 1024 summam,
1617 949 1660 1008 et
1686 940 1732 1008 ad
1752 947 1844 1028 pean

502 1045 583 1112 dicti
608 1045 782 1114 Benedicti
806 1048 871 1113 alie
895 1047 1103 1134 infrascripte
1125 1049 1178 1114 litt
1164 1056 1235 1114 tere
1258 1049 1477 1131 dev,enerunt
1498 1047 1679 1115 videlicet
1701 1065 1769 1112 una
1784 1063 1845 1131 qt}

502 1160 679 1235 gentorum
702 1152 884 1237 sexaginta,
908 1161 943 1217 et
965 1153 1030 1218 alia
1052 1161 1282 1219 trecentorum
1304 1152 1551 1239 quinquaginta
1574 1152 1846 1219 denariorumu}

503 1276 644 1340 gnomm
660 1276 835 1322 aureorum
851 1256 894 1323 ad
910 1278 1064 1338 massam,
1080 1279 1228 1323 summas
1251 1257 1382 1324 debitas
1403 1278 1463 1344 per
1484 1256 1640 1323 eosdem
1666 1258 1847 1324 abbatemd

503 1371 709 1427 contentum
727 1362 841 1428 Sancti
858 1361 929 1427 Bar
931 1363 1004 1428 onis
1019 1363 1119 1429 sociis
1134 1362 1342 1449 supradictis.
1357 1381 1492 1428 necnon
1506 1362 1579 1428 alia
1594 1359 1847 1447 compromim

504 1464 538 1529 in
561 1474 673 1532 certos
695 1467 836 1533 arbitros
859 1488 918 1532 seu
940 1467 1156 1533 arbitratores
1178 1466 1305 1533 factum
1328 1487 1388 1554 per
1409 1466 1521 1534 dictos
1544 1467 1723 1533 abbatem
1745 1473 1780 1532 et
1799 1483 1849 1532 eu

503 1577 645 1636 ventum
670 1592 768 1658 super
793 1571 951 1637 debitis
943 1593 974 1636 m
1000 1572 1120 1656 quibus
1145 1573 1325 1637 tenebatur
1347 1571 1447 1638 sociis
1467 1571 1680 1653 antedictis,
1697 1572 1851 1639 etalte·

1882 810 1907 874 0

1884 911 1907 955 0

1886 1014 1907 1059 1

1890 1218 1907 1263 Ι

1893 1324 1907 1368 Ξ

1895 1428 1907 1472 1

1898 1535 1907 1578 1

1901 1634 1907 1677 l

503 1675 707 1741 sententiam
734 1697 793 1741 seu
818 1675 1065 1742 ordinationem
1091 1675 1301 1741 amicabilem
1322 1676 1521 1742 arbitrorum
1548 1696 1615 1742 seu
1645 1677 1853 1743 arbitratum
1904 1747 1907 1755 ,

505 1778 654 1866 ipsorum
670 1801 729 1867 per
744 1801 845 1865 quam
860 1780 924 1846 tria
940 1781 1032 1845 milia
1052 1779 1274 1846 ducentorum
1290 1778 1362 1846 flor.
1378 1798 1497 1846 aureos
1511 1799 1672 1866 magnos
1686 1802 1765 1849 cum
1777 1797 1855 1848 mn
1906 1853 1907 1858 ,

505 1884 605 1950 sociis
619 1885 792 1971 prelibatis
806 1884 885 1951 dare
901 1887 1105 1950 tenebantur
1119 1896 1154 1948 et
1170 1885 1299 1950 solvere
1319 1884 1563 1965 continentem
1589 1894 1630 1952 et
1658 1886 1796 1975 insuper
1812 1884 1855 1952 m

505 1987 570 2053 alie
579 1988 691 2054 littere
700 2010 840 2073 quarum
850 2009 916 2055 una
926 1992 1015 2054 bone
1025 1988 1187 2053 memorie
1197 1986 1856 2076 Guuletmi,episc0piTomaoensis(¹)a

506 2090 674 2158 dictorum
690 2094 820 2159 abbatis
835 2102 870 2160 et
882 2103 1072 2160 conventus
1084 2092 1116 2158 S.
1129 2090 1221 2157 Petri
1237 2092 1279 2158 de
1289 2091 1543 2175 Oudemborch,
1559 2113 1606 2161 ac
1616 2093 1695 2162 alia
1705 2092 1856 2163 eoruudu

506 2196 637 2262 abbatis
652 2208 688 2263 et
703 2206 891 2264 conventus
914 2206 1049 2264 tantum
1073 2218 1147 2263 esse
1169 2195 1390 2263 dinoscuntur
1415 2198 1638 2266 commtmite
1663 2200 1794 2288 sigillis,
1804 2215 1858 2286 qur

506 2321 580 2367 rum
596 2303 746 2386 quelibet
761 2323 927 2369 summam
943 2302 1079 2387 triginta
1091 2303 1148 2369 lib.
1163 2324 1267 2390 gross.
1276 2312 1341 2370 tur.
1352 2304 1481 2391 argenti
1495 2326 1561 2392 per
1569 2307 1726 2375 eosdem
1734 2309 1859 2376 abbate!

507 2419 542 2470 et
558 2419 765 2473 conventum
780 2406 824 2473 de
839 2406 1067 2472 Oudenborch
1091 2407 1224 2493 prefato
1239 2406 1428 2475 Benedicto
1452 2421 1489 2476 et
1515 2408 1693 2480 Huberto
1710 2407 1860 2488 pulerit

509 2509 573 2574 citi
594 2513 742 2594 ‚istensi
761 2527 794 2576 et
818 2511 891 2576 aliis
914 2512 1168 2597 prenominatis,
1192 2533 1309 2579 eorum
1335 2513 1444 2594 sociis,
1467 2513 1629 2581 debitam
1651 2517 1860 2590 continebunt

509 2614 642 2682 fuerunt
665 2616 797 2703 prelato
819 2615 1008 2681 Benedicto
1031 2616 1065 2680 in
1081 2617 1154 2703 ipsa
1170 2617 1335 2683 divisione
1349 2619 1454 2684 etiam
1467 2620 1661 2704 assignate,
1677 2630 1763 2689 acto
1774 2629 1860 2688 uma

510 2720 700 2805 specialiter
713 2721 798 2785 inter
813 2740 872 2784 eos
886 2719 978 2804 quod
993 2718 1104 2786 dictus
1117 2718 1137 2798 J
1140 2721 1291 2787 ohannes
1305 2721 1348 2787 de
1362 2735 1492 2807 quarta,
1501 2733 1538 2788 et
1545 2723 1671 2791 dictus
1683 2724 1863 2792 Benedicta

509 2822 552 2887 de
568 2824 672 2888 tribus
688 2824 837 2909 partibus
851 2823 1073 2888 ducentarum
1088 2822 1207 2889 decem
1223 2826 1279 2890 lib.
1295 2845 1396 2908 grues.
1411 2835 1476 2891 tur.
1496 2827 1635 2911 argenti
1652 2829 1866 2896 satisfacerent

510 2928 611 2994 certis
635 2926 832 2993 Lombardis
854 2928 1141 2992 commorantibus
1168 2926 1401 3004 l'alenclrenis,
1424 2949 1540 3015 penes·
1553 2951 1650 3016 quos
1675 2952 1800 3000 omnes
1814 2949 1867 3018 pre

510 3031 602 3098 dicte
626 3032 738 3096 littere
764 3047 861 3096 erant
888 3031 988 3096 titulo
1012 3030 1161 3117 pignoris
1184 3032 1340 3118 obligate.
1367 3032 1521 3118 Cumque
1545 3035 1705 3120 predicti
1734 3038 1868 3104 abbaset

510 3150 699 3203 conventus
727 3135 840 3201 Sancti
865 3134 1012 3200 latr-onis
1035 3156 1113 3201 cum
1140 3136 1260 3201 eodem
1285 3135 1474 3203 Benedicto
1494 3149 1732 3224 procuratore
1754 3161 1776 3207 a
1795 3136 1869 3205 nobis

510 3241 553 3306 ad
569 3240 753 3327 petendum
769 3255 803 3304 et
820 3240 1020 3323 exigendum
1035 3238 1127 3304 dicta
1142 3243 1242 3312 bona.
1258 3241 1372 3306 debita
1389 3257 1421 3306 et
1434 3242 1509 3326 jura
1521 3243 1636 3325 nobis,
1660 3254 1702 3311 ut
1728 3240 1869 3332 premitti

511 3360 574 3414 tur.
588 3344 713 3409 donata
730 3359 763 3408 et
780 3364 874 3409 cessa
901 3364 960 3428 per
981 3355 1113 3408 nostms
1137 3343 1219 3408 alias
1245 3345 1374 3410 litteras
1400 3344 1582 3431 deputat0,
1607 3357 1806 3415 tractantes
1827 3365 1870 3434 pto

511 3449 667 3512 omnibus
689 3448 828 3512 summis
844 3446 1015 3511 contentis
1031 3447 1063 3510 in
1080 3447 1200 3511 litteris
1215 3448 1423 3533 supradictis,
1438 3448 1482 3514 ad
1497 3469 1646 3534 quarum
1664 3461 1804 3538 partem
1821 3469 1870 3515 non

512 3553 681 3618 modicam
708 3554 899 3616 asserebant
925 3572 960 3615 se
987 3552 1116 3614 mtione
1142 3552 1316 3636 multiplici
1344 3572 1412 3616 non
1443 3554 1564 3626 teneri,
1600 3555 1680 3634 tibi,
1709 3567 1871 3623 nostroet

512 3658 653 3724 ecclesie
677 3657 827 3742 predicte
848 3656 996 3724 nomine.
1017 3676 1178 3720 excausa
1201 3656 1385 3721 amicabilis
1400 3658 1668 3742 compositionis
1695 3662 1789 3729 t'acte
1813 3660 1873 3725 fina-

512 3765 588 3829 liter
615 3764 703 3826 inter
729 3781 797 3828 eos.
825 3761 992 3845 predictas
1016 3781 1135 3824 omnes
1158 3761 1287 3825 litteras
1310 3760 1497 3826 Benedicto
1511 3763 1715 3847 assignatas
1729 3766 1874 3853 predicto,

513 3870 622 3953 quites
638 3888 697 3952 per
712 3865 822 3930 dictos
844 3864 1062 3930 lombardos.
1089 3866 1208 3948 quibus
1232 3883 1338 3932 emm.
1363 3881 1400 3930 ut
1422 3865 1622 3951 predicitur,
1644 3873 1875 3958 obligatares

512 3974 599 4038 titui.
613 3970 739 4035 eisdem
753 3986 867 4034 tamen
879 3967 1076 4032 Lombardis
1088 3988 1150 4053 pro
1165 3985 1260 4053 purte
1272 3969 1353 4034 dicti
1371 3968 1548 4035 Benedicti
1560 3969 1609 4036 de
1618 3975 1737 4042 tribus
1746 3974 1875 4063 partibus

513 4077 677 4141 sucturum
692 4075 913 4139 ducentuum
929 4071 1048 4137 decem
1062 4073 1118 4135 lib.
1131 4092 1232 4156 gross.
1252 4087 1315 4136 tur.
1336 4074 1465 4156 argenti
1481 4074 1639 4158 plenaria
1655 4079 1876 4146 satisfactione

514 4181 675 4265 impensi.
711 4178 970 4263 prmum-erint.
998 4177 1126 4258 tibique
1160 4177 1396 4241 nichilominus
1422 4197 1483 4262 per
1510 4198 1639 4246 manus
1670 4182 1761 4250 dicti
1788 4182 1877 4248 Bene·

513 4284 593 4349 diczi
619 4305 762 4367 :onage
756 4301 964 4347 ‚arimin
954 4282 1009 4343 'io
1038 4300 1141 4363 gross.
1168 4297 1231 4344 tur.
1257 4282 1396 4364 argenti
1421 4301 1504 4365 quas
1527 4302 1642 4369 nuper
1668 4308 1739 4373 pro
1767 4285 1876 4353 eisdem

514 4391 636 4451 abbate
668 4403 701 4451 e:
732 4401 877 4452 conrten
881 4407 902 4449 u
934 4404 1006 4447 ·.ss.t
1036 4399 1200 4447 snostre
1230 4382 1373 4448 Carruec
1399 4404 1600 4468 axugnaaee,
1633 4389 1729 4457 sicut
1760 4393 1794 4457 iu
1821 4388 1878 4455 aliis

515 4491 777 4555 3052-25132525e
763 4505 872 4553 con:
875 4490 956 4551 {nen
931 4435 1058 4550 τῐιέἰιῐ·
1050 4507 1111 4551 mr.
1131 4486 1249 4550 solvi
1233 4503 1372 4552 tecennt
1384 4507 1424 4552 uc
1438 4489 1543 4552 etiam
1559 4510 1748 4577 assignari,
1763 4500 1876 4583 petant

552 4736 561 4781 l
593 4732 603 4742 '
640 4733 693 4782 -ἱτ
719 4735 741 4793 ι’,
762 4747 836 4792 ψῃ,
868 4727 1876 4796 ³:11·.·:·s·.:·s:.····.·.·.3‹·se.·.:-:··„'j.·s.g·.·ererLicniet'eutgdommnpffi

524 4829 540 4848 ··
608 4829 648 4860 ,τ’
676 4825 723 4859 ts:
748 4814 788 4858 ⁴1.-
811 4807 1877 4870 {·.·-Tacape-sss·-:zetra-sessus:1=s÷r÷4esantffieurmmdumde

694 4894 747 4956 ''st
883 4904 1134 4938 τιτιειτεεττῑῑτ
1153 4888 1751 4960 iss-:zie[:·:aa.·u::ea·r2t6=ll.·'eluipour
1765 4895 1876 4948 Gnidum

741 4989 771 4998 ··
803 4989 828 5014 ·κ·
846 4987 896 5020 ·.·
932 4972 947 5010 t,
967 4993 986 5018 ve
1011 4988 1064 5018 wrm
1079 4987 1097 4998 ··
1113 4988 1130 5016 ι.
1151 4974 1202 5018 tiz.
1228 4970 1252 5018 ie
1275 4971 1411 5031 ῐὶτττί-τςτιτ.
1430 4985 1463 5019 er.
1475 4970 1875 5029 effettnnsfe'rddel'oumaii

987 5071 992 5078 ·
1032 5057 1037 5064 “
1082 5056 1091 5065 “
1127 5054 1630 5114 ··.·...·;·s·:'·:·:=·r:calmetam.
1647 5057 1816 5110 mer-arella.
1834 5055 1873 5105 nl.

1903 4096 1907 4224 l
