4409 6017
932 674 1080 742 lluitilne
1100 673 1205 740 annae.
1695 679 1753 744 481

435 829 580 914 1298.
1460 863 1554 928 1324,
1569 864 1591 928 9
1607 865 1710 909 mars.

437 945 473 1011 Ν
476 947 588 1013 icolao
599 945 747 1012 Danielis
762 943 804 1010 de
819 943 1156 1031 Antwerpia,clerico
1166 951 1202 1009 et
1211 943 1363 1010 familiari
1377 944 1526 1028 Roberti,
1538 946 1623 1031 'regis
1634 946 1755 1028 Sicilie,

398 1050 566 1116 :onfertur
581 1050 800 1116 canonicatus
815 1047 956 1115 ecclesie
972 1048 1004 1114 S.
1020 1046 1041 1126 J
1043 1047 1186 1113 ohannis
1206 1046 1429 1133 Trajectensis
1444 1052 1503 1115 sub
1519 1052 1756 1135 expectatione

398 1153 575 1234 ›rebende,
591 1174 660 1219 non
684 1156 841 1218 obstante
864 1152 954 1237 quod
975 1151 1177 1218 beneficium
1202 1152 1466 1219 ecclesiasticum
1482 1153 1525 1220 ad
1540 1155 1756 1220 collationem

398 1255 591 1321 2besaurarii
608 1256 749 1322 ecclesie
766 1255 1016 1322 Cameracensis
1031 1265 1201 1343 expectat.

438 1361 635 1428 laudabilia
650 1362 781 1427 dona...

436 1468 518 1531 Dat.
535 1466 634 1530 Avin.
652 1484 669 1550 7
686 1465 730 1532 id.
747 1464 858 1530 martii
874 1485 964 1530 anno
980 1467 1010 1532 8.
1729 1520 1732 1524 .

436 1568 479 1634 In
496 1589 525 1634 e.
542 1591 586 1635 m.
602 1570 775 1655 preposito
798 1570 829 1635 S.
854 1568 943 1635 Petri
967 1568 1193 1654 Trajectensis
1215 1579 1250 1636 et
1274 1572 1402 1637 cantori
1420 1571 1457 1636 B.
1475 1571 1583 1639 Marie
1603 1574 1759 1639 Antuer-

398 1676 531 1754 aiensis,
541 1673 795 1742 Cameracensis
810 1672 1003 1755 diocesis,ac
1018 1671 1152 1739 Buxolo
1166 1673 1209 1740 de
1227 1674 1525 1756 Parma‚canonico
1536 1675 1760 1745 Tomacensis

397 1781 623 1860 ecclesiarum,
640 1780 817 1864 capellano
830 1797 929 1864 pape.

434 1920 496 1978 Reg.
510 1921 556 1966 Ar.
570 1920 608 1975 20,
621 1919 639 1965 f.
652 1919 711 1964 426*
724 1933 730 1972 ;
744 1917 802 1965 vm.
814 1917 853 1974 76,
866 1917 884 1964 f.
896 1918 962 1973 282',
974 1929 1000 1964 n.
1012 1917 1068 1965 698.

442 2102 582 2186 1299.
1450 2140 1544 2205 1324,
1567 2142 1589 2206 9
1612 2146 1716 2190 enare.

446 2221 597 2287 Gerardo
611 2221 653 2286 de
670 2220 870 2301 Essartellis,
893 2219 1017 2287 clerico
1031 2229 1067 2286 et
1081 2220 1232 2287 familiari
1257 2223 1407 2305 Roberti,
1430 2225 1517 2310 regis
1538 2225 1657 2303 Sicilie,
1680 2249 1759 2294 con-

397 2326 503 2392 fertur
519 2325 735 2392 canonicatus
757 2323 900 2390 ecclesie
923 2324 954 2390 S.
979 2322 1088 2390 Marie
1110 2325 1154 2390 de
1177 2325 1294 2413 Hoyo,
1317 2325 1513 2395 Leodiensis
1530 2329 1683 2412 diocesis,
1699 2333 1759 2397 sub

397 2429 636 2517 expectatione
661 2427 843 2515 prebende,
865 2447 936 2493 non
963 2430 1122 2494 obstante
1154 2430 1245 2515 quod
1272 2432 1304 2495 in
1333 2431 1364 2498 S.
1392 2431 1535 2500 Dionisii
1566 2433 1761 2502 Leodiensis

397 2534 635 2602 canonicatum
650 2542 686 2599 et
700 2532 906 2620 prebendam
922 2541 957 2598 et
974 2533 1007 2598 in
1023 2535 1161 2600 seculari
1177 2535 1209 2600 S.
1226 2534 1365 2607 Martini
1381 2537 1424 2604 de
1439 2540 1574 2623 Ocram,
1595 2543 1760 2628 Aquilane

396 2639 552 2718 diocesis,
568 2638 716 2706 ecclesiis
731 2636 901 2704 abbatiam
916 2635 1060 2703 obtinet.

442 2743 639 2809 Laudabilia
653 2752 754 2807 tue...

443 2848 523 2913 Dat.
537 2846 637 2912 Avin.
654 2865 673 2931 7
690 2845 734 2912 id.
750 2843 859 2909 martii
875 2863 966 2909 anno
982 2845 1012 2908 8.

444 2949 485 3015 In
501 2972 531 3015 e.
546 2971 591 3014 m.
606 2948 780 3036 preposito
796 2947 828 3012 S.
841 2946 934 3012 Pauli
944 2966 984 3013 ac
994 2947 1124 3013 cantori
1138 2948 1169 3013 S.
1180 2948 1199 3026 J
1202 2949 1346 3017 ohannis
1355 2950 1552 3020 Leodiensis
1561 2974 1602 3020 ac
1613 2954 1760 3023 Geraldo

396 3056 441 3122 de
457 3054 552 3135 Lalo,
568 3053 732 3119 canonico
749 3049 1036 3117 Claromontensis
1051 3053 1281 3134 ecclesiarum,
1297 3056 1474 3141 capellano
1488 3077 1586 3144 pape.

431 3192 493 3253 neg.
505 3195 553 3239 xv.
565 3193 605 3249 ao,
616 3191 635 3238 r.
647 3192 694 3238 ras
707 3206 713 3246 ;
725 3189 784 3238 vat.
799 3190 838 3248 rs,
851 3189 870 3238 f.
883 3189 939 3247 aaa,
950 3201 976 3236 n.
992 3190 1047 3238 ris.

450 3369 597 3453 1300.
1464 3408 1559 3474 1324,
1614 3413 1718 3459 mars.

448 3488 549 3553 Petro
564 3487 607 3553 de
624 3485 773 3566 Herella,
794 3486 917 3552 clerico
932 3494 968 3551 et
984 3485 1134 3552 familiari
1161 3487 1312 3569 Roberti,
1336 3491 1422 3575 regis
1446 3489 1567 3574 Sicilie,
1576 3411 1762 3561 Qconfertur

400 3594 620 3659 canonicatus
642 3588 782 3656 ecclesie
805 3588 837 3653 S.
861 3586 976 3653 Crucis
999 3586 1197 3656 Leodiensis
1230 3594 1291 3658 sub
1314 3593 1551 3679 expectatione
1581 3599 1761 3682 prebende,

402 3717 473 3762 non
489 3698 646 3762 obstante
662 3692 754 3779 quod
769 3692 803 3756 in
820 3690 962 3758 ecclesia
975 3689 1131 3758 Civitatis
1146 3693 1177 3759 8.
1194 3691 1302 3759 Marie
1319 3696 1556 3763 canonicatum
1572 3710 1607 3765 et
1622 3705 1762 3787 preben-

400 3801 492 3879 dam,
507 3819 641 3866 necnon
657 3807 692 3863 et
707 3797 739 3862 S.
754 3795 891 3862 Andree
906 3815 946 3860 ac
962 3793 993 3858 S.
1010 3791 1030 3871 J
1033 3795 1175 3862 ohannis
1198 3807 1232 3863 et
1255 3798 1287 3863 S.
1310 3797 1442 3865 Thorne
1463 3803 1632 3887 ecclesias,
1648 3804 1761 3872 Caser-

399 3915 481 3971 tane
496 3904 649 3985 diocesiS,
666 3902 808 3968 obtinet.

448 4007 573 4074 Merita
588 4019 685 4073 tue...

449 4112 526 4178 Dat.
542 4112 641 4178 Avin.
659 4131 678 4196 7
695 4112 738 4178 id.
755 4112 865 4178 martii
881 4133 973 4178 anno
989 4113 1019 4177 8.

450 4215 489 4281 In
506 4237 535 4281 e.
550 4237 596 4281 m.
614 4218 648 4281 S.
666 4215 809 4281 Dionisii
828 4225 863 4280 et
875 4216 907 4280 S.
918 4215 1151 4281 Bartholomei
1162 4213 1400 4282 Leodiensium
1412 4216 1548 4283 decanis
1557 4238 1597 4284 ac
1606 4222 1764 4306 magistro

403 4322 535 4399 Jacobo
550 4321 593 4386 de
610 4319 754 4401 Mutina,
772 4321 936 4387 canonico
952 4319 1205 4385 Cameracensis
1220 4319 1446 4386 ecclesiarum.

439 4458 500 4518 lleg.
515 4461 562 4507 Av.
575 4461 612 4517 20,
626 4459 644 4507 f.
656 4460 732 4515 409’;
748 4458 808 4508 Vat.
820 4461 859 4519 76,
872 4459 890 4508 f.
903 4459 969 4515 260',
982 4471 1008 4505 n.
1018 4458 1073 4504 796.

450 4638 588 4721 1301.
1469 4670 1564 4734 1324,
1579 4671 1601 4737 9
1617 4673 1722 4719 mars,

446 4755 615 4822 Nicholao
640 4756 682 4822 de
708 4757 884 4837 Atrebato,
911 4756 1090 4841 capellano
1114 4761 1150 4818 et
1176 4751 1329 4817 familiari
1356 4752 1506 4834 Roberti,
1533 4755 1618 4838 regis
1644 4755 1765 4838 Sicilie,

400 4861 571 4929 confertur
607 4861 825 4926 canonicatus
863 4859 1006 4926 ecclesie
1048 4858 1080 4924 S.
1112 4856 1296 4922 Donatiani
1328 4856 1515 4942 Brugensis,
1545 4857 1767 4928 Tomacensis

402 4965 557 5045 diocesis,
580 4966 640 5030 sub
664 4965 901 5051 expectatione
926 4962 1110 5051 prebende,
1134 4980 1202 5025 non
1227 4963 1384 5026 obstante
1407 4961 1497 5047 quod
1521 4962 1554 5027 in
1577 4967 1719 5032 ecclesia
1734 4968 1766 5033 S.

404 5069 439 5137 N
442 5071 539 5136 icolai
556 5069 710 5136 Barensis
725 5072 962 5138 canonicatum
981 5079 1017 5136 et
1032 5066 1242 5156 prebendam
1258 5085 1298 5131 ac
1313 5067 1498 5133 cantoriam
1515 5069 1656 5148 obtinet.

457 5207 560 5249 Analecta
568 5207 762 5259 vaticanobelgira.
774 5210 806 5252 ll.
1692 5225 1714 5262 3¹
