4409 6017
425 667 485 731 646
923 672 1017 736 Evora
1038 710 1078 719 -
1099 668 1263 737 Faronville

429 852 462 861 -
482 824 560 877 Eccl.
582 825 761 890 cathedralis,
782 844 893 885 ——can
915 829 1002 894 preb,
1022 829 1080 883 Ste
1135 835 1299 886 fabriano
1318 823 1521 889 (Rubrianum),
1543 823 1639 888 Italic,
1660 822 1737 876 (¹50⁶-
1754 823 1798 874 Q·

468 906 580 968 phanus
605 906 761 969 Gaytanus.
1177 909 1295 960 merino.

425 994 560 1043 Euroux
581 987 753 1053 (116νοί1111),
775 989 891 1055 Franco,
911 992 975 1054 dep,
995 992 1079 1046 Eure.
1138 1018 1171 1026 -
1191 988 1269 1048 Eccl
1285 986 1349 1044 coll,
1368 990 1394 1047 S,
1412 986 1556 1044 Venantii.
1577 1016 1611 1022 -
1629 1002 1697 1042 can,
1715 985 1797 1050 preb,

428 1095 461 1102 —
482 1065 592 1130 Comes,
620 1068 788 1130 Ludovicus
1178 1070 1346 1123 Franciscus
1378 1067 1563 1121 'l'honrasucii
1598 1066 1637 1119 de
1672 1067 1797 1120 Saxoier·

428 1175 460 1182 --
487 1147 564 1200 Eccl.
591 1148 769 1215 cathedralis,
796 1181 827 1188 -
850 1153 984 1217 decanus,
1012 1159 1064 1209 659
1072 1174 1078 1216 ;
1177 1162 1247 1214 rato,
1281 1151 1399 1202 Rannus
1432 1149 1469 1201 de
1501 1148 1662 1202 Fabriano.

464 1257 495 1263 —
525 1245 595 1290 can„
626 1229 771 1284 Robertus
802 1232 921 1295 Brione;
953 1264 985 1271 —-
1016 1252 1078 1291 can.
1138 1233 1286 1293 Fabriano,
1306 1233 1424 1284 Rannus
1443 1231 1487 1295 de,
1508 1246 1572 1283 can.
1598 1230 1682 1293 preb.
1704 1230 1733 1285 S.
1751 1230 1796 1283 Fe

468 1310 555 1371 preb,
584 1311 729 1373 Johannes
758 1313 795 1366 de
822 1314 989 1380 Columpna,
1018 1317 1079 1371 Phi·
1177 1312 1265 1366 nantii
1286 1312 1323 1364 de
1345 1311 1493 1373 Fabriano,
1513 1315 1578 1364 892.

468 1390 560 1453 lippus
580 1391 723 1457 Conversi,
745 1394 842 1446 Simon
861 1396 897 1448 de
916 1396 1079 1459 Villapctro
1138 1394 1237 1447 Farris
1265 1394 1354 1452 Rosia,
1385 1391 1475 1457 ltalie,
1501 1392 1577 1443 dioc.
1607 1391 1738 1445 Potema
1762 1408 1795 1444 ou

467 1487 506 1530 sa,
528 1472 691 1535 Stephanus
712 1474 748 1526 de
769 1475 871 1537 Rufio
891 1506 923 1513 -
945 1494 1006 1531 can.
1025 1478 1078 1530 sub
1107 1475 1109 1510 ¹
1177 1474 1304 1527 Ravello.

468 1569 531 1615 exp.
548 1553 635 1619 preb,
655 1553 796 1608 Guerinus
812 1557 848 1609 de
863 1557 991 1612 Tilleriis.
1106 1542 1109 1604 i
1137 1586 1169 1592 —
1188 1555 1266 1608 Eccl.
1286 1555 1314 1612 S.
1327 1555 1433 1614 Mario,
1451 1584 1483 1589 -·
1502 1565 1607 1619 rector,
1627 1553 1794 1609 Guillelmus

428 1662 459 1668 —
475 1633 681 1689 lllonasterium
696 1638 724 1689 S.
738 1637 862 1691 Taurini.
883 1668 908 1674 -
922 1639 1020 1702 abbas,
1034 1646 1077 1698 97,
1176 1638 1212 1689 de
1238 1638 1376 1689 Ferraria.

429 1744 459 1750 —-
493 1715 624 1769 Ecclesia
654 1718 807 1781 collegiata
838 1720 919 1783 dioc,
951 1720 1075 1774 Vernon.
1106 1745 1108 1788 g
1138 1718 1263 1780 Fachini,
1286 1717 1432 1780 Colardus,
1454 1717 1491 1768 de
1512 1715 1650 1778 Lembor,
1670 1734 1698 1767 v.
1724 1716 1793 1768 Lern·

427 1822 458 1830 *
488 1794 617 1849 Ecclesie
646 1808 673 1850 et
701 1800 809 1860 capelle
836 1800 918 1863 dioc,
948 1800 1076 1868 Grosley,
1175 1799 1235 1851 bor.

468 1876 619 1930 Harcourt.
1105 1907 1107 1958 Ι
1136 1880 1262 1942 Fachini,
1284 1880 1435 1941 lohannes
1457 1878 1493 1930 de
1514 1877 1650 1944 Lemhor,
1669 1896 1697 1930 v.
1722 1878 1793 1930 Lem·

426 1957 560 2022 nolonte,
590 1958 749 2012 Eeckhout.
1174 1962 1235 2013 bor.

423 2044 548 2094 Exmes
576 2038 730 2104 (Ox-imon),
758 2040 876 2108 France,
901 2043 965 2107 dep.
991 2045 1076 2112 Orne,
1136 2042 1279 2095 Fachinus
1303 2042 1340 2093 de
1366 2040 1539 2102 Lemborgh.

465 2117 538 2172 dioc.
559 2119 685 2183 Bayeux¹
1104 2153 1107 2202 r
1135 2121 1566 2185 17551113(111111111111111111.

425 2227 458 2236 —
488 2201 745 2255 Archidiaconatus
777 2206 804 2257 in
834 2206 901 2258 eccl.
933 2206 1075 2272 bajocen,
1104 2215 1107 2266 1
1135 2232 1166 2240 -
1190 2203 1268 2256 Eccl.
1292 2201 1471 2264 cathedralis,
1495 2218 1613 2258 -can,
1639 2202 1731 2266 preb,
1751 2202 1790 2265 la·

463 2298 489 2334 v.
509 2281 635 2344 Bayeux,
1104 2273 1106 2348 ξ
1169 2284 1258 2337 cobus
1284 2284 1321 2336 de
1349 2283 1483 2338 Plebanis
1511 2282 1597 2336 castri
1626 2282 1788 2344 florentini,

425 2361 630 2424 Enaetrllcpunr,
656 2364 792 2418 Ecueille.
1103 2353 1106 2438 j
1173 2366 1335 2428 Stephanus
1356 2364 1392 2417 de
1414 2364 1507 2418 Prato.

424 2442 567 2507 Elatum,
589 2444 727 2503 Eenamc,
1102 2459 1105 2532 l
1135 2477 1164 2483 -
1187 2446 1318 2499 Ecclesia
1335 2445 1416 2507 dioc,
1435 2444 1615 2507 ciperanum.

425 2523 538 2584 arken..
571 2525 735 2588 Maeseyck.
1134 2529 1229 2590 Facto,
1257 2526 1422 2581 Vincentius
1449 2527 1494 2591 de,
1523 2543 1584 2581 can.
1616 2537 1646 2580 et
1673 2527 1787 2580 clericus

425 2603 638 2669 Eykerberghe,
666 2607 810 2669 Johannes
836 2609 881 2676 de,
907 2627 970 2665 can.
994 2613 1074 2676 preb,
1172 2610 1250 2663 chori
1271 2608 1420 2672 Vivarieu.
1444 2612 1505 2662 200-

464 2685 492 2738 S.
518 2685 713 2740 Banholomei
736 2688 879 2754 Leodien„
902 2702 995 2746 rector
1014 2711 1074 2757 par·
1132 2690 1254 2755 Falerio,
1280 2689 1406 2749 Foresta,

464 2765 540 2819 roch.
560 2767 626 2825 eccl,
645 2767 681 2820 de
699 2769 824 2834 Beverle‚
841 2777 901 2827 964.
1131 2770 1237 2837 Εαίοῑε,
1261 2769 1382 2832 Fajoles,

1129 2858 1258 2921 Fajolas
1278 2850 1403 2914 (Foiole),
1420 2850 1538 2914 Franco,
1552 2849 1619 2914 dep.
1635 2850 1698 2919 Lot,
1712 2852 1783 2909 dioc.

1171 2930 1289 2984 Cohors.

1131 3041 1163 3049 —
1186 3012 1291 3065 Rector
1310 3012 1439 3075 parroch.
1460 3013 1536 3075 eccl.¹
1556 3013 1722 3067 Ademarus
1742 3014 1784 3068 Ri·

729 3056 766 3134 F
1100 3134 1102 3151 2
1166 3093 1272 3145 chardi.

1131 3175 1284 3239 Folpaeric,
1304 3176 1326 3226 F
1328 3174 1475 3238 alguieres.

1129 3258 1315 3325 Falguldres
1351 3256 1526 3319 (Fnlpaerie),
1560 3256 1680 3318 Franco,
1721 3258 1783 3321 dep.

423 3323 523 3384 Faber,
556 3325 687 3388 Jacobus,
721 3343 782 3379 can.
813 3328 866 3380 sub
898 3347 960 3392 exp,
993 3332 1070 3394 preb.
1169 3336 1436 3398 Tarn·et·Garonne,
1463 3353 1615 3390 commune
1642 3339 1680 3391 de
1708 3339 1782 3391 Mon·

461 3404 612 3468 Siclinien.,
640 3412 717 3464 1474.
1098 3479 1100 3486 Ι
1168 3417 1282 3480 tauban,
1315 3418 1387 3471 dioc.
1421 3417 1537 3470 Cahors.

422 3485 514 3546 Fabri,
545 3486 648 3547 Guido,
679 3506 741 3540 can.
770 3491 848 3552 preb¹
878 3492 905 3543 S.
935 3493 1070 3554 Johannis
1131 3527 1160 3534 —
1187 3497 1359 3560 Decimator,
1390 3499 1551 3551 Bernartius
1579 3500 1616 3552 de
1647 3500 1782 3554 Montela·

461 3567 604 3630 leodien,
630 3575 691 3631 401,
718 3576 778 3632 422,
803 3576 864 3628 726,
1098 3603 1099 3608 =
1169 3579 1265 3632 nardo,

421 3647 513 3712 Fabri,
543 3649 696 3712 lohannes,
727 3668 788 3703 can.
817 3654 869 3704 sub
899 3672 961 3715 exp,
992 3657 1068 3717 preb.
1097 3667 1099 3714 ῑ
1128 3667 1294 3714 Famenne
1325 3660 1495 3724 (Fnrnenaa),
1538 3661 1783 3719 archidiaconatus

459 3730 487 3782 S.
520 3729 672 3792 Gaugerici
705 3733 896 3795 Canreracen,
929 3741 1005 3790 1369.
1097 3769 1099 3785 r
1165 3741 1192 3791 in
1217 3742 1283 3798 eccl,
1311 3740 1452 3798 Leodien„
1479 3759 1504 3800 v,
1531 3741 1627 3804 Lie‘ge,

420 3809 512 3873 Fabri,
537 3810 644 3874 Petrus
669 3813 768 3874 capell.
792 3825 818 3865 et
841 3816 963 3867 notarius
987 3834 1068 3883 pape,
1130 3820 1241 3884 Fauen,
1259 3822 1344 3873 Fano.

458 3893 617 3954 prepositus
637 3893 664 3944 S.
684 3894 846 3956 Walburgis
866 3897 995 3957 Furncn,
1008 3915 1069 3949 can·
1096 3873 1098 3952 i
1127 3901 1262 3961 Fannelli,
1280 3903 1402 3963 Jacobus
1421 3903 1531 3965 Leonis
1551 3921 1613 3956 can.
1635 3906 1715 3969 preb¹
1735 3907 1779 3958 Fe·

457 3984 500 4022 tor
530 3974 690 4029 Carnotcn„
721 3976 885 4027 scolasticus
916 3978 1068 4040 Petragori·
1096 4001 1097 4012 ³
1166 3985 1341 4041 rentinaten,
1358 4001 1417 4035 can.
1435 3984 1487 4035 sub
1504 4001 1566 4047 exp.
1586 3975 1666 4047 preb.
1684 3987 1778 4039 Abrin-

457 4069 526 4111 con,
548 4071 609 4110 can,
630 4055 706 4117 preb.
730 4056 886 4118 llelvacen,
905 4060 932 4110 S.
955 4059 1068 4112 Fronto·
1162 4079 1222 4122 cen,
1247 4075 1274 4114 et
1299 4064 1326 4117 S.
1354 4064 1506 4116 llonatiani
1532 4064 1667 4128 brugen,
1692 4080 1778 4120 rector

456 4135 498 4186 nis
523 4135 739 4198 Petragoricen,
766 4138 898 4194 Parisicn,
932 4150 958 4191 et
981 4141 1066 4192 Picta·
1165 4145 1231 4196 eccl.
1260 4144 1295 4196 de
1324 4145 1501 4207 Exsculleyo,
1530 4146 1720 4201 beneficiatus
1751 4149 1775 4200 in

455 4231 526 4275 ven,
551 4233 612 4271 can.
638 4218 690 4267 sub
715 4236 775 4279 exp.
799 4220 876 4280 preb.
903 4221 1065 4281 nlassilieu,
1095 4222 1096 4287 ζ
1164 4228 1191 4277 S.
1205 4224 1348 4277 Valentini
1366 4226 1583 4291 Ferentinaten,
1602 4233 1680 4291 1214,
1702 4234 1775 4282 1590.

454 4295 609 4348 decimator
630 4298 666 4349 de
690 4300 850 4363 Savigneyo
874 4303 901 4354 in
929 4303 1065 4354 territorio
1094 4332 1095 4347 1
1124 4314 1213 4360 Fano
1246 4306 1378 4369 (Funera),
1405 4308 1492 4359 ltalie.

457 4375 597 4435 Belnensi,
619 4384 660 4438 97,
682 4384 742 4439 278,
763 4385 823 4443 299,
842 4386 903 4442 391,
924 4387 984 4441 417,
1005 4388 1065 4444 456,
1094 4403 1096 4424 1
1125 4414 1156 4421 —-
1179 4386 1254 4439 Eccl.
1276 4386 1453 4449 cathedralis,
1478 4418 1508 4423 —
1534 4404 1604 4453 can,
1627 4390 1723 4443 Guido
1741 4391 1774 4441 dc

455 4461 515 4520 474,
539 4464 600 4519 481,
625 4464 685 4521 551,
710 4466 769 4523 605,
793 4467 852 4522 655,
878 4467 939 4515 945.
1093 4431 1095 4517 i
1161 4467 1259 4526 (allio,
1282 4467 1376 4518 Homo
1397 4468 1433 4519 de
1454 4469 1595 4528 Perctulo,

417 4536 508 4595 Fabri,
536 4538 634 4589 Petrus
660 4541 757 4602 (alter),
783 4541 847 4593 cler.
873 4544 1064 4610 Cameracen,
1093 4541 1095 4567 ¹
1126 4547 1244 4610 Farnay,
1278 4548 1458 4600 Guichardus
1491 4549 1534 4606 de,
1570 4568 1631 4611 can¹
1668 4552 1773 4614 Lugdu·

454 4634 516 4668 can.
536 4618 614 4680 preb,
636 4620 666 4672 Β,
688 4620 778 4674 llario
797 4624 994 4687 .·lntn·erpien.,
1007 4643 1065 4687 per·
1092 4612 1094 4637 ¹
1160 4645 1230 4687 nen„
1256 4633 1299 4683 70.

453 4710 555 4759 petuus
580 4700 699 4755 vicarius
726 4704 753 4754 in
779 4704 845 4755 eccl.
871 4705 1062 4769 Cameracen,
1122 4717 1309 4764 Faronvlllo
1329 4710 1531 4775 (Forentillo),
1563 4711 1681 4772 France,
1712 4715 1772 4776 dep.

453 4782 514 4834 571.
1162 4790 1403 4853 Scine-etlllarne,
1428 4808 1578 4845 commune
1600 4794 1637 4846 de
1663 4794 1771 4849 Boissis-

415 4858 507 4922 Fabri,
532 4861 726 4926 Raymundus,
751 4865 850 4928 capell.
873 4883 954 4930 pape,
978 4868 1063 4920 archi·
1091 4885 1093 4946 1
1161 4871 1299 4933 se-le-Roi,
1322 4873 1393 4925 dioc.
1417 4873 1495 4925 Sens.

452 4940 589 4992 diaconus
613 4942 732 5004 Tullen.,
758 4946 916 5007 propositus
940 4949 967 5005 S¹
992 4949 1063 5001 Gen·
1122 4979 1152 4986 -—
1181 4951 1321 5004 Prioratus
1347 4953 1405 5005 ord.
1434 4956 1460 5005 S.
1492 4956 1573 5017 Aug,
1602 4986 1634 4993 —
1657 4959 1768 5023 priores,

451 5022 551 5086 gulphi
569 5023 593 5074 T
597 5024 688 5085 allen,
709 5040 807 5077 cantor
824 5026 983 5095 Carnoten,
1001 5037 1061 5096 481,
1160 5033 1309 5093 lohannes,
1332 5046 1430 5096 postea
1453 5035 1542 5087 abbas
1566 5036 1597 5089 Β.
1626 5038 1716 5092 Mario
1736 5039 1768 5090 de

453 5109 513 5159 603.
1090 5152 1092 5168 .
1157 5113 1284 5178 Boionia,
1307 5114 1450 5177 Johannes
1473 5116 1509 5169 de
1533 5116 1678 5181 Cauchen,
