4409 6017
499 744 561 809 858
1028 741 1196 823 cinquieme
1217 744 1318 810 annea

545 891 729 958 Laudabile
744 892 1019 959 testimonium...

542 997 621 1062 Dat.
636 997 736 1061 Avin.
760 1016 796 1080 13
821 995 887 1063 kal.
909 996 1062 1064 februarii
1082 1016 1172 1062 anno
1198 1017 1226 1081 5.

545 1103 583 1165 ln
599 1122 629 1166 e.
645 1120 690 1165 m.
702 1100 733 1166 S.
744 1098 901 1166 Germani
923 1101 965 1167 de
985 1100 1093 1166 Pratis
1105 1101 1201 1186 juxta
1219 1099 1362 1166 Parisius
1380 1109 1415 1167 et
1434 1102 1465 1168 S.
1478 1098 1652 1167 Genovefe
1665 1098 1847 1165 Parisiensis

498 1203 776 1270 monasteriorum
805 1205 981 1271 abbatibus
1009 1226 1049 1271 ac
1078 1203 1238 1289 magistro
1281 1204 1381 1271 Petro
1422 1205 1463 1272 de
1497 1202 1635 1285 Fractis,
1668 1201 1848 1290 primicerio
1883 1229 1886 1234 >

499 1308 639 1375 ecclesie
660 1306 833 1373 Gaietane.

533 1470 593 1531 Rug.
606 1472 653 1518 Au.
667 1472 703 1528 lb,
715 1469 738 1519 f.
750 1469 815 1525 3483
830 1468 887 1516 l'at.
901 1470 939 1525 72,
953 1468 971 1515 f.
986 1469 1040 1524 151,
1056 1481 1080 1516 n.
1094 1468 1167 1514 1180.

542 1670 664 1754 900.
1491 1709 1586 1773 1321,
1609 1708 1631 1752 2
1670 1687 1814 1770 J'anur'er.

542 1788 689 1873 Georgio
703 1787 745 1853 de
762 1787 889 1853 Solerio
905 1787 1082 1874 Yporiensi
1106 1790 1275 1856 confertur
1295 1792 1512 1858 canonicatus
1532 1708 1672 1859 ecclesie
1695 1790 1850 1858 Leodien·

499 1893 542 1958 sis
568 1895 628 1958 sub
656 1891 894 1978 expectatione
932 1893 1113 1978 prebende,
1145 1915 1213 1960 non
1246 1898 1403 1961 obstante
1436 1895 1526 1981 quod
1554 1896 1588 1960 in
1620 1893 1850 1972 Lincolniensi‚

500 1995 676 2082 Yporiensi
708 2003 743 2060 et
766 1995 939 2077 Suellensi,
974 1995 1194 2063 Eboracensis
1224 1998 1377 2082 diocesis,
1406 1999 1558 2066 ecclesiis
1586 1997 1805 2066 canonicatus
1821 2009 1852 2063 et

498 2098 694 2184 prebendas,
710 2106 745 2163 et
762 2098 939 2164 ecclesiam
958 2099 990 2165 S.
1007 2099 1178 2167 Laurentii
1199 2110 1294 2168 extra
1316 2122 1428 2169 muros
1441 2102 1644 2189 Yporienses
1660 2101 1803 2168 obtinet.

547 2201 747 2268 Honestatis
763 2201 919 2269 debito...

543 2305 622 2372 Dat.
637 2304 737 2373 Avin.
756 2328 775 2389 4
794 2304 860 2371 kal.
879 2304 1031 2371 februarii
1050 2325 1142 2370 anno
1164 2325 1192 2390 5.

543 2408 594 2475 In.
610 2429 639 2474 e.
655 2430 700 2474 m.
710 2408 840 2475 decano
856 2408 887 2475 S.
898 2408 990 2474 Petri
1007 2417 1042 2474 et
1058 2408 1236 2475 scolastico
1249 2410 1280 2476 S.
1294 2410 1387 2475 Pauli
1403 2409 1643 2477 Leodiensium
1651 2430 1692 2477 ac
1701 2412 1855 2498 magistro

501 2512 633 2579 Buxolo
647 2512 690 2578 de
706 2513 835 2594 Parma,
852 2514 1016 2580 canonico
1032 2512 1254 2579 Tomacensis
1270 2514 1496 2596 ecclesiarum,
1513 2536 1599 2602 pape
1614 2517 1803 2603 capellano.

535 2677 593 2739 ilcg.
605 2680 653 2727 Au.
667 2679 704 2738 ll,
718 2678 735 2727 f.
751 2680 809 2727 δῆθ’
820 2695 826 2737 ;
836 2678 897 2728 vat.
912 2682 952 2736 71,
965 2680 982 2727 l.
995 2680 1049 2738 287,
1062 2694 1088 2728 n.
1097 2680 1153 2727 648.

545 2873 658 2957 901.
1502 2911 1597 2973 1321,
1613 2911 1657 2978 29
1671 2890 1818 2974 januar.

543 2989 689 3076 Georgio
704 2990 745 3057 de
762 2993 889 3059 Solerio
917 2992 1093 3080 Yporiensi
1114 3003 1300 3061 reservatur
1316 2995 1518 3061 beneficium
1537 2994 1802 3063 ecclesiasticum
1818 2996 1859 3063 ad

499 3094 716 3160 collationem
745 3096 892 3183 episcopi
924 3095 1132 3180 Leodiensis,
1157 3119 1226 3164 non
1253 3102 1408 3164 obstante
1438 3097 1529 3184 quod
1556 3098 1590 3163 in
1620 3086 1858 3181 Lincolniensi‚

502 3196 677 3283 Yporiensi
703 3207 737 3263 et
761 3200 933 3282 Suellensi,
963 3194 1187 3269 Eboracensis
1221 3203 1372 3284 diocesis,
1403 3202 1551 3269 ecclesiis
1576 3193 1798 3270 canonicatus
1827 3214 1859 3268 et

499 3303 696 3387 prebendas,
717 3324 756 3368 ac
786 3304 961 3369 ecclesiam
984 3306 1015 3372 S.
1038 3307 1207 3374 Laurentii
1228 3315 1323 3372 extra
1345 3327 1457 3372 muros
1484 3304 1689 3393 Yporienses
1719 3307 1859 3389 obtinet,

501 3427 558 3471 seu
571 3405 661 3491 quod
673 3407 793 3472 eodem
814 3408 867 3472 die
890 3407 932 3473 de
957 3412 1159 3477 canonicatu
1174 3412 1315 3478 ecclesie
1331 3409 1527 3476 Leodiensis
1542 3413 1602 3476 sub
1622 3413 1860 3499 expectatione

503 3510 672 3596 prebende
688 3511 718 3575 ei
734 3511 904 3597 provisum
920 3521 981 3579 est.

545 3613 690 3699 Adjutus
705 3614 870 3680 virtute...

548 3716 624 3782 Dat.
640 3718 740 3784 Avin.
756 3741 775 3803 4
792 3718 858 3783 kal.
876 3718 1027 3784 februarii
1044 3738 1134 3783 anno
1152 3739 1180 3803 5.

547 3819 587 3884 ln
614 3842 643 3886 e.
675 3842 720 3887 m.
747 3822 875 3887 decano
905 3823 936 3888 S.
964 3822 1054 3886 Petri
1081 3830 1116 3887 et
1152 3821 1328 3888 scolastico
1361 3822 1392 3889 S.
1429 3822 1521 3887 Pauli
1555 3822 1796 3892 Leodiensium
1825 3849 1862 3894 ac

504 3925 634 3991 Buxolo
654 3924 696 3990 de
721 3926 849 4008 Parma,
867 3926 1030 3992 canonico
1045 3925 1267 3993 Tomacensis
1282 3926 1506 4008 ecclesiarum,
1523 3948 1611 4014 pape
1629 3931 1820 4016 capellano·

539 4089 598 4150 neg.
608 4092 655 4137 nv.
669 4091 706 4149 1-1,
719 4090 736 4138 f.
749 4093 822 4144 arov;
837 4092 894 4140 val.
914 4095 950 4150 11,
964 4092 980 4139 r.
993 4094 1060 4149 cerv,
1073 4108 1098 4140 n.
1111 4094 1166 4140 usu

547 4310 663 4394 902.
1523 4345 1618 4408 1321,
1642 4329 1667 4391 8
1677 4326 1822 4413 sdvrt'er.

550 4429 687 4495 lifrardu
713 4428 754 4495 de
778 4430 1011 4497 Wildeshusen
1038 4432 1206 4498 confertur
1241 4431 1457 4497 canonicatus
1486 4429 1627 4495 ecclesie
1660 4429 1691 4494 S.
1724 4430 1863 4498 Servatii

503 4534 532 4598 T
533 4533 738 4618 rajectensis,
749 4533 944 4600 Leodiensis
956 4535 1108 4617 diocesis,
1121 4538 1180 4601 sub
1193 4534 1429 4621 expectatione
1438 4532 1618 4620 prebende,
1626 4552 1694 4599 non
1706 4536 1864 4602 obstante

503 4638 593 4723 quod
605 4637 840 4703 canonicatum
859 4649 893 4704 et
911 4640 1115 4725 prebendam
1131 4660 1171 4706 ac
1182 4638 1424 4725 preposituram
1436 4636 1650 4721 Rustringhie
1667 4637 1701 4701 in
1723 4640 1864 4705 ecclesia

505 4742 677 4808 Bremensi
701 4743 842 4825 obtinet,
862 4745 941 4810 licet
964 4745 1010 4809 eis
1032 4765 1090 4830 per
1111 4744 1292 4811 canonicos
1316 4742 1466 4828 ejusdem
1499 4741 1639 4808 ecclesie
1673 4740 1864 4810 Bremensis

504 4847 666 4932 spoliatus
681 4846 789 4912 fuerit.

550 4950 730 5015 Probitatis
745 4959 843 5015 tue...

549 5057 627 5120 Dat.
643 5055 742 5121 Avin.
761 5053 835 5119 oid.
854 5053 1003 5119 l‘ebruarii
1020 5072 1110 5118 anno
1128 5073 1155 5137 5.

549 5160 588 5225 ln
613 5183 642 5227 e.
672 5182 717 5226 m.
743 5157 921 5225 Enrichoni
935 5157 978 5223 de
1002 5157 1156 5243 Spanem,
1178 5154 1413 5222 archidiacono
1436 5153 1624 5236 Leodiensi,
1648 5164 1683 5222 et
1701 5156 1861 5243 magistro
