4409 6017
916 718 1064 794 lluitibme
1084 717 1187 792 anna.
1665 725 1728 798 467

414 873 556 961 1256.
1359 909 1455 973 1323,
1472 911 1491 954 1
1509 895 1686 961 decembre.

412 994 515 1061 Petro
538 993 580 1060 de
607 992 834 1071 Chambliaco,
850 994 1088 1061 archidiacono
1116 991 1314 1074 Morinensi,
1331 991 1522 1081 indulgetur
1545 1005 1583 1064 ut
1607 998 1732 1066 fructus

360 1098 606 1165 beneficiorum
622 1117 758 1164 suorum
772 1101 898 1184 absque
913 1097 1093 1165 residentia
1108 1097 1152 1164 ad
1166 1096 1348 1163 triennium
1361 1098 1534 1185 percipere
1550 1102 1672 1168 valeat.

410 1200 544 1268 Meritis
558 1208 658 1268 tue...

411 1307 489 1372 Dat.
506 1305 604 1372 Avin.
620 1304 773 1374 kalendis
784 1306 971 1374 decembris
986 1326 1075 1374 anno
1093 1309 1123 1373 8.

411 1409 451 1475 In
467 1432 496 1476 e.
507 1431 553 1475 m.
571 1410 606 1476 S.
622 1409 776 1495 Quintini
791 1411 826 1475 in
844 1409 957 1477 Insula
972 1418 1008 1476 et
1023 1409 1055 1476 S.
1072 1408 1199 1475 Bertini
1215 1409 1258 1476 de
1274 1409 1305 1477 S.
1322 1408 1496 1480 Odomaro
1511 1415 1731 1483 monasterio·

362 1536 438 1580 rum
451 1513 627 1579 abbatibus
641 1522 677 1580 et
691 1514 821 1581 decano
836 1514 978 1581 ecclesie
994 1514 1025 1581 S.
1043 1513 1133 1580 Petri
1148 1514 1305 1595 Ariensis,
1323 1513 1564 1584 Noviomensis
1576 1526 1611 1585 et
1627 1518 1732 1587 Mori·

366 1618 480 1682 nensis
495 1616 679 1684 diocesum.
740 1607 743 1612 ⁵

402 1771 462 1832 neg.
472 1773 519 1820 nv.
529 1773 568 1832 ao,
581 1773 598 1821 r.
614 1773 677 1831 1873
689 1774 748 1823 vu.
761 1775 800 1834 rs,
812 1774 830 1824 r.
843 1775 882 1833 90,
897 1789 923 1824 n.
937 1776 993 1824 aso.

416 1969 553 2055 1257.
1363 2003 1457 2068 1323,
1470 2003 1495 2067 5
1511 1987 1685 2053 decembre.

409 2088 590 2154 Guillelmo
615 2086 741 2154 Medici
757 2087 799 2154 de
814 2087 997 2173 Serignano
1020 2086 1236 2153 conferuntur
1260 2089 1477 2155 canonicatus
1499 2097 1535 2153 et
1561 2090 1730 2175 prebenda

363 2193 506 2259 ecclesie
533 2191 765 2273 RosnacensiS,
782 2190 1034 2257 Cameracensis
1056 2190 1209 2272 diocesis
1225 2199 1385 2258 vacantes
1410 2212 1469 2277 per
1494 2192 1624 2258 obitum
1649 2191 1729 2258 Vin-

362 2295 465 2361 centii
492 2295 534 2361 de
557 2295 750 2379 Serignano,
780 2294 870 2381 apud
893 2293 1015 2360 Sedem
1042 2293 1263 2380 apostolicam
1288 2294 1447 2374 defuncti,
1475 2315 1543 2360 non
1571 2298 1728 2362 obstante

360 2398 451 2482 quod
467 2398 709 2484 parrochialem
725 2397 902 2464 ecclesiam
921 2396 965 2462 de
988 2396 1155 2478 Condeto,
1171 2395 1389 2464 Carnotensis
1416 2398 1568 2472 diocesis,
1585 2398 1727 2464 obtinet.

406 2500 590 2568 Laudanda
605 2509 704 2567 tue...

406 2605 485 2671 Dat.
501 2606 600 2671 Avin.
617 2609 716 2671 nonis
731 2605 919 2672 decembris
935 2626 1026 2671 anno
1043 2608 1072 2672 8.

405 2709 445 2774 ln
461 2730 490 2774 e.
507 2730 551 2774 m.
568 2708 680 2775 abbati
693 2709 887 2776 monasterii
904 2707 946 2773 de
965 2708 1102 2792 Regula,
1120 2708 1312 2776 Tarviensis
1327 2710 1478 2791 diocesis
1502 2730 1542 2775 ac
1565 2709 1726 2776 archidia-

360 2834 449 2880 cono
464 2812 646 2893 Gandensi,
662 2811 894 2894 lomacensis,
910 2832 950 2878 ac
973 2811 1075 2877 Vitali
1100 2812 1143 2878 de
1164 2812 1276 2894 Testa,
1293 2813 1456 2881 canonico
1481 2813 1727 2880 saresbiriensis

362 2916 592 2983 ecclesiarum.

395 3079 456 3141 ch.
465 3079 513 3126 Ar.
525 3080 564 3138 20,
576 3078 595 3126 i.
607 3078 667 3127 338¹
680 3094 688 3137 ;
700 3077 760 3127 Vnt.
774 3080 811 3139 76,
823 3078 841 3127 i.
855 3079 910 3139 188,
926 3093 950 3126 n.
962 3080 1018 3126 562.

408 3296 547 3381 1258.
1352 3330 1369 3373 1
1369 3329 1415 3391 32
1411 3330 1446 3392 3,
1462 3330 1483 3395 9
1500 3311 1678 3374 decembre.

402 3415 542 3482 Decano
568 3423 603 3480 et
627 3414 775 3498 capitulo
798 3412 940 3479 ecclesie
965 3411 1004 3478 B.
1021 3410 1130 3478 Marie
1157 3412 1338 3498 Hoyensis,
1356 3411 1550 3479 Leodiensis
1570 3411 1721 3495 diocesis,

354 3519 596 3586 confirmantur
610 3516 782 3602 privilegia
797 3525 832 3582 et
848 3517 1021 3582 libertates
1036 3515 1127 3582 dicte
1142 3517 1294 3582 ecclesie.

401 3623 520 3690 Cuma
536 3621 675 3688 nobis..

401 3729 481 3794 Dat.
496 3727 597 3792 Avin.
615 3746 632 3811 5
650 3725 693 3791 id.
709 3725 896 3791 decembris
910 3745 1001 3791 auno
1018 3727 1048 3792 8.

388 3884 468 3945 (lapte
477 3896 529 3929 aux
541 3881 663 3929 Archivcs
673 3880 706 3928 dc
717 3867 826 3928 l'litntu
842 3881 924 3941 lribge
940 3879 1080 3941 Colldgialc
1090 3879 1123 3927 dc
1139 3880 1206 3941 Huy‚
1221 3894 1273 3941 rog.
1289 3883 1328 3941 20,
1339 3896 1363 3944 p.
1377 3883 1416 3929 63.

400 4044 705 4130 1259-1260.
1317 4079 1380 4141 132
1378 4079 1412 4142 3,
1430 4061 1475 4124 28
1495 4061 1673 4124 decembre.

398 4164 516 4245 Marie,
532 4164 662 4230 ducisse
675 4162 865 4242 Brabantie‚
882 4151 960 4227 nate
977 4161 1148 4246 quondam
1164 4161 1337 4243 Ludovici,
1351 4163 1482 4228 comitis
1495 4163 1716 4243 Ebroicensis‚

352 4268 543 4353 indulgetur
560 4269 701 4333 facultas
717 4266 862 4332 habendi
880 4267 984 4330 altare
1000 4266 1160 4352 portatile
1176 4274 1210 4330 et
1228 4267 1369 4331 faciendi
1395 4269 1561 4332 celebrare
1586 4268 1618 4331 iu
1636 4268 1717 4333 locis

351 4372 534 4438 interdicto
549 4371 778 4438 ecclesiastico
794 4368 984 4456 suppositis.

398 4476 449 4543 Ut
458 4497 536 4562 erga
553 4476 707 4541 Deum...

397 4581 475 4646 Dat.
491 4580 590 4646 Avin.
609 4600 625 4664 5
643 4580 709 4645 lral.
723 4578 864 4663 Januarii
882 4599 972 4644 anno
989 4580 1018 4644 8.

384 4741 499 4801 Origiual
511 4757 563 4790 aux
577 4742 700 4789 llrclrives
711 4741 746 4788 ‹lu
761 4742 892 4802 Roynurm·
904 4743 919 4787 ia
935 4741 1073 4799 Bruxellea.
1094 4741 1202 4789 Chartes
1213 4741 1245 4788 do
1259 4743 1379 4800 ltrabmrt,
1394 4757 1418 4790 u.
1432 4746 1486 4790 2243.
1502 4771 1532 4776 -
1547 4743 1605 4803 ch.
1618 4746 1665 4790 Ar.
1675 4746 1713 4798 20,

349 4825 368 4872 l.
382 4826 459 4879 235,st
474 4824 531 4872 l'ut.
545 4827 583 4879 iti,
596 4825 613 4871 i.
631 4826 686 4879 tas,
701 4839 725 4870 u.
738 4826 794 4872 311).

396 5027 499 5086 1260.
517 5061 560 5070 -
577 5022 697 5087 Eidem
715 5020 822 5086 Marie
839 5019 1028 5104 indulgetur
1043 5019 1180 5085 licentia
1196 5020 1338 5103 eligendi
1355 5019 1592 5085 confessorem.

394 5130 578 5195 Personam
596 5135 731 5192 tuam...
