4409 6017
951 716 1108 783 Neuvi‘eme
1128 706 1232 784 annio.

457 866 811 952 Apostolice'Sedis...

457 970 540 1036 Dat.
556 971 656 1039 Avin.
676 991 710 1037 11
730 969 799 1038 kal.
815 969 929 1055 aprilis
943 990 1036 1037 anno
1052 991 1082 1052 9.

404 1100 429 1144 ε
456 1072 501 1139 111
517 1096 547 1140 e.
557 1095 602 1140 m.
615 1074 775 1160 episcopo
790 1072 1090 1161 Carpentoratensi
1102 1081 1138 1140 et
1150 1075 1323 1162 preposito
1332 1096 1373 1143 ac
1382 1076 1623 1145 archidiacono
1637 1078 1778 1146 ecclesie

424 1178 677 1246 omberiensis.

443 1314 651 1378 1188118221.
664 1318 742 1377 550'3
757 1316 813 1365 Vnt.
832 1318 873 1377 78,
885 1316 904 1365 f.
917 1317 976 1365 365*
997 1331 1023 1366 n.
1037 1318 1108 1367 1062.

404 1550 408 1568 .
459 1488 610 1574 1503.
1459 1524 1554 1589 1325,
1570 1526 1614 1589 25
1629 1528 1732 1576 mors.

455 1606 637 1693 Preposito
653 1605 844 1674 Basiliensis
859 1613 895 1672 et
910 1606 1039 1675 Poncio
1054 1608 1220 1693 Textoris‚
1237 1611 1401 1678 canonico
1414 1610 1611 1678 Leodiensis
1625 1612 1782 1679 ecclesia-

403 1730 501 1792 rum,
518 1710 671 1778 scribitur
687 1730 787 1797 super
800 1710 1017 1778 restitutione
1031 1714 1198 1780 bonorum
1214 1715 1364 1802 episcopi
1381 1713 1586 1781 Basiliensis.

459 1812 550 1879 Cum
566 1814 864 1900 dispositionem...

459 1916 540 1983 Dat.
557 1925 708 2007 utsupra
728 1918 764 2005 [8
774 1917 841 1984 kal.
857 1918 970 2006 aprilis
985 1940 1075 1987 anno
1093 1920 1143 2007 9].

445 2054 582 2117 1188118.
598 2055 683 2115 nar.
701 2056 791 2115 18111.
807 2055 863 2105 888.

466 2222 616 2309 1504.
1459 2254 1557 2320 1325,
1572 2256 1616 2321 29
1632 2256 1738 2302 mars.

458 2340 588 2406 Abbati
604 2340 799 2405 monasterii
817 2339 855 2407 B.
873 2337 981 2405 Marie
997 2338 1312 2426 Luxemburgensis,
1336 2341 1550 2408 Treverensis
1572 2338 1727 2419 diocesis,
1750 2348 1785 2404 et

404 2445 592 2533 preposito
615 2443 831 2510 Treverensis
851 2463 892 2509 ac
912 2443 1102 2529 primicerio
1129 2442 1348 2510 Virdunensis
1375 2444 1593 2512 ecclesiarum
1608 2441 1786 2509 mandatur

408 2556 587 2634 quatenus
602 2546 637 2611 in
653 2546 871 2633 infrascriptis
886 2546 1134 2613 cathedralibus
1158 2554 1193 2613 et
1218 2547 1415 2633 collegiatis,
1443 2546 1601 2613 videlicet
1617 2544 1785 2631 Pragensi,

414 2650 661 2719 Colomucensi
676 2661 700 2732 ⁰,
725 2649 916 2731 Leodiensi,
944 2648 1189 2733 cameracensi,
1222 2650 1486 2719 Cathalaunensi
1517 2670 1652 2718 necnon
1683 2657 1720 2714 et
1751 2649 1785 2714 in

415 2756 451 2823 S.
471 2754 567 2820 Pauli
592 2763 626 2819 et
649 2754 681 2819 S.
703 2751 869 2831 Johannis
889 2752 1139 2836 Leodiensium,
1162 2754 1194 2821 S.
1211 2752 1321 2821 Marie
1336 2754 1562 2841 Trajectensis
1576 2760 1612 2819 et
1627 2753 1660 2819 S.
1676 2750 1785 2818 Marie

415 2858 464 2925 de
481 2856 693 2943 Aquisgrani,
710 2856 907 2923 Leodiensis
921 2856 1076 2940 diocesis
1101 2858 1252 2925 ecclesiis
1276 2858 1422 2945 singulas
1442 2877 1603 2946 personas
1627 2876 1709 2941 quas
1727 2853 1747 2933 J
1750 2876 1785 2921 o·

414 2962 565 3041 harnes.
591 2981 649 3027 rex
680 2958 830 3042 Boemie‚
856 2960 1004 3047 elegerit,
1027 2959 1062 3027 in
1088 2961 1270 3029 canonicos
1294 2964 1356 3028 sub
1378 2961 1619 3049 expectatione
1645 2963 1786 3047 preben-
1871 2983 1873 2987 ·

413 3065 540 3133 darum
556 3064 658 3150 recipi
679 3063 817 3131 faciant.

465 3167 566 3234 Clara
581 3168 784 3235 virtutum...

464 3272 549 3338 Dat.
564 3273 665 3340 Avin.
678 3296 697 3359 4
713 3273 781 3339 kal.
798 3274 912 3361 aprilis
927 3295 1018 3342 anno
1035 3296 1065 3357 9.

451 3415 518 3477 neg.
533 3417 581 3465 Ar.
596 3416 635 3473 23,
648 3414 667 3464 f.
678 3414 726 3474 983
739 3415 799 3464 Vnt.
815 3416 853 3474 79,
867 3415 887 3468 f.
902 3418 952 3475 25'‚
963 3430 989 3466 n.
1006 3417 1076 3466 1282.

471 3583 618 3669 1505-
1467 3610 1564 3676 1325,
1575 3612 1623 3675 30
1639 3612 1743 3657 mars.

467 3700 617 3780 Johanni
648 3701 800 3769 Walterii
830 3702 873 3769 de
907 3702 1156 3788 Serenocampo
1186 3700 1357 3768 confertur
1392 3696 1612 3764 canonicatus
1648 3694 1788 3760 ecclesie

420 3806 456 3873 S.
475 3804 566 3870 Petri
582 3804 782 3872 Leodiensis
797 3809 858 3873 sub
871 3806 1108 3893 expectatione
1123 3804 1304 3893 prebende.

469 3909 543 3996 Tue
559 3910 718 3975 merita...

472 4014 551 4079 Dat.
566 4014 666 4080 Avin.
684 4034 701 4098 3
718 4013 785 4081 1181.
801 4014 913 4101 aprilis
927 4034 1019 4081 anno
1035 4034 1064 4095 9.

471 4117 513 4182 111
529 4137 619 4184 em.
635 4118 748 4184 abbati
764 4119 958 4185 monasterii
976 4118 1007 4185 S.
1023 4115 1143 4195 Jacobi
1158 4123 1194 4182 et
1209 4116 1382 4203 preposito
1395 4117 1426 4184 S.
1440 4115 1534 4182 Pauli
1545 4110 1791 4180 Leodiensisac

422 4221 663 4289 archidiacono
680 4220 918 4288 Cavallicensis
933 4221 1161 4288 ecclesiarum.

460 4368 524 4429 Reg.
539 4370 585 4418 Ar.
601 4370 639 4426 22,
652 4367 672 4417 f.
687 4368 734 4415 191
744 4384 751 4426 ;
763 4366 822 4417 Vnt.
834 4369 871 4425 78,
885 4367 903 4416 f.
919 4368 975 4426 320,
990 4381 1015 4415 n.
1030 4367 1087 4417 938.

474 4536 618 4621 1506.
1471 4566 1567 4630 1325,
1579 4568 1628 4629 30
1645 4567 1747 4611 marr.

470 4656 575 4721 Petro
599 4654 691 4721 dicto
715 4656 758 4722 de
783 4657 880 4742 Equo
899 4657 1069 4724 confertur
1092 4657 1311 4722 canonicatus
1336 4654 1478 4721 ecclesie
1501 4653 1533 4719 S.
1551 4650 1689 4717 Martini
1706 4649 1791 4714 Leo-

422 4759 552 4826 diensis
567 4763 627 4824 sub
644 4761 879 4845 expectatione
895 4760 1076 4847 prebende.

472 4863 655 4928 Laudabile
669 4864 945 4930 testimonium...

472 4968 556 5032 Dat.
567 4967 668 5032 Avin.
686 4987 703 5051 3
721 4966 787 5033 kal.
804 4968 918 5054 aprilis
933 4988 1024 5034 anno
1041 4989 1070 5050 9.

459 5160 485 5197 u.
499 5142 631 5196 colonien.
646 5160 696 5210 rep.
718 5146 775 5203 Vaf,
