<?xml version="1.0" encoding="UTF-8"?>
<!DOCTYPE html PUBLIC "-//W3C//DTD XHTML 1.0 Transitional//EN"
    "http://www.w3.org/TR/xhtml1/DTD/xhtml1-transitional.dtd">
<html xmlns="http://www.w3.org/1999/xhtml" xml:lang="en" lang="en">
 <head>
  <title>
</title>
<meta http-equiv="Content-Type" content="text/html;charset=utf-8" />
  <meta name='ocr-system' content='tesseract 3.04.00' />
  <meta name='ocr-capabilities' content='ocr_page ocr_carea ocr_par ocr_line ocrx_word'/>
</head>
<body>
  <div class='ocr_page' id='page_1' title='image "./lettresdejeanxx00xxiigoog_0565.png"; bbox 0 0 4409 6017; ppageno 0'>
   <div class='ocr_carea' id='block_1_1' title="bbox 892 725 1711 794">
    <p class='ocr_par' dir='ltr' id='par_1_1' title="bbox 892 725 1711 794">
     <span class='ocr_line' id='line_1_1' title="bbox 892 725 1711 794; baseline -0.001 -2"><span class='ocrx_word' id='word_1_1' title='bbox 892 725 1039 793; x_wconf 75' lang='lat' dir='ltr'>Huitieme</span> <span class='ocrx_word' id='word_1_2' title='bbox 1060 729 1163 794; x_wconf 73' lang='lat' dir='ltr'>annae.</span> <span class='ocrx_word' id='word_1_3' title='bbox 1648 725 1711 792; x_wconf 81' lang='lat'>479</span> 
     </span>
    </p>
   </div>
   <div class='ocr_carea' id='block_1_2' title="bbox 309 874 1715 2000">
    <p class='ocr_par' dir='ltr' id='par_1_2' title="bbox 309 874 1714 1274">
     <span class='ocr_line' id='line_1_2' title="bbox 309 874 1714 965; baseline -0.002 -21"><span class='ocrx_word' id='word_1_4' title='bbox 309 875 483 964; x_wconf 69' lang='lat' dir='ltr'>&#39;ignarus</span> <span class='ocrx_word' id='word_1_5' title='bbox 502 876 651 944; x_wconf 82' lang='lat' dir='ltr'>fortassis</span> <span class='ocrx_word' id='word_1_6' title='bbox 667 887 704 943; x_wconf 92' lang='lat' dir='ltr'>ut</span> <span class='ocrx_word' id='word_1_7' title='bbox 721 896 812 964; x_wconf 88' lang='lat' dir='ltr'>puer,</span> <span class='ocrx_word' id='word_1_8' title='bbox 830 885 922 942; x_wconf 92' lang='lat' dir='ltr'>certa</span> <span class='ocrx_word' id='word_1_9' title='bbox 937 876 1189 962; x_wconf 87' lang='lat' dir='ltr'>indaginatione</span> <span class='ocrx_word' id='word_1_10' title='bbox 1205 877 1385 965; x_wconf 89' lang='lat' dir='ltr'>perquires,</span> <span class='ocrx_word' id='word_1_11' title='bbox 1409 875 1481 958; x_wconf 91' lang='lat' dir='ltr'>tibi,</span> <span class='ocrx_word' id='word_1_12' title='bbox 1498 874 1553 955; x_wconf 89' lang='lat' dir='ltr'>fili,</span> <span class='ocrx_word' id='word_1_13' title='bbox 1571 875 1714 942; x_wconf 88' lang='lat' dir='ltr'>fideliter</span> 
     </span>
     <span class='ocr_line' id='line_1_3' title="bbox 338 980 1713 1066; baseline -0.004 -16"><span class='ocrx_word' id='word_1_14' title='bbox 338 985 394 1050; x_wconf 89' lang='lat' dir='ltr'>tui</span> <span class='ocrx_word' id='word_1_15' title='bbox 412 984 559 1049; x_wconf 91' lang='lat' dir='ltr'>referent</span> <span class='ocrx_word' id='word_1_16' title='bbox 578 982 737 1061; x_wconf 89' lang='lat' dir='ltr'>seniores,</span> <span class='ocrx_word' id='word_1_17' title='bbox 764 988 799 1046; x_wconf 92' lang='lat' dir='ltr'>et</span> <span class='ocrx_word' id='word_1_18' title='bbox 827 980 1023 1066; x_wconf 85' lang='lat' dir='ltr'>Raynaldus</span> <span class='ocrx_word' id='word_1_19' title='bbox 1039 981 1129 1047; x_wconf 93' lang='lat' dir='ltr'>idem</span> <span class='ocrx_word' id='word_1_20' title='bbox 1154 1004 1195 1048; x_wconf 89' lang='lat' dir='ltr'>ex</span> <span class='ocrx_word' id='word_1_21' title='bbox 1212 982 1276 1048; x_wconf 91' lang='lat' dir='ltr'>hiis</span> <span class='ocrx_word' id='word_1_22' title='bbox 1301 1002 1370 1048; x_wconf 94' lang='lat' dir='ltr'>non</span> <span class='ocrx_word' id='word_1_23' title='bbox 1395 980 1505 1045; x_wconf 91' lang='lat' dir='ltr'>minus</span> <span class='ocrx_word' id='word_1_24' title='bbox 1528 987 1585 1045; x_wconf 92' lang='lat' dir='ltr'>tue</span> <span class='ocrx_word' id='word_1_25' title='bbox 1612 1001 1713 1065; x_wconf 90' lang='lat' dir='ltr'>quam</span> 
     </span>
     <span class='ocr_line' id='line_1_4' title="bbox 339 1083 1714 1172; baseline -0.001 -20"><span class='ocrx_word' id='word_1_26' title='bbox 339 1086 440 1152; x_wconf 87' lang='lat' dir='ltr'>avite</span> <span class='ocrx_word' id='word_1_27' title='bbox 455 1087 561 1172; x_wconf 92' lang='lat' dir='ltr'>gratie</span> <span class='ocrx_word' id='word_1_28' title='bbox 577 1086 716 1151; x_wconf 89' lang='lat' dir='ltr'>meritus</span> <span class='ocrx_word' id='word_1_29' title='bbox 732 1091 887 1150; x_wconf 90' lang='lat' dir='ltr'>censetur</span> <span class='ocrx_word' id='word_1_30' title='bbox 903 1086 1054 1150; x_wconf 91' lang='lat' dir='ltr'>laborum</span> <span class='ocrx_word' id='word_1_31' title='bbox 1071 1086 1142 1171; x_wconf 83' lang='lat' dir='ltr'>ejus</span> <span class='ocrx_word' id='word_1_32' title='bbox 1164 1085 1334 1172; x_wconf 91' lang='lat' dir='ltr'>stipendio</span> <span class='ocrx_word' id='word_1_33' title='bbox 1348 1106 1417 1151; x_wconf 92' lang='lat' dir='ltr'>non</span> <span class='ocrx_word' id='word_1_34' title='bbox 1434 1084 1623 1171; x_wconf 90' lang='lat' dir='ltr'>privandus.</span> <span class='ocrx_word' id='word_1_35' title='bbox 1641 1083 1714 1150; x_wconf 87' lang='lat' dir='ltr'>No-</span> 
     </span>
     <span class='ocr_line' id='line_1_5' title="bbox 337 1188 1713 1274; baseline -0.002 -19"><span class='ocrx_word' id='word_1_36' title='bbox 337 1188 514 1255; x_wconf 91' lang='lat' dir='ltr'>bilitatem</span> <span class='ocrx_word' id='word_1_37' title='bbox 541 1197 634 1255; x_wconf 92' lang='lat' dir='ltr'>tuam</span> <span class='ocrx_word' id='word_1_38' title='bbox 661 1208 818 1272; x_wconf 83' lang='lat' dir='ltr'>rogamus</span> <span class='ocrx_word' id='word_1_39' title='bbox 842 1195 877 1252; x_wconf 91' lang='lat' dir='ltr'>et</span> <span class='ocrx_word' id='word_1_40' title='bbox 902 1188 1076 1254; x_wconf 79' lang='lat' dir='ltr'>hortamur</span> <span class='ocrx_word' id='word_1_41' title='bbox 1102 1197 1245 1269; x_wconf 89' lang='lat' dir='ltr'>attente,</span> <span class='ocrx_word' id='word_1_42' title='bbox 1273 1197 1439 1274; x_wconf 90' lang='lat' dir='ltr'>quatenus</span> <span class='ocrx_word' id='word_1_43' title='bbox 1469 1188 1597 1253; x_wconf 91' lang='lat' dir='ltr'>habens</span> <span class='ocrx_word' id='word_1_44' title='bbox 1626 1209 1713 1269; x_wconf 87' lang='lat' dir='ltr'>eum,</span> 
     </span>
    </p>

    <p class='ocr_par' dir='ltr' id='par_1_3' title="bbox 309 1291 1715 2000">
     <span class='ocr_line' id='line_1_6' title="bbox 309 1291 1714 1379; baseline 0.001 -23"><span class='ocrx_word' id='word_1_45' title='bbox 309 1365 312 1372; x_wconf 45' lang='grc'><em>,</em></span> <span class='ocrx_word' id='word_1_46' title='bbox 338 1313 452 1378; x_wconf 92' lang='lat' dir='ltr'>quem</span> <span class='ocrx_word' id='word_1_47' title='bbox 473 1294 620 1378; x_wconf 88' lang='lat' dir='ltr'>benigno</span> <span class='ocrx_word' id='word_1_48' title='bbox 636 1292 751 1357; x_wconf 92' lang='lat' dir='ltr'>favore</span> <span class='ocrx_word' id='word_1_49' title='bbox 767 1291 1009 1378; x_wconf 88' lang='lat' dir='ltr'>prosequimur,</span> <span class='ocrx_word' id='word_1_50' title='bbox 1031 1313 1091 1378; x_wconf 92' lang='lat' dir='ltr'>pro</span> <span class='ocrx_word' id='word_1_51' title='bbox 1114 1302 1228 1359; x_wconf 91' lang='lat' dir='ltr'>nostra</span> <span class='ocrx_word' id='word_1_52' title='bbox 1252 1300 1287 1357; x_wconf 91' lang='lat' dir='ltr'>et</span> <span class='ocrx_word' id='word_1_53' title='bbox 1309 1291 1494 1379; x_wconf 89' lang='lat' dir='ltr'>apostolice</span> <span class='ocrx_word' id='word_1_54' title='bbox 1511 1292 1605 1358; x_wconf 85' lang='lat' dir='ltr'>Sedis</span> <span class='ocrx_word' id='word_1_55' title='bbox 1620 1312 1714 1357; x_wconf 89' lang='lat' dir='ltr'>reve-</span> 
     </span>
     <span class='ocr_line' id='line_1_7' title="bbox 337 1396 1714 1484; baseline -0.002 -21"><span class='ocrx_word' id='word_1_56' title='bbox 337 1397 466 1477; x_wconf 90' lang='lat' dir='ltr'>rentia,</span> <span class='ocrx_word' id='word_1_57' title='bbox 491 1397 688 1484; x_wconf 85' lang='lat' dir='ltr'>propensius</span> <span class='ocrx_word' id='word_1_58' title='bbox 711 1396 998 1476; x_wconf 90' lang='lat' dir='ltr'>commendatum,</span> <span class='ocrx_word' id='word_1_59' title='bbox 1023 1418 1153 1463; x_wconf 90' lang='lat' dir='ltr'>annuos</span> <span class='ocrx_word' id='word_1_60' title='bbox 1179 1396 1328 1464; x_wconf 90' lang='lat' dir='ltr'>redditus</span> <span class='ocrx_word' id='word_1_61' title='bbox 1358 1417 1417 1482; x_wconf 90' lang='lat' dir='ltr'>per</span> <span class='ocrx_word' id='word_1_62' title='bbox 1444 1396 1587 1461; x_wconf 89' lang='lat' dir='ltr'>eundem</span> <span class='ocrx_word' id='word_1_63' title='bbox 1614 1417 1714 1461; x_wconf 88' lang='lat' dir='ltr'>avum</span> 
     </span>
     <span class='ocr_line' id='line_1_8' title="bbox 337 1500 1714 1588; baseline -0.001 -21"><span class='ocrx_word' id='word_1_64' title='bbox 337 1509 446 1567; x_wconf 91' lang='lat' dir='ltr'>tuum</span> <span class='ocrx_word' id='word_1_65' title='bbox 477 1522 537 1588; x_wconf 94' lang='lat' dir='ltr'>pro</span> <span class='ocrx_word' id='word_1_66' title='bbox 553 1502 769 1566; x_wconf 90' lang='lat' dir='ltr'>serviciorum</span> <span class='ocrx_word' id='word_1_67' title='bbox 793 1500 954 1585; x_wconf 90' lang='lat' dir='ltr'>rependio</span> <span class='ocrx_word' id='word_1_68' title='bbox 978 1500 1051 1582; x_wconf 88' lang='lat' dir='ltr'>sibi,</span> <span class='ocrx_word' id='word_1_69' title='bbox 1067 1502 1148 1567; x_wconf 90' lang='lat' dir='ltr'>dum</span> <span class='ocrx_word' id='word_1_70' title='bbox 1165 1502 1267 1583; x_wconf 87' lang='lat' dir='ltr'>vivet,</span> <span class='ocrx_word' id='word_1_71' title='bbox 1285 1502 1371 1567; x_wconf 89' lang='lat' dir='ltr'>sicut</span> <span class='ocrx_word' id='word_1_72' title='bbox 1393 1500 1521 1579; x_wconf 91' lang='lat' dir='ltr'>asserit,</span> <span class='ocrx_word' id='word_1_73' title='bbox 1537 1500 1714 1580; x_wconf 90' lang='lat' dir='ltr'>stabilitos,</span> 
     </span>
     <span class='ocr_line' id='line_1_9' title="bbox 338 1603 1715 1690; baseline -0.001 -19"><span class='ocrx_word' id='word_1_74' title='bbox 338 1605 376 1671; x_wconf 91' lang='lat' dir='ltr'>ei</span> <span class='ocrx_word' id='word_1_75' title='bbox 393 1606 499 1670; x_wconf 91' lang='lat' dir='ltr'>libere</span> <span class='ocrx_word' id='word_1_76' title='bbox 514 1605 616 1671; x_wconf 88' lang='lat' dir='ltr'>facias</span> <span class='ocrx_word' id='word_1_77' title='bbox 628 1604 788 1684; x_wconf 88' lang='lat' dir='ltr'>exhiberi,</span> <span class='ocrx_word' id='word_1_78' title='bbox 799 1604 846 1670; x_wconf 92' lang='lat' dir='ltr'>sic</span> <span class='ocrx_word' id='word_1_79' title='bbox 858 1603 1048 1688; x_wconf 80' lang='lat' dir='ltr'>hujusmodi</span> <span class='ocrx_word' id='word_1_80' title='bbox 1059 1614 1174 1672; x_wconf 89' lang='lat' dir='ltr'>nostra</span> <span class='ocrx_word' id='word_1_81' title='bbox 1184 1605 1364 1690; x_wconf 90' lang='lat' dir='ltr'>rogamina,</span> <span class='ocrx_word' id='word_1_82' title='bbox 1381 1613 1544 1689; x_wconf 89' lang='lat' dir='ltr'>quantum</span> <span class='ocrx_word' id='word_1_83' title='bbox 1554 1604 1715 1670; x_wconf 91' lang='lat' dir='ltr'>honestas</span> 
     </span>
     <span class='ocr_line' id='line_1_10' title="bbox 335 1707 1714 1796; baseline -0.001 -23"><span class='ocrx_word' id='word_1_84' title='bbox 335 1709 487 1796; x_wconf 89' lang='lat' dir='ltr'>patitur,</span> <span class='ocrx_word' id='word_1_85' title='bbox 503 1708 684 1775; x_wconf 89' lang='lat' dir='ltr'>efficaciter</span> <span class='ocrx_word' id='word_1_86' title='bbox 699 1709 905 1793; x_wconf 90' lang='lat' dir='ltr'>impleturus,</span> <span class='ocrx_word' id='word_1_87' title='bbox 917 1708 1006 1791; x_wconf 91' lang='lat' dir='ltr'>quod</span> <span class='ocrx_word' id='word_1_88' title='bbox 1022 1708 1125 1793; x_wconf 92' lang='lat' dir='ltr'>ipsius</span> <span class='ocrx_word' id='word_1_89' title='bbox 1142 1708 1308 1794; x_wconf 88' lang='lat' dir='ltr'>Raynaldi</span> <span class='ocrx_word' id='word_1_90' title='bbox 1324 1728 1393 1773; x_wconf 90' lang='lat' dir='ltr'>non</span> <span class='ocrx_word' id='word_1_91' title='bbox 1412 1707 1588 1773; x_wconf 83' lang='lat' dir='ltr'>frustretur</span> <span class='ocrx_word' id='word_1_92' title='bbox 1605 1708 1714 1773; x_wconf 92' lang='lat' dir='ltr'>inten-</span> 
     </span>
     <span class='ocr_line' id='line_1_11' title="bbox 337 1811 1713 1899; baseline -0.001 -21"><span class='ocrx_word' id='word_1_93' title='bbox 337 1812 409 1893; x_wconf 83' lang='lat' dir='ltr'>tio,</span> <span class='ocrx_word' id='word_1_94' title='bbox 436 1834 563 1898; x_wconf 88' lang='lat' dir='ltr'>nosque</span> <span class='ocrx_word' id='word_1_95' title='bbox 585 1821 765 1899; x_wconf 91' lang='lat' dir='ltr'>propterea</span> <span class='ocrx_word' id='word_1_96' title='bbox 789 1820 846 1875; x_wconf 90' lang='lat' dir='ltr'>tue</span> <span class='ocrx_word' id='word_1_97' title='bbox 873 1811 1063 1878; x_wconf 87' lang='lat' dir='ltr'>devotionis</span> <span class='ocrx_word' id='word_1_98' title='bbox 1088 1812 1248 1878; x_wconf 86' lang='lat' dir='ltr'>affectum</span> <span class='ocrx_word' id='word_1_99' title='bbox 1278 1811 1388 1896; x_wconf 88' lang='lat' dir='ltr'>dignis</span> <span class='ocrx_word' id='word_1_100' title='bbox 1411 1831 1653 1896; x_wconf 89' lang='lat' dir='ltr'>prosequamur</span> <span class='ocrx_word' id='word_1_101' title='bbox 1679 1811 1713 1876; x_wconf 94' lang='lat' dir='ltr'>in</span> 
     </span>
     <span class='ocr_line' id='line_1_12' title="bbox 339 1914 1584 2000; baseline -0.003 -19"><span class='ocrx_word' id='word_1_102' title='bbox 339 1916 503 1981; x_wconf 92' lang='lat' dir='ltr'>Domino</span> <span class='ocrx_word' id='word_1_103' title='bbox 518 1916 707 1982; x_wconf 85' lang='lat' dir='ltr'>actionibus</span> <span class='ocrx_word' id='word_1_104' title='bbox 721 1914 911 2000; x_wconf 89' lang='lat' dir='ltr'>gratiarum.</span> <span class='ocrx_word' id='word_1_105' title='bbox 929 1915 1007 1981; x_wconf 90' lang='lat' dir='ltr'>Dat.</span> <span class='ocrx_word' id='word_1_106' title='bbox 1023 1916 1123 1982; x_wconf 84' lang='lat' dir='ltr'>Avin.</span> <span class='ocrx_word' id='word_1_107' title='bbox 1134 1916 1243 1982; x_wconf 89' lang='lat' dir='ltr'>idibus</span> <span class='ocrx_word' id='word_1_108' title='bbox 1259 1914 1410 1981; x_wconf 87' lang='lat' dir='ltr'>februarii</span> <span class='ocrx_word' id='word_1_109' title='bbox 1427 1935 1517 1980; x_wconf 90' lang='lat' dir='ltr'>anno</span> <span class='ocrx_word' id='word_1_110' title='bbox 1534 1918 1584 1981; x_wconf 79' lang='lat'>8.»</span> 
     </span>
    </p>
   </div>
   <div class='ocr_carea' id='block_1_3' title="bbox 383 2056 903 2119">
    <p class='ocr_par' dir='ltr' id='par_1_4' title="bbox 383 2056 903 2119">
     <span class='ocr_line' id='line_1_13' title="bbox 383 2056 903 2119; baseline 0.006 -16"><span class='ocrx_word' id='word_1_111' title='bbox 383 2056 447 2116; x_wconf 86' lang='lat' dir='ltr'>Reg.</span> <span class='ocrx_word' id='word_1_112' title='bbox 461 2056 518 2104; x_wconf 86' lang='lat' dir='ltr'>Vat.</span> <span class='ocrx_word' id='word_1_113' title='bbox 534 2059 588 2115; x_wconf 83' lang='lat'>112,</span> <span class='ocrx_word' id='word_1_114' title='bbox 602 2069 661 2119; x_wconf 81' lang='lat' dir='ltr'>pars</span> <span class='ocrx_word' id='word_1_115' title='bbox 670 2056 704 2115; x_wconf 94' lang='lat' dir='ltr'>ll,</span> <span class='ocrx_word' id='word_1_116' title='bbox 717 2056 735 2104; x_wconf 87' lang='lat' dir='ltr'>f.</span> <span class='ocrx_word' id='word_1_117' title='bbox 750 2058 799 2113; x_wconf 83' lang='lat'>17&#39;,</span> <span class='ocrx_word' id='word_1_118' title='bbox 809 2070 836 2103; x_wconf 92' lang='grc'>11.</span> <span class='ocrx_word' id='word_1_119' title='bbox 849 2058 903 2106; x_wconf 78' lang='grc'><em>1183.</em></span> 
     </span>
    </p>
   </div>
   <div class='ocr_carea' id='block_1_4' title="bbox 339 2220 1717 2944">
    <p class='ocr_par' dir='ltr' id='par_1_5' title="bbox 399 2220 1673 2310">
     <span class='ocr_line' id='line_1_14' title="bbox 399 2220 1673 2310; baseline 0.001 -23"><span class='ocrx_word' id='word_1_120' title='bbox 399 2220 540 2303; x_wconf 84' lang='grc'><em>1292,</em></span> <span class='ocrx_word' id='word_1_121' title='bbox 1367 2243 1463 2306; x_wconf 76' lang='lat'><em>1324,</em></span> <span class='ocrx_word' id='word_1_122' title='bbox 1479 2244 1521 2305; x_wconf 72' lang='lat'>15</span> <span class='ocrx_word' id='word_1_123' title='bbox 1529 2223 1673 2310; x_wconf 59' lang='lat' dir='ltr'>scorrer.</span> 
     </span>
    </p>

    <p class='ocr_par' dir='ltr' id='par_1_6' title="bbox 339 2336 1717 2719">
     <span class='ocr_line' id='line_1_15' title="bbox 394 2336 1717 2423; baseline 0 -18"><span class='ocrx_word' id='word_1_124' title='bbox 394 2342 549 2405; x_wconf 86' lang='lat' dir='ltr'>Roberto</span> <span class='ocrx_word' id='word_1_125' title='bbox 560 2338 603 2403; x_wconf 93' lang='lat' dir='ltr'>de</span> <span class='ocrx_word' id='word_1_126' title='bbox 626 2338 782 2403; x_wconf 88' lang='lat' dir='ltr'>Flandria</span> <span class='ocrx_word' id='word_1_127' title='bbox 805 2336 983 2402; x_wconf 90' lang='lat' dir='ltr'>mandatur</span> <span class='ocrx_word' id='word_1_128' title='bbox 1005 2345 1170 2422; x_wconf 90' lang='lat' dir='ltr'>quatenus</span> <span class='ocrx_word' id='word_1_129' title='bbox 1190 2337 1280 2423; x_wconf 90' lang='lat' dir='ltr'>apud</span> <span class='ocrx_word' id='word_1_130' title='bbox 1308 2338 1529 2420; x_wconf 85' lang='lat' dir='ltr'>Ludovicum,</span> <span class='ocrx_word' id='word_1_131' title='bbox 1555 2342 1717 2406; x_wconf 91' lang='lat' dir='ltr'>comitem</span> 
     </span>
     <span class='ocr_line' id='line_1_16' title="bbox 339 2441 1717 2527; baseline -0.002 -15"><span class='ocrx_word' id='word_1_132' title='bbox 339 2444 522 2524; x_wconf 90' lang='lat' dir='ltr'>Flandrie,</span> <span class='ocrx_word' id='word_1_133' title='bbox 538 2450 698 2527; x_wconf 87' lang='lat' dir='ltr'>nepotem</span> <span class='ocrx_word' id='word_1_134' title='bbox 723 2463 830 2521; x_wconf 90' lang='lat' dir='ltr'>suum,</span> <span class='ocrx_word' id='word_1_135' title='bbox 846 2451 959 2527; x_wconf 88' lang='lat' dir='ltr'>partes</span> <span class='ocrx_word' id='word_1_136' title='bbox 974 2462 1049 2507; x_wconf 89' lang='lat' dir='ltr'>suas</span> <span class='ocrx_word' id='word_1_137' title='bbox 1072 2441 1276 2527; x_wconf 90' lang='lat' dir='ltr'>interponat,</span> <span class='ocrx_word' id='word_1_138' title='bbox 1293 2450 1330 2508; x_wconf 93' lang='lat' dir='ltr'>ut</span> <span class='ocrx_word' id='word_1_139' title='bbox 1354 2441 1464 2509; x_wconf 91' lang='lat' dir='ltr'>dictus</span> <span class='ocrx_word' id='word_1_140' title='bbox 1488 2465 1602 2510; x_wconf 91' lang='lat' dir='ltr'>comes</span> <span class='ocrx_word' id='word_1_141' title='bbox 1624 2445 1717 2510; x_wconf 91' lang='lat' dir='ltr'>dicto</span> 
     </span>
     <span class='ocr_line' id='line_1_17' title="bbox 340 2545 1717 2634; baseline -0.001 -18"><span class='ocrx_word' id='word_1_142' title='bbox 340 2547 534 2634; x_wconf 84' lang='lat' dir='ltr'>Raynaldo</span> <span class='ocrx_word' id='word_1_143' title='bbox 548 2546 688 2611; x_wconf 84' lang='lat' dir='ltr'>Zenardi</span> <span class='ocrx_word' id='word_1_144' title='bbox 705 2545 746 2612; x_wconf 92' lang='lat' dir='ltr'>de</span> <span class='ocrx_word' id='word_1_145' title='bbox 763 2545 880 2611; x_wconf 90' lang='lat' dir='ltr'>Laudo</span> <span class='ocrx_word' id='word_1_146' title='bbox 897 2546 982 2630; x_wconf 83' lang='lat' dir='ltr'>(aoy.</span> <span class='ocrx_word' id='word_1_147' title='bbox 1005 2567 1037 2610; x_wconf 84' lang='lat' dir='ltr'>n.</span> <span class='ocrx_word' id='word_1_148' title='bbox 1055 2547 1155 2629; x_wconf 80' lang='lat'><em>1291)</em></span> <span class='ocrx_word' id='word_1_149' title='bbox 1173 2554 1283 2611; x_wconf 89' lang='lat' dir='ltr'>certos</span> <span class='ocrx_word' id='word_1_150' title='bbox 1298 2546 1448 2612; x_wconf 91' lang='lat' dir='ltr'>redditus</span> <span class='ocrx_word' id='word_1_151' title='bbox 1463 2569 1593 2614; x_wconf 90' lang='lat' dir='ltr'>annuos</span> <span class='ocrx_word' id='word_1_152' title='bbox 1618 2548 1717 2615; x_wconf 87' lang='lat' dir='ltr'>faciat</span> 
     </span>
     <span class='ocr_line' id='line_1_18' title="bbox 342 2650 518 2719; baseline -0.028 0"><span class='ocrx_word' id='word_1_153' title='bbox 342 2650 518 2719; x_wconf 87' lang='lat' dir='ltr'>exhiberi.</span> 
     </span>
    </p>

    <p class='ocr_par' dir='ltr' id='par_1_7' title="bbox 399 2754 746 2821">
     <span class='ocr_line' id='line_1_19' title="bbox 399 2754 694 2821; baseline -0.006 0"><span class='ocrx_word' id='word_1_154' title='bbox 399 2756 469 2821; x_wconf 91' lang='lat' dir='ltr'>Pro</span> <span class='ocrx_word' id='word_1_155' title='bbox 484 2755 609 2821; x_wconf 92' lang='lat' dir='ltr'>dilecto</span> <span class='ocrx_word' id='word_1_156' title='bbox 626 2754 694 2819; x_wconf 93' lang='lat' dir='ltr'>filio</span> 
     </span>
    </p>

    <p class='ocr_par' dir='ltr' id='par_1_8' title="bbox 396 2856 1131 2944">
     <span class='ocr_line' id='line_1_20' title="bbox 396 2856 1131 2944; baseline -0.003 -19"><span class='ocrx_word' id='word_1_157' title='bbox 396 2862 480 2926; x_wconf 87' lang='lat' dir='ltr'>Dat.</span> <span class='ocrx_word' id='word_1_158' title='bbox 497 2867 646 2944; x_wconf 88' lang='lat' dir='ltr'>utsupra</span> <span class='ocrx_word' id='word_1_159' title='bbox 666 2858 791 2944; x_wconf 85' lang='lat' dir='ltr'>[idibus</span> <span class='ocrx_word' id='word_1_160' title='bbox 807 2857 959 2922; x_wconf 89' lang='lat' dir='ltr'>februarii</span> <span class='ocrx_word' id='word_1_161' title='bbox 973 2878 1064 2923; x_wconf 92' lang='lat' dir='ltr'>anno</span> <span class='ocrx_word' id='word_1_162' title='bbox 1081 2856 1131 2944; x_wconf 84' lang='lat'>8].</span> 
     </span>
    </p>
   </div>
   <div class='ocr_carea' id='block_1_5' title="bbox 383 2996 896 3059">
    <p class='ocr_par' dir='ltr' id='par_1_9' title="bbox 383 2996 896 3059">
     <span class='ocr_line' id='line_1_21' title="bbox 383 2996 896 3059; baseline -0.004 -13"><span class='ocrx_word' id='word_1_163' title='bbox 383 3000 450 3058; x_wconf 80' lang='lat' dir='ltr'>[teg.</span> <span class='ocrx_word' id='word_1_164' title='bbox 462 2997 521 3045; x_wconf 83' lang='lat' dir='ltr'>Vat.</span> <span class='ocrx_word' id='word_1_165' title='bbox 535 2999 588 3055; x_wconf 86' lang='lat'>112,</span> <span class='ocrx_word' id='word_1_166' title='bbox 601 3012 660 3059; x_wconf 87' lang='lat' dir='ltr'>pars</span> <span class='ocrx_word' id='word_1_167' title='bbox 673 2996 707 3056; x_wconf 90' lang='lat' dir='ltr'>ll,</span> <span class='ocrx_word' id='word_1_168' title='bbox 719 2997 738 3045; x_wconf 92' lang='lat' dir='ltr'>f.</span> <span class='ocrx_word' id='word_1_169' title='bbox 753 2998 789 3056; x_wconf 81' lang='lat'>18,</span> <span class='ocrx_word' id='word_1_170' title='bbox 802 3012 828 3043; x_wconf 91' lang='lat' dir='ltr'>n.</span> <span class='ocrx_word' id='word_1_171' title='bbox 841 2998 896 3044; x_wconf 74' lang='lat'>581.</span> 
     </span>
    </p>
   </div>
   <div class='ocr_carea' id='block_1_6' title="bbox 343 3155 1717 4186">
    <p class='ocr_par' dir='ltr' id='par_1_10' title="bbox 402 3155 1673 3245">
     <span class='ocr_line' id='line_1_22' title="bbox 402 3155 1673 3245; baseline 0.004 -26"><span class='ocrx_word' id='word_1_172' title='bbox 402 3155 545 3240; x_wconf 79' lang='grc'><em>1293,</em></span> <span class='ocrx_word' id='word_1_173' title='bbox 1370 3174 1466 3242; x_wconf 76' lang='lat'><em>1324,</em></span> <span class='ocrx_word' id='word_1_174' title='bbox 1484 3177 1526 3239; x_wconf 84' lang='lat'>15</span> <span class='ocrx_word' id='word_1_175' title='bbox 1533 3158 1673 3245; x_wconf 63' lang='lat' dir='ltr'>fourrer.</span> 
     </span>
    </p>

    <p class='ocr_par' dir='ltr' id='par_1_11' title="bbox 343 3271 1717 3772">
     <span class='ocr_line' id='line_1_23' title="bbox 395 3271 1717 3359; baseline 0.001 -20"><span class='ocrx_word' id='word_1_176' title='bbox 395 3273 417 3352; x_wconf 93' lang='lat' dir='ltr'><strong>J</strong></span> <span class='ocrx_word' id='word_1_177' title='bbox 421 3274 546 3339; x_wconf 88' lang='lat' dir='ltr'>ohanni</span> <span class='ocrx_word' id='word_1_178' title='bbox 582 3273 624 3339; x_wconf 92' lang='lat' dir='ltr'>de</span> <span class='ocrx_word' id='word_1_179' title='bbox 663 3272 772 3339; x_wconf 87' lang='lat' dir='ltr'>Ponte</span> <span class='ocrx_word' id='word_1_180' title='bbox 804 3271 1020 3337; x_wconf 91' lang='lat' dir='ltr'>conferuntur</span> <span class='ocrx_word' id='word_1_181' title='bbox 1044 3272 1262 3338; x_wconf 87' lang='lat' dir='ltr'>canonicatus</span> <span class='ocrx_word' id='word_1_182' title='bbox 1297 3282 1331 3338; x_wconf 93' lang='lat' dir='ltr'>et</span> <span class='ocrx_word' id='word_1_183' title='bbox 1368 3273 1539 3359; x_wconf 88' lang='lat' dir='ltr'>prebenda</span> <span class='ocrx_word' id='word_1_184' title='bbox 1578 3274 1717 3341; x_wconf 88' lang='lat' dir='ltr'>ecclesie</span> 
     </span>
     <span class='ocr_line' id='line_1_24' title="bbox 343 3374 1717 3462; baseline -0.001 -18"><span class='ocrx_word' id='word_1_185' title='bbox 343 3378 577 3444; x_wconf 91' lang='lat' dir='ltr'>Tomacensis</span> <span class='ocrx_word' id='word_1_186' title='bbox 599 3384 760 3442; x_wconf 91' lang='lat' dir='ltr'>vacantes</span> <span class='ocrx_word' id='word_1_187' title='bbox 777 3396 835 3462; x_wconf 91' lang='lat' dir='ltr'>per</span> <span class='ocrx_word' id='word_1_188' title='bbox 850 3376 980 3441; x_wconf 90' lang='lat' dir='ltr'>obitum</span> <span class='ocrx_word' id='word_1_189' title='bbox 997 3374 1215 3441; x_wconf 90' lang='lat' dir='ltr'>Vicecomitis</span> <span class='ocrx_word' id='word_1_190' title='bbox 1230 3376 1273 3441; x_wconf 91' lang='lat' dir='ltr'>de</span> <span class='ocrx_word' id='word_1_191' title='bbox 1289 3376 1552 3443; x_wconf 83' lang='lat' dir='ltr'>vicecomitibus</span> <span class='ocrx_word' id='word_1_192' title='bbox 1577 3378 1620 3443; x_wconf 96' lang='lat' dir='ltr'>de</span> <span class='ocrx_word' id='word_1_193' title='bbox 1644 3379 1717 3443; x_wconf 90' lang='lat' dir='ltr'>Pla-</span> 
     </span>
     <span class='ocr_line' id='line_1_25' title="bbox 346 3478 1717 3566; baseline -0.002 -17"><span class='ocrx_word' id='word_1_194' title='bbox 346 3482 481 3562; x_wconf 88' lang='lat' dir='ltr'>centia,</span> <span class='ocrx_word' id='word_1_195' title='bbox 497 3481 591 3546; x_wconf 87' lang='lat' dir='ltr'>Sedis</span> <span class='ocrx_word' id='word_1_196' title='bbox 606 3481 793 3566; x_wconf 89' lang='lat' dir='ltr'>apostolice</span> <span class='ocrx_word' id='word_1_197' title='bbox 808 3480 984 3565; x_wconf 88' lang='lat' dir='ltr'>capellani,</span> <span class='ocrx_word' id='word_1_198' title='bbox 1001 3487 1095 3544; x_wconf 85' lang='lat' dir='ltr'>extra</span> <span class='ocrx_word' id='word_1_199' title='bbox 1119 3478 1306 3546; x_wconf 89' lang='lat' dir='ltr'>Romanam</span> <span class='ocrx_word' id='word_1_200' title='bbox 1323 3480 1447 3546; x_wconf 89' lang='lat' dir='ltr'>curiam</span> <span class='ocrx_word' id='word_1_201' title='bbox 1466 3480 1625 3561; x_wconf 77' lang='lat' dir='ltr'>defuncti,</span> <span class='ocrx_word' id='word_1_202' title='bbox 1649 3503 1717 3547; x_wconf 90' lang='lat' dir='ltr'>non</span> 
     </span>
     <span class='ocr_line' id='line_1_26' title="bbox 346 3581 1716 3669; baseline 0.001 -19"><span class='ocrx_word' id='word_1_203' title='bbox 346 3588 516 3650; x_wconf 87' lang='lat' dir='ltr'>obstante</span> <span class='ocrx_word' id='word_1_204' title='bbox 543 3583 634 3669; x_wconf 90' lang='lat' dir='ltr'>quod</span> <span class='ocrx_word' id='word_1_205' title='bbox 650 3583 683 3646; x_wconf 91' lang='lat' dir='ltr'>in</span> <span class='ocrx_word' id='word_1_206' title='bbox 710 3582 869 3647; x_wconf 89' lang='lat' dir='ltr'>Paduana</span> <span class='ocrx_word' id='word_1_207' title='bbox 885 3591 920 3648; x_wconf 90' lang='lat' dir='ltr'>et</span> <span class='ocrx_word' id='word_1_208' title='bbox 936 3581 1121 3663; x_wconf 88' lang='lat' dir='ltr'>Sicliuensi,</span> <span class='ocrx_word' id='word_1_209' title='bbox 1140 3581 1364 3649; x_wconf 88' lang='lat' dir='ltr'>Tomacensis</span> <span class='ocrx_word' id='word_1_210' title='bbox 1390 3582 1542 3663; x_wconf 91' lang='lat' dir='ltr'>diocesis,</span> <span class='ocrx_word' id='word_1_211' title='bbox 1567 3586 1716 3652; x_wconf 90' lang='lat' dir='ltr'>ecclesiis</span> 
     </span>
     <span class='ocr_line' id='line_1_27' title="bbox 348 3685 989 3772; baseline -0.005 -18"><span class='ocrx_word' id='word_1_212' title='bbox 348 3687 578 3754; x_wconf 88' lang='lat' dir='ltr'>canonicatus</span> <span class='ocrx_word' id='word_1_213' title='bbox 594 3695 628 3751; x_wconf 88' lang='lat' dir='ltr'>et</span> <span class='ocrx_word' id='word_1_214' title='bbox 643 3685 832 3772; x_wconf 84' lang='lat' dir='ltr'>prebendas</span> <span class='ocrx_word' id='word_1_215' title='bbox 847 3686 989 3751; x_wconf 92' lang='lat' dir='ltr'>obtinet.</span> 
     </span>
    </p>

    <p class='ocr_par' dir='ltr' id='par_1_12' title="bbox 398 3790 770 3876">
     <span class='ocr_line' id='line_1_28' title="bbox 398 3790 770 3876; baseline 0 -20"><span class='ocrx_word' id='word_1_216' title='bbox 398 3790 546 3876; x_wconf 81' lang='lat' dir='ltr'>Adjutos</span> <span class='ocrx_word' id='word_1_217' title='bbox 560 3791 721 3856; x_wconf 83' lang='lat' dir='ltr'>virtutum</span> <span class='ocrx_word' id='word_1_218' title='bbox 735 3842 741 3856; x_wconf 94' lang='lat'><strong>.</strong></span> <span class='ocrx_word' id='word_1_219' title='bbox 762 3841 770 3856; x_wconf 90' lang='grc'><strong>.</strong></span> 
     </span>
    </p>

    <p class='ocr_par' dir='ltr' id='par_1_13' title="bbox 399 3894 1008 3960">
     <span class='ocr_line' id='line_1_29' title="bbox 399 3894 1008 3960; baseline -0.002 0"><span class='ocrx_word' id='word_1_220' title='bbox 399 3896 592 3960; x_wconf 79' lang='lat' dir='ltr'>DatAvin.</span> <span class='ocrx_word' id='word_1_221' title='bbox 615 3900 649 3958; x_wconf 87' lang='lat'>16</span> <span class='ocrx_word' id='word_1_222' title='bbox 667 3894 731 3959; x_wconf 90' lang='lat' dir='ltr'>kal.</span> <span class='ocrx_word' id='word_1_223' title='bbox 749 3894 859 3959; x_wconf 92' lang='lat' dir='ltr'>martii</span> <span class='ocrx_word' id='word_1_224' title='bbox 871 3915 962 3959; x_wconf 88' lang='lat' dir='ltr'>anno</span> <span class='ocrx_word' id='word_1_225' title='bbox 979 3895 1008 3960; x_wconf 90' lang='lat'>8.</span> 
     </span>
    </p>

    <p class='ocr_par' dir='ltr' id='par_1_14' title="bbox 348 3996 1716 4186">
     <span class='ocr_line' id='line_1_30' title="bbox 399 3996 1716 4084; baseline 0.003 -21"><span class='ocrx_word' id='word_1_226' title='bbox 399 3999 441 4063; x_wconf 93' lang='lat' dir='ltr'>ln</span> <span class='ocrx_word' id='word_1_227' title='bbox 458 4021 487 4063; x_wconf 93' lang='lat' dir='ltr'>e.</span> <span class='ocrx_word' id='word_1_228' title='bbox 504 4020 547 4063; x_wconf 93' lang='lat' dir='ltr'>m.</span> <span class='ocrx_word' id='word_1_229' title='bbox 569 3998 729 4084; x_wconf 90' lang='lat' dir='ltr'>episcopo</span> <span class='ocrx_word' id='word_1_230' title='bbox 756 3998 917 4063; x_wconf 91' lang='lat' dir='ltr'>Paduano</span> <span class='ocrx_word' id='word_1_231' title='bbox 942 4006 977 4062; x_wconf 88' lang='lat' dir='ltr'>et</span> <span class='ocrx_word' id='word_1_232' title='bbox 1003 3996 1132 4081; x_wconf 83' lang='lat' dir='ltr'>Egidio,</span> <span class='ocrx_word' id='word_1_233' title='bbox 1158 3998 1269 4063; x_wconf 89' lang='lat' dir='ltr'>electo</span> <span class='ocrx_word' id='word_1_234' title='bbox 1286 3997 1516 4081; x_wconf 88' lang='lat' dir='ltr'>Cremonensi,</span> <span class='ocrx_word' id='word_1_235' title='bbox 1540 4021 1580 4066; x_wconf 89' lang='lat' dir='ltr'>ac</span> <span class='ocrx_word' id='word_1_236' title='bbox 1604 4004 1716 4067; x_wconf 90' lang='lat' dir='ltr'>abbati</span> 
     </span>
     <span class='ocr_line' id='line_1_31' title="bbox 348 4100 1256 4186; baseline -0.002 -17"><span class='ocrx_word' id='word_1_237' title='bbox 348 4102 549 4169; x_wconf 89' lang='lat' dir='ltr'>monasterii</span> <span class='ocrx_word' id='word_1_238' title='bbox 566 4102 597 4166; x_wconf 88' lang='lat' dir='ltr'>S.</span> <span class='ocrx_word' id='word_1_239' title='bbox 616 4100 760 4186; x_wconf 81' lang='lat' dir='ltr'>Nicolay</span> <span class='ocrx_word' id='word_1_240' title='bbox 776 4102 818 4167; x_wconf 93' lang='lat' dir='ltr'>de</span> <span class='ocrx_word' id='word_1_241' title='bbox 836 4101 941 4166; x_wconf 88' lang='lat' dir='ltr'>Pratis</span> <span class='ocrx_word' id='word_1_242' title='bbox 950 4100 1256 4186; x_wconf 86' lang='lat' dir='ltr'>juxtaTornacum.</span> 
     </span>
    </p>
   </div>
   <div class='ocr_carea' id='block_1_7' title="bbox 388 4239 1005 4300">
    <p class='ocr_par' dir='ltr' id='par_1_15' title="bbox 388 4239 1005 4300">
     <span class='ocr_line' id='line_1_32' title="bbox 388 4239 1005 4300; baseline -0.003 -11"><span class='ocrx_word' id='word_1_243' title='bbox 388 4243 452 4300; x_wconf 64' lang='lat' dir='ltr'>neg.</span> <span class='ocrx_word' id='word_1_244' title='bbox 467 4240 591 4298; x_wconf 60' lang='grc'><em>111111,</em></span> <span class='ocrx_word' id='word_1_245' title='bbox 605 4242 650 4287; x_wconf 83' lang='grc'>311</span> <span class='ocrx_word' id='word_1_246' title='bbox 665 4255 670 4294; x_wconf 85' lang='grc'>;</span> <span class='ocrx_word' id='word_1_247' title='bbox 690 4239 932 4298; x_wconf 63' lang='grc'><em>1111111111.</em></span> <span class='ocrx_word' id='word_1_248' title='bbox 951 4241 1005 4287; x_wconf 73' lang='lat' dir='ltr'>aas.</span> 
     </span>
    </p>
   </div>
   <div class='ocr_carea' id='block_1_8' title="bbox 353 4393 1721 5221">
    <p class='ocr_par' dir='ltr' id='par_1_16' title="bbox 404 4393 1675 4487">
     <span class='ocr_line' id='line_1_33' title="bbox 404 4393 1675 4487; baseline -0.012 -13"><span class='ocrx_word' id='word_1_249' title='bbox 404 4393 546 4475; x_wconf 78' lang='grc'><em>1294.</em></span> <span class='ocrx_word' id='word_1_250' title='bbox 944 4482 947 4487; x_wconf 21' lang='lat'><strong><em>¹</em></strong></span> <span class='ocrx_word' id='word_1_251' title='bbox 1358 4413 1375 4455; x_wconf 88' lang='grc'>1</span> <span class='ocrx_word' id='word_1_252' title='bbox 1374 4413 1452 4475; x_wconf 67' lang='lat'>3251,</span> <span class='ocrx_word' id='word_1_253' title='bbox 1477 4413 1519 4455; x_wconf 93' lang='grc'>22</span> <span class='ocrx_word' id='word_1_254' title='bbox 1534 4394 1675 4481; x_wconf 70' lang='lat' dir='ltr'>fi‘urecr.</span> 
     </span>
    </p>

    <p class='ocr_par' dir='ltr' id='par_1_17' title="bbox 353 4510 1721 5221">
     <span class='ocr_line' id='line_1_34' title="bbox 399 4510 1721 4597; baseline 0.001 -21"><span class='ocrx_word' id='word_1_255' title='bbox 399 4512 608 4590; x_wconf 87' lang='lat' dir='ltr'>Guillelmus,</span> <span class='ocrx_word' id='word_1_256' title='bbox 625 4510 749 4575; x_wconf 90' lang='lat' dir='ltr'>ordinis</span> <span class='ocrx_word' id='word_1_257' title='bbox 765 4510 1249 4595; x_wconf 86' lang='lat' dir='ltr'>Carmelitarum,prom0vetur</span> <span class='ocrx_word' id='word_1_258' title='bbox 1264 4511 1306 4576; x_wconf 92' lang='lat' dir='ltr'>ad</span> <span class='ocrx_word' id='word_1_259' title='bbox 1322 4512 1553 4597; x_wconf 91' lang='lat' dir='ltr'>episcopatum</span> <span class='ocrx_word' id='word_1_260' title='bbox 1566 4511 1721 4577; x_wconf 87' lang='lat' dir='ltr'>Civitatis</span> 
     </span>
     <span class='ocr_line' id='line_1_35' title="bbox 353 4613 1721 4698; baseline -0.001 -17"><span class='ocrx_word' id='word_1_261' title='bbox 353 4616 559 4693; x_wconf 89' lang='lat' dir='ltr'>Castellane,</span> <span class='ocrx_word' id='word_1_262' title='bbox 576 4615 608 4677; x_wconf 94' lang='lat' dir='ltr'>in</span> <span class='ocrx_word' id='word_1_263' title='bbox 625 4623 713 4678; x_wconf 90' lang='lat' dir='ltr'>terra</span> <span class='ocrx_word' id='word_1_264' title='bbox 730 4613 883 4678; x_wconf 90' lang='lat' dir='ltr'>Romane</span> <span class='ocrx_word' id='word_1_265' title='bbox 906 4614 1047 4681; x_wconf 83' lang='lat' dir='ltr'>ecclesie</span> <span class='ocrx_word' id='word_1_266' title='bbox 1064 4614 1258 4679; x_wconf 88' lang='lat' dir='ltr'>immediate</span> <span class='ocrx_word' id='word_1_267' title='bbox 1285 4616 1433 4698; x_wconf 87' lang='lat' dir='ltr'>subjecta</span> <span class='ocrx_word' id='word_1_268' title='bbox 1456 4617 1657 4681; x_wconf 85' lang='lat' dir='ltr'>existentem</span> <span class='ocrx_word' id='word_1_269' title='bbox 1681 4636 1721 4680; x_wconf 91' lang='lat' dir='ltr'>ac</span> 
     </span>
     <span class='ocr_line' id='line_1_36' title="bbox 354 4716 1721 4806; baseline 0 -23"><span class='ocrx_word' id='word_1_270' title='bbox 354 4739 417 4806; x_wconf 92' lang='lat' dir='ltr'>per</span> <span class='ocrx_word' id='word_1_271' title='bbox 435 4717 564 4782; x_wconf 91' lang='lat' dir='ltr'>obitum</span> <span class='ocrx_word' id='word_1_272' title='bbox 588 4716 747 4782; x_wconf 87' lang='lat' dir='ltr'>Godfredi</span> <span class='ocrx_word' id='word_1_273' title='bbox 772 4716 805 4780; x_wconf 92' lang='lat' dir='ltr'>in</span> <span class='ocrx_word' id='word_1_274' title='bbox 828 4718 890 4781; x_wconf 91' lang='lat' dir='ltr'>illis</span> <span class='ocrx_word' id='word_1_275' title='bbox 917 4716 1064 4801; x_wconf 89' lang='lat' dir='ltr'>partibus</span> <span class='ocrx_word' id='word_1_276' title='bbox 1086 4717 1234 4783; x_wconf 90' lang='lat' dir='ltr'>defuncti</span> <span class='ocrx_word' id='word_1_277' title='bbox 1257 4726 1448 4800; x_wconf 38' lang='lat' dir='ltr'>*vacantem</span> <span class='ocrx_word' id='word_1_278' title='bbox 1470 4720 1607 4785; x_wconf 87' lang='lat' dir='ltr'>cassatis</span> <span class='ocrx_word' id='word_1_279' title='bbox 1631 4720 1721 4806; x_wconf 89' lang='lat' dir='ltr'>prius</span> 
     </span>
     <span class='ocr_line' id='line_1_37' title="bbox 355 4818 1720 4908; baseline -0.001 -20"><span class='ocrx_word' id='word_1_280' title='bbox 355 4822 528 4888; x_wconf 90' lang='lat' dir='ltr'>electione</span> <span class='ocrx_word' id='word_1_281' title='bbox 544 4820 694 4905; x_wconf 85' lang='lat' dir='ltr'>Gregorii</span> <span class='ocrx_word' id='word_1_282' title='bbox 710 4821 752 4886; x_wconf 88' lang='lat' dir='ltr'>de</span> <span class='ocrx_word' id='word_1_283' title='bbox 769 4821 873 4901; x_wconf 89' lang='lat' dir='ltr'>Urbe,</span> <span class='ocrx_word' id='word_1_284' title='bbox 890 4821 1055 4886; x_wconf 90' lang='lat' dir='ltr'>scolastici</span> <span class='ocrx_word' id='word_1_285' title='bbox 1074 4818 1286 4901; x_wconf 86' lang='lat' dir='ltr'>Morinensis,</span> <span class='ocrx_word' id='word_1_286' title='bbox 1304 4832 1338 4887; x_wconf 87' lang='lat' dir='ltr'>et</span> <span class='ocrx_word' id='word_1_287' title='bbox 1353 4824 1581 4908; x_wconf 89' lang='lat' dir='ltr'>postulatione</span> <span class='ocrx_word' id='word_1_288' title='bbox 1602 4823 1720 4888; x_wconf 88' lang='lat' dir='ltr'>Gotte-</span> 
     </span>
     <span class='ocr_line' id='line_1_38' title="bbox 356 4924 1721 5005; baseline 0.001 -13"><span class='ocrx_word' id='word_1_289' title='bbox 356 4925 443 4992; x_wconf 91' lang='lat' dir='ltr'>fredi</span> <span class='ocrx_word' id='word_1_290' title='bbox 473 4925 515 4989; x_wconf 93' lang='lat' dir='ltr'>de</span> <span class='ocrx_word' id='word_1_291' title='bbox 540 4924 704 5004; x_wconf 84' lang='lat' dir='ltr'>Civitella,</span> <span class='ocrx_word' id='word_1_292' title='bbox 732 4926 841 4989; x_wconf 87' lang='lat' dir='ltr'>clerici</span> <span class='ocrx_word' id='word_1_293' title='bbox 875 4924 1092 4990; x_wconf 80' lang='lat' dir='ltr'>Urbevetane</span> <span class='ocrx_word' id='word_1_294' title='bbox 1119 4925 1271 5005; x_wconf 90' lang='lat' dir='ltr'>diocesis,</span> <span class='ocrx_word' id='word_1_295' title='bbox 1293 4926 1326 4989; x_wconf 91' lang='lat' dir='ltr'>in</span> <span class='ocrx_word' id='word_1_296' title='bbox 1347 4926 1529 4991; x_wconf 89' lang='lat' dir='ltr'>minoribus</span> <span class='ocrx_word' id='word_1_297' title='bbox 1551 4928 1721 4993; x_wconf 91' lang='lat' dir='ltr'>ordinibus</span> 
     </span>
     <span class='ocr_line' id='line_1_39' title="bbox 357 5027 1720 5117; baseline -0.001 -19"><span class='ocrx_word' id='word_1_298' title='bbox 357 5028 547 5108; x_wconf 87' lang='lat' dir='ltr'>constituti,</span> <span class='ocrx_word' id='word_1_299' title='bbox 565 5029 597 5092; x_wconf 92' lang='lat' dir='ltr'>in</span> <span class='ocrx_word' id='word_1_300' title='bbox 614 5027 770 5093; x_wconf 87' lang='lat' dir='ltr'>Civitatis</span> <span class='ocrx_word' id='word_1_301' title='bbox 786 5028 975 5093; x_wconf 82' lang='lat' dir='ltr'>Castellane</span> <span class='ocrx_word' id='word_1_302' title='bbox 991 5029 1178 5114; x_wconf 91' lang='lat' dir='ltr'>episcopos,</span> <span class='ocrx_word' id='word_1_303' title='bbox 1195 5050 1234 5093; x_wconf 89' lang='lat' dir='ltr'>ac</span> <span class='ocrx_word' id='word_1_304' title='bbox 1250 5030 1417 5096; x_wconf 91' lang='lat' dir='ltr'>electione</span> <span class='ocrx_word' id='word_1_305' title='bbox 1434 5032 1534 5117; x_wconf 89' lang='lat' dir='ltr'>ipsius</span> <span class='ocrx_word' id='word_1_306' title='bbox 1550 5031 1720 5097; x_wconf 88' lang='lat' dir='ltr'>Guillelmi</span> 
     </span>
     <span class='ocr_line' id='line_1_40' title="bbox 359 5132 1720 5221; baseline 0.001 -22"><span class='ocrx_word' id='word_1_307' title='bbox 359 5135 395 5200; x_wconf 91' lang='lat' dir='ltr'>in</span> <span class='ocrx_word' id='word_1_308' title='bbox 413 5133 611 5219; x_wconf 90' lang='lat' dir='ltr'>episcopum</span> <span class='ocrx_word' id='word_1_309' title='bbox 634 5134 776 5197; x_wconf 88' lang='lat' dir='ltr'>ecclesie</span> <span class='ocrx_word' id='word_1_310' title='bbox 804 5132 1043 5212; x_wconf 81' lang='lat' dir='ltr'>Nimociensis,</span> <span class='ocrx_word' id='word_1_311' title='bbox 1058 5152 1118 5217; x_wconf 90' lang='lat' dir='ltr'>per</span> <span class='ocrx_word' id='word_1_312' title='bbox 1141 5133 1269 5197; x_wconf 90' lang='lat' dir='ltr'>obitum</span> <span class='ocrx_word' id='word_1_313' title='bbox 1293 5132 1468 5214; x_wconf 90' lang='lat' dir='ltr'>Johannis,</span> <span class='ocrx_word' id='word_1_314' title='bbox 1487 5134 1575 5221; x_wconf 90' lang='lat' dir='ltr'>apud</span> <span class='ocrx_word' id='word_1_315' title='bbox 1600 5136 1720 5201; x_wconf 87' lang='lat' dir='ltr'>Sedem</span> 
     </span>
    </p>
   </div>
   <div class='ocr_carea' id='block_1_9' title="bbox 0 0 2215 6017">
    <p class='ocr_par' dir='ltr' id='par_1_18' title="bbox 0 0 2215 6017">
     <span class='ocr_line' id='line_1_41' title="bbox 0 0 2215 6017; baseline 0 0"><span class='ocrx_word' id='word_1_316' title='bbox 0 0 2215 6017; x_wconf 95' lang='lat' dir='ltr'> </span> 
     </span>
    </p>
   </div>
  </div>
 </body>
</html>
