4409 6017
500 616 563 683 876
1031 619 1200 702 cinquant
1220 624 1324 690 annae.

543 764 622 833 Dat.
636 763 736 832 Avin.
751 787 830 833 non.
841 767 926 853 junii
940 788 1031 836 anno
1047 788 1077 856 5.

543 867 585 935 In
601 890 631 935 e.
647 890 691 936 m.
708 875 869 959 utsupra,
883 895 915 940 n.
927 873 1003 958 969.

532 1006 594 1069 neg.
609 1008 657 1058 nv.
672 1009 711 1069 ro,
724 1009 743 1059 1.
759 1010 806 1059 rra
818 1024 824 1069 ;
836 1009 896 1061 vc.
911 1010 1142 1072 1115111861.

544 1175 655 1258 971·
1583 1222 1685 1286 1321,
1698 1221 1725 1287 5
1734 1201 1816 1286 juin.
1893 1149 1895 1153 ι

546 1292 715 1380 Episcopo
741 1293 973 1364 Cameracensi
998 1299 1194 1367 conceditur
1223 1301 1364 1369 facultas
1394 1303 1588 1371 conferendi
1623 1306 1845 1374 tabellionatus

501 1395 650 1567 offiffiium
666 1404 809 1568 quatiam
823 1401 974 1485 personis
988 1422 1009 1469 a
1023 1402 1215 1488 Guillelmo,
1232 1406 1357 1474 comite
1374 1406 1545 1491 Hanonie,
1561 1410 1791 1477 nominandis.

587 1509 720 1569 erentes

546 1606 626 1673 Dat.
640 1605 741 1672 Avin.
757 1627 838 1697 non.
850 1606 934 1693 junii
951 1627 1042 1676 anno
1059 1628 1088 1694 5.

534 1747 595 1810 neg.
610 1745 670 1797 vat.
685 1747 830 1808 111301.

543 1926 789 2013 972-973.
1586 1962 1685 2026 1321,
1701 1963 1725 2029 9
1733 1941 1818 2025 juia

545 2046 647 2114 Petro
661 2046 704 2114 de
719 2044 853 2112 Comite
869 2044 1085 2112 conferuntur
1100 2045 1319 2113 canonicatus
1341 2053 1378 2111 et
1402 2044 1574 2132 prebenda
1594 2046 1741 2113 ecclesie
1764 2046 1851 2113 Seno

500 2150 625 2233 nensis,
656 2150 691 2216 in
714 2149 808 2217 brevi
832 2149 982 2216 vacaturi
1006 2169 1066 2237 per
1089 2150 1381 2217 consecrationem
1408 2148 1647 2233 ildebrandini,
1670 2150 1774 2218 electi
1801 2151 1851 2217 Pa·

500 2253 602 2321 duani
628 2253 687 2340 (¹),
721 2274 790 2320 non
818 2255 976 2321 obstante
1003 2254 1093 2340 quod
1118 2253 1152 2320 in
1185 2253 1354 2338 Remeusi,
1382 2252 1592 2338 Camotensi,
1620 2252 1852 2335 Londoniensi,

501 2356 758 2440 Lichefeldensi,
781 2356 918 2424 basilica
940 2357 1104 2444 Principis
1128 2359 1359 2445 apostolorum
1381 2357 1424 2424 de
1447 2356 1551 2441 Urbe,
1571 2357 1603 2427 S.
1626 2357 1770 2425 Firmini
1784 2359 1853 2424 Am·

500 2460 669 2528 bianensis
684 2468 719 2528 et
735 2462 766 2527 S.
783 2460 873 2527 Petri
885 2460 1045 2541 Ariensis,
1062 2459 1267 2528 Morinensis
1281 2471 1295 2497 ⁶
1310 2460 1462 2543 diocesia,
1479 2460 1628 2529 ecclesiis
1643 2462 1853 2530 canonicatus

502 2574 537 2631 et
552 2565 751 2652 prebendas,
767 2587 807 2633 ac
822 2571 1039 2652 personatum
1063 2564 1106 2631 (10
1129 2565 1333 2648 Vambecha,
1357 2564 1607 2633 Cameracensis
1622 2564 1780 2647 diocesis,
1794 2566 1855 2634 sine

502 2690 592 2752 cura,
608 2677 643 2736 et
665 2668 700 2735 iu
723 2669 872 2752 civitate,
887 2668 1012 2736 diocesi
1037 2678 1072 2736 et
1091 2669 1264 2758 provincia
1288 2668 1516 2757 Neapolitana
1538 2667 1685 2755 quedam
1699 2670 1856 2737 beneficia

502 2773 574 2841 sine
590 2794 668 2841 cura
683 2773 815 2840 obtinet
831 2774 891 2860 (70
906 2794 982 2840 unc.
998 2774 1095 2859 auri),
1111 2795 1170 2841 seu
1185 2774 1277 2860 quod
1290 2773 1412 2839 eodem
1427 2772 1481 2839 die
1497 2772 1718 2840 canonicatus
1734 2782 1770 2841 et
1790 2794 1854 2862 pre·

500 2878 613 2946 benda
626 2878 767 2946 ecclesie
782 2879 825 2945 de
841 2878 873 2944 S.
888 2878 1094 2962 Audomaro,
1111 2876 1315 2945 Morinensis
1329 2877 1482 2960 diocesis,
1498 2877 1528 2943 ei
1545 2876 1660 2944 collati
1677 2886 1768 2945 sunt.

545 2983 636 3049 Dum
651 2981 902 3050 conditiones...

544 3088 624 3154 Dat.
639 3086 738 3152 Avin.
756 3105 773 3171 5
794 3086 837 3152 id.
851 3085 935 3172 junii
950 3105 1040 3151 anno
1057 3103 1086 3170 5.

545 3191 585 3257 In
596 3212 625 3257 e.
635 3212 680 3257 m.
692 3190 792 3277 priori
803 3190 834 3255 S.
844 3188 1010 3268 Johannis
1021 3189 1063 3256 de
1076 3187 1354 3269 Vallemontonis,
1366 3187 1501 3274 Signine
1516 3188 1668 3270 diocesis,
1679 3195 1715 3255 et
1726 3190 1855 3256 thesau-

501 3295 589 3362 rario
604 3294 769 3361 Toletane
794 3315 834 3361 ac
855 3294 956 3359 Petro
974 3294 1017 3360 de
1036 3292 1255 3375 Collemedio,
1279 3292 1456 3360 scolastico
1478 3291 1732 3361 Cameracensis
1759 3296 1856 3362 eccle·

502 3420 635 3467 siarum.

534 3540 595 3601 Bag.
610 3539 658 3587 Av.
675 3541 713 3597 15,
724 3538 743 3586 f.
758 3539 805 3585 216
818 3553 824 3595 ;
837 3538 896 3585 Vat.
910 3539 949 3595 72,
961 3536 979 3584 i.
995 3538 1033 3595 72,
1046 3550 1071 3585 n.
1086 3537 1143 3585 923.

545 3708 626 3770 973.
643 3704 823 3771 -Eidem
840 3704 941 3769 Petro
956 3703 998 3769 de
1014 3702 1147 3769 Comite
1163 3702 1380 3770 conferuntur
1395 3702 1615 3770 canonicatus
1639 3709 1675 3769 et
1690 3700 1856 3790 prebenda

502 3811 643 3878 ecclesie
654 3810 697 3877 de
712 3810 744 3875 S.
760 3807 966 3889 Audomaro,
983 3806 1187 3873 Morinensis
1202 3807 1353 3890 diocesis,
1370 3808 1404 3874 in
1419 3806 1512 3874 brevi
1527 3805 1677 3873 vacaturi
1700 3826 1761 3893 per
1784 3826 1856 3873 con·

502 3914 725 3983 sectationem
742 3910 978 3992 lldebrandini,
994 3911 1094 3977 electi
1113 3911 1272 3978 Paduani.

545 4019 636 4084 Dum
651 4016 902 4084 conditiones...

547 4124 626 4189 Dat.
641 4122 741 4187 Avin.
760 4142 776 4205 5
794 4119 837 4185 id.
851 4117 935 4205 junii
951 4136 1042 4182 anno
1060 4134 1089 4201 5.

548 4227 588 4293 In
604 4248 633 4293 e.
649 4248 694 4292 m.
712 4228 876 4312 utsupra,
893 4245 925 4287 n.
941 4238 1016 4306 972.

536 4367 598 4430 Reg.
612 4368 660 4416 Ar.
674 4368 713 4426 15,
727 4366 745 4414 l.
761 4366 807 4413 217
819 4378 825 4421 ;
838 4363 898 4412 Vnt.
912 4364 952 4422 72,
961 4361 980 4411 t.
989 4363 1040 4419 72',
1053 4374 1078 4409 n.
1090 4359 1145 4407 924.

525 4574 528 4579 ·
653 4598 663 4619 .
1567 4563 1723 4610 12112
1753 4567 1817 4611 uin.

545 4540 724 4726 glddntio
738 4656 780 4723 de
796 4651 959 4720 Varennis
973 4649 1142 4717 confertur
1163 4647 1380 4716 canonicatus
1394 4646 1536 4716 ecclesie
1551 4563 1691 4715 S.3Pedri
1706 4567 1852 4727 Adensis,

507 4760 711 4831 Morinensis
725 4758 878 4840 diocesis,
894 4758 955 4823 sub
972 4752 1209 4843 expectatione
1225 4751 1406 4839 prebende.

536 4903 562 4937 a.
576 4885 726 4934 Atrebatem
738 4898 790 4947 req.

537 5081 559 5128 l.
573 5075 714 5127 lldebraud
724 5075 756 5123 dc
766 5075 870 5135 Gemite,
884 5071 1094 5136 nominataeque
1105 5071 1137 5121 de
1150 5070 1471 5134 Padouele271'uin1319
1483 5069 1591 5132 (liubel,
1604 5073 1624 5122 t.
1637 5070 1659 5132 l,
1673 5084 1699 5136 p.
1713 5072 1781 5133 404).
