4409 6017
911 716 1068 783 Dcuxieme
1088 715 1191 781 annis.
1675 720 1732 784 159

415 863 618 942 ‹Johannes
633 864 810 951 episcopus
825 885 939 931 servus
954 885 1126 931 servorum
1150 865 1224 946 Dei,
1241 867 1485 932 venerabilibus
1507 866 1661 932 fratribus
1683 889 1732 933 ar·

374 968 589 1055 cbiepiscopis
613 976 648 1033 et
671 968 839 1056 episcopis
863 977 898 1035 et
924 969 1054 1035 dilectis
1079 968 1154 1034 filiis
1180 969 1366 1050 abbatibus,
1389 971 1561 1056 prioribus,
1588 970 1733 1052 decanis,

370 1071 618 1154 archidiaconis,
633 1070 924 1158 archipresbiteris,
943 1071 1120 1157 prepositis
1144 1079 1179 1136 et
1165 1072 1273 1137 taliis
1297 1073 1511 1139 ecclesiarum
1538 1073 1673 1160 prelatis
1694 1094 1733 1139 ac

309 1183 317 1260 'r
370 1173 533 1240 nobilibus
564 1174 643 1241 viris
673 1174 930 1255 marchionibus,
955 1175 1104 1255 ducibus,
1130 1174 1316 1255 comitibus,
1343 1177 1532 1258 baronibus,
1564 1166 1733 1257 militibus,

368 1278 569 1359 senescallis,
594 1278 827 1364 potestatibus,
853 1278 1045 1364 capitaneis,
1068 1278 1197 1344 vicariis
1224 1287 1259 1344 et
1283 1278 1481 1345 officialibus
1507 1282 1636 1360 ceteris,
1653 1301 1734 1365 quo·

367 1403 511 1468 cumque
525 1382 665 1449 nomine
681 1392 890 1464 censeantur,
907 1390 941 1447 et
965 1381 1234 1448 locatenentibus
1249 1383 1444 1449 eorumdem
1460 1404 1593 1450 necnon
1616 1404 1735 1449 consu-

368 1488 459 1570 bbus,
475 1485 632 1568 scabinis,
657 1486 852 1573 consiliariis
867 1493 902 1551 et
929 1484 1190 1552 comunitatibus
1213 1486 1283 1552 sive
1306 1488 1438 1572 populis
1462 1487 1648 1567 civitatum,
1664 1508 1735 1552 cas·

368 1600 495 1657 trorum
510 1590 721 1676 aliorumque
746 1591 897 1656 locorum
919 1589 961 1655 ad
988 1609 1073 1675 quos
1088 1589 1199 1654 littere
1215 1589 1278 1655 iste
1302 1591 1525 1675 pervenerint,
1542 1593 1683 1656 salutem
1700 1597 1735 1654 et

369 1694 593 1782 apostolicam
615 1693 899 1761 benedictionem.
916 1693 1001 1758 Cum
1017 1692 1203 1759 carissimus
1219 1692 1252 1757 in
1269 1691 1405 1759 Christo
1427 1694 1514 1760 filius
1529 1703 1642 1759 noster
1659 1693 1735 1757 Phi-

369 1800 487 1887 lippus,
509 1819 569 1864 rex
598 1797 737 1864 Francie
761 1806 796 1863 et
821 1795 972 1862 Navarre
1002 1796 1146 1877 illustris,
1171 1804 1281 1862 certos
1310 1818 1397 1879 suos,
1421 1806 1455 1863 et
1482 1798 1624 1863 dilectus
1650 1797 1736 1862 filius

370 1904 491 1970 nobilis
512 1902 565 1968 vir
588 1902 767 1982 Robertus,
779 1920 894 1966 comes
917 1898 1082 1981 Flandrie,
1099 1900 1241 1967 dilectos
1256 1901 1342 1967 filios
1364 1902 1493 1967 nobiles
1508 1901 1596 1966 viros
1613 1899 1736 1965 Henri-

371 2029 454 2090 cum,
478 2027 688 2093 germanum,
710 2014 746 2071 et
773 2004 958 2070 Robertum
982 2003 1024 2069 de
1050 2003 1216 2085 Flandria,
1232 2014 1360 2085 natum,
1381 2026 1420 2071 ac
1451 2003 1671 2071 Baldevinum
1694 2003 1737 2069 de

372 2111 572 2196 Zinebeque,
589 2111 700 2195 legum
716 2108 947 2195 professorem,
964 2108 1190 2174 consiliarium
1206 2128 1283 2174 suos
1304 2117 1362 2174 aut
1380 2109 1509 2193 aliquos
1533 2130 1574 2173 ex
1599 2109 1646 2173 eis
1668 2129 1737 2172 am-

372 2217 548 2280 baxatores
562 2214 720 2279 solennes
735 2219 770 2276 et
778 2210 928 2293 nuncios,
938 2232 978 2277 ac
992 2210 1104 2277 dilecti
1116 2211 1173 2275 filii
1190 2211 1451 2296 burgemagistri,
1462 2211 1598 2294 scabini,
1609 2210 1738 2276 nobiles

316 2357 320 2362 ·
374 2328 405 2384 et
417 2318 657 2383 universitates
671 2323 865 2396 castrorum,
883 2316 1046 2396 villarum,
1067 2315 1321 2381 territoriorum.
1333 2324 1368 2381 et
1394 2318 1544 2382 locorum
1559 2315 1739 2382 comitatus

375 2421 528 2489 Flandrie
563 2419 743 2504 cunctique
773 2419 981 2505 presidentes
1017 2418 1154 2500 eisdem,
1185 2439 1263 2485 suos
1300 2428 1411 2485 certos
1441 2427 1673 2506 procuratores
1703 2428 1737 2482 et

374 2527 512 2593 nuncios
536 2524 707 2611 speciales,
720 2523 763 2589 de
778 2522 948 2589 communi
973 2543 1138 2589 consensu
1153 2523 1344 2608 disponant,
1360 2523 1446 2589 sicut
1468 2532 1518 2589 est
1542 2544 1603 2609 pro
1623 2542 1737 2587 eorum

376 2640 466 2716 parte
482 2629 583 2695 nobis
598 2627 799 2714 expositum,
815 2647 877 2712 pro
893 2626 1089 2711 quibusdam
1111 2626 1221 2692 arduis
1237 2626 1384 2712 negociis
1399 2648 1474 2713 que,
1491 2627 1567 2693 Deo
1582 2628 1738 2716 propitio,

377 2741 536 2820 poterunt
551 2732 585 2797 in
602 2730 826 2820 universitatis
840 2742 854 2765 ⁰
869 2730 1053 2796 redundare
1069 2730 1318 2816 compendium,
1334 2730 1377 2796 ad
1393 2739 1541 2797 nostram
1564 2754 1583 2797 e
1600 2734 1740 2818 vestigro

376 2837 577 2923 presentiam
593 2835 760 2901 destinare
772 2834 937 2919 fueritque
953 2834 1098 2920 ipsorum
1116 2833 1257 2914 comitis,
1271 2835 1619 2920 burgemagistrorum,
1635 2838 1740 2903 scabi-

377 2962 504 3023 norum,
520 2939 684 3006 nobilium
707 2945 742 3004 et
756 2936 767 2972 ⁶
782 2938 1036 3004 universitatum
1059 2958 1099 3005 ac
1122 2937 1362 3024 presidentium
1387 2940 1534 3021 nomine,
1557 2936 1699 3026 petitum
1721 2962 1741 3006 a

375 3045 472 3111 nobis
496 3053 534 3110 ut
550 3042 708 3130 predictis
732 3042 862 3108 nunciis
877 3051 912 3108 et
934 3042 1205 3130 procuratoribus
1220 3043 1286 3107 suis
1301 3062 1484 3127 eorumque
1499 3043 1624 3109 familie
1639 3047 1741 3131 velle-

375 3168 458 3228 mus,
471 3155 637 3232 quantum
647 3144 690 3210 ad
706 3164 768 3210 nos
784 3153 818 3210 et
834 3145 1038 3211 carissimum
1055 3145 1088 3209 in
1106 3143 1239 3210 Christo
1256 3145 1359 3209 filium
1375 3154 1526 3211 nostrum
1544 3142 1740 3229 Robertum,

373 3272 487 3337 regem
513 3250 623 3317 Sicilie
647 3250 820 3329 illustrem,
836 3248 994 3334 pertinet,
1010 3249 1053 3314 de
1077 3248 1255 3314 securitate
1281 3248 1415 3333 ydonea
1439 3247 1548 3313 facere
1563 3250 1741 3334 provideri,

309 3425 311 3438 ,
373 3376 435 3421 nos
450 3356 618 3433 volentes,
634 3360 671 3417 ut
687 3351 862 3433 condecet,
879 3352 969 3436 quod
992 3351 1122 3417 nunciis
1147 3360 1181 3417 et
1205 3352 1472 3437 procuratoribus
1496 3353 1675 3420 antedictis
1699 3355 1741 3420 ad

373 3466 526 3523 nostram
541 3454 691 3521 venturis
706 3454 830 3520 curiam
846 3454 933 3519 adsit
949 3455 1048 3539 plena
1064 3454 1234 3533 securitas,
1251 3454 1340 3539 ipsos
1355 3463 1389 3519 et
1405 3476 1520 3520 eorum
1541 3458 1688 3541 singulos
1704 3478 1742 3522 ac

375 3560 519 3626 familias
543 3558 737 3638 eorundem,
755 3558 787 3621 in
811 3557 961 3643 personis
984 3565 1018 3622 et
1043 3559 1140 3621 rebus
1167 3576 1228 3641 pro
1254 3558 1350 3623 nobis
1366 3566 1400 3623 et
1416 3579 1493 3643 rege
1508 3561 1670 3645 predicto,
1687 3559 1742 3643 qui

374 3665 504 3730 etiam‘
525 3683 585 3749 per
608 3669 764 3748 patentes
787 3661 894 3745 regias
918 3660 1046 3726 litteras
1073 3661 1250 3745 quoslibet,
1282 3662 1517 3746 cujuscumque
1541 3662 1744 3729 conditionis

375 3769 571 3847 existerent,
587 3766 630 3831 ad
652 3765 777 3831 curiam
793 3772 954 3829 venturos
970 3764 1123 3845 eandem,
1139 3764 1237 3829 simili
1254 3764 1431 3830 securitate
1448 3766 1568 3851 perfrui
1585 3765 1692 3831 voluit
1709 3773 1744 3830 et

375 3870 557 3954 concessit,
583 3872 644 3935 sub
667 3877 782 3934 nostra
805 3876 840 3933 et
862 3868 1049 3953 apostolice
1072 3867 1166 3933 Sedis
1188 3888 1228 3934 ac
1258 3868 1342 3952 regis
1368 3869 1508 3954 predicti
1534 3869 1744 3954 protectione

376 3978 540 4060 salvoque
567 3972 748 4053 conductu,
771 3980 870 4058 prout
895 3980 1008 4058 potest
1023 3971 1066 4036 ad
1089 3981 1267 4055 utrumque
1283 3980 1433 4037 nostrum
1450 3973 1627 4058 pertinere,
1644 3972 1745 4037 susci·
1790 4048 1793 4055 Ι

377 4081 487 4166 pimus
504 4098 639 4161 eosque,
657 4083 818 4161 quantum
836 4076 869 4139 in
893 4076 989 4140 nobis
1005 4085 1039 4140 et
1055 4095 1133 4160 rege
1148 4074 1299 4160 predicto
1322 4075 1429 4156 fuerit,
1445 4077 1566 4157 eundo,
1583 4077 1746 4142 morando

377 4195 411 4249 et
426 4182 613 4261 redeund0,
630 4183 671 4245 ab
687 4180 823 4266 injuriis,
839 4179 1006 4265 dampnis,
1022 4179 1192 4244 violentiis
1215 4187 1250 4244 et
1271 4179 1433 4245 molestiis
1460 4180 1629 4265 quibusvis
1655 4181 1746 4246 inde-

378 4288 456 4354 bitis
471 4287 596 4352 liberos
611 4305 684 4349 esse
700 4285 855 4349 volumus
871 4292 905 4348 et
922 4283 1097 4348 immunes.
1114 4283 1279 4366 Quocirca
1294 4304 1356 4348 vos
1368 4285 1515 4369 prelatos
1533 4293 1568 4350 et
1586 4305 1746 4371 personas

379 4388 623 4456 ecclesiasticas
650 4388 823 4453 hortamur
838 4395 968 4452 attente
984 4407 1024 4452 ac
1040 4406 1099 4471 per
1126 4387 1311 4471 apostolica
1325 4387 1428 4452 'vobis
1452 4388 1575 4473 scripta
1597 4388 1747 4454 districte

380 4494 590 4572 mandamus,
620 4511 681 4557 vos
704 4490 833 4556 nobiles
864 4501 898 4555 et
922 4498 1053 4555 ceteros
1083 4490 1273 4556 antedictos
1299 4491 1506 4575 requirentes
1529 4493 1690 4558 attentius
1713 4501 1747 4557 et

381 4607 539 4685 rogantes
565 4595 723 4682 quatinus
744 4595 852 4660 dictos
875 4594 1015 4660 nuncios
1031 4602 1066 4658 et
1082 4602 1313 4679 procuratores
1328 4615 1367 4661 ac
1383 4594 1526 4660 familias
1542 4595 1746 4673 eorumdem,

385 4723 460 4768 cum
475 4702 520 4768 ad
535 4721 596 4766 vos
611 4707 646 4764 et
662 4701 736 4765 loca
751 4709 861 4764 vestra
876 4698 1102 4784 pervenerint,
1118 4718 1180 4782 pro
1195 4706 1309 4763 nostra
1326 4708 1360 4763 et
1375 4699 1464 4765 dicte
1481 4699 1574 4765 Sedis
1597 4720 1635 4764 ac
1659 4700 1748 4783 regia

309 4830 311 4848 .
387 4805 583 4886 reverentia,
594 4804 739 4888 benigne
751 4803 898 4888 recipere
910 4812 946 4867 et
958 4803 1104 4867 humane
1117 4810 1261 4867 tractare
1277 4802 1409 4880 curetis,
1420 4804 1546 4868 nullam
1562 4804 1610 4868 eis
1627 4804 1748 4883 eund0,

319 5115 332 5174 x
422 5053 741 5113 anniversitatibusrer.
761 5053 1608 5117 110.-u.110biliumetvrnnqomrrq.110.-.equterram
1602 5058 1647 5117 qui
1669 5058 1748 5105 ctiam

398 5149 440 5175 rm
461 5137 505 5175 lm
