4409 6017
519 669 582 734 494
1062 667 1210 736 Huitilme
1230 667 1332 733 annes.

519 825 553 885 et
569 818 795 906 suspensionis
819 817 987 884 interdicti
1011 817 1239 904 predictorum
1265 837 1325 903 per
1350 836 1422 898 nos,
1449 822 1487 881 ut
1508 816 1682 904 perfertur,
1705 815 1876 892 factarum,

518 929 686 988 resumere
701 941 741 988 ac
756 921 910 1008 prosequi
926 922 1030 988 libere
1045 921 1193 1002 valeant,
1221 920 1332 1006 quoad
1358 919 1547 1006 hujusmodi
1572 929 1706 987 ceteros
1722 918 1875 985 articulos

520 1025 669 1091 nondum
685 1046 745 1112 per
760 1025 1041 1112 compositionem
1057 1024 1196 1112 sopitos,
1212 1024 1272 1090 sed
1288 1024 1374 1089 infra
1389 1023 1518 1090 dictum
1533 1023 1730 1105 triennium,
1746 1023 1775 1088 si
1794 1021 1875 1085 Deus

520 1129 647 1212 faverit,
663 1129 853 1216 sopiendos.
863 1129 958 1195 Nulli
974 1135 1039 1195 etc.
1055 1137 1169 1195 nostre
1184 1128 1392 1209 sublationis,
1404 1126 1639 1213 suspensionis,
1652 1124 1876 1192 concessionis

519 1242 553 1299 et
565 1233 749 1299 voluntatis
763 1232 942 1318 infringere
956 1238 1022 1298 etc.
1039 1231 1119 1297 Dat.
1136 1231 1235 1297 Avin.
1254 1236 1271 1296 6
1288 1253 1367 1298 non.
1384 1231 1462 1296 maii
1478 1251 1569 1297 anno
1583 1233 1612 1297 8.

561 1336 602 1402 In
618 1337 763 1403 eundern
786 1336 924 1402 modum
944 1336 1076 1403 dilectis
1095 1335 1206 1402 filiis..
1227 1334 1475 1421 Affligemensis
1501 1343 1536 1400 et
1548 1385 1570 1400 ..
1592 1334 1634 1400 de
1657 1332 1755 1400 Loco
1768 1332 1875 1399 Sancti

518 1439 676 1506 Bemardi
693 1461 733 1506 ac
748 1440 862 1507 Sancti
879 1439 1057 1507 Michaelis
1072 1439 1349 1525 Antwerpiensis,
1366 1437 1616 1505 Cameracensis
1629 1436 1790 1518 diocesis,
1812 1456 1875 1501 mo

516 1543 736 1610 nasteriorurn
752 1543 939 1625 abbatibus,
964 1545 1118 1610 salutem.
1139 1542 1341 1609 Auctoritati
1361 1550 1418 1608 etc.
1435 1563 1539 1627 usque
1553 1541 1672 1608 faverit
1688 1539 1876 1627 sopiendos.

516 1645 683 1731 Quocirca
697 1648 898 1713 mandamus
914 1653 1078 1731 quatenus
1093 1668 1155 1712 vos
1171 1647 1225 1712 vel
1240 1646 1308 1712 duo
1323 1654 1382 1712 aut
1397 1666 1482 1712 unus
1497 1654 1654 1727 vestrum,
1670 1666 1733 1732 per
1750 1665 1815 1711 vos
1829 1644 1876 1708 vel

515 1750 617 1816 alium
632 1771 692 1816 seu
706 1750 799 1830 alios,
816 1749 1003 1836 hujusmodi
1019 1750 1244 1816 sublationem
1258 1749 1425 1816 sententie
1441 1770 1481 1815 ac
1496 1749 1753 1836 suspensionem
1782 1748 1877 1812 inter·

515 1853 596 1920 dicti
612 1853 838 1939 predictorum
865 1874 999 1919 necnon
1023 1853 1276 1920 concessionem
1301 1862 1336 1919 et
1360 1852 1574 1920 voluntatem
1600 1860 1745 1932 nostras,
1775 1851 1832 1917 ubi
1848 1861 1878 1915 et

516 1957 651 2041 quando
665 1955 823 2043 expedire
838 1956 997 2038 videritis,
1010 1957 1193 2023 solenniter
1201 1957 1371 2045 publicare
1381 1957 1513 2023 curetis.
1525 1957 1558 2020 Si
1570 1964 1696 2036 autem,
1708 1964 1878 2020 transacto

515 2059 668 2145 predicto
682 2059 839 2142 triennio,
850 2059 988 2126 eosdem
1003 2060 1157 2146 maJores,
1170 2061 1353 2147 complices
1370 2068 1405 2126 et
1421 2061 1568 2126 fautores
1582 2080 1624 2124 eo
1641 2059 1715 2145 ipso
1731 2058 1878 2124 recidere

515 2165 548 2228 in
564 2164 768 2229 sententiam
784 2164 1006 2246 antedictam,
1022 2185 1062 2231 ac
1077 2164 1158 2230 dicti
1173 2164 1369 2231 monasterii
1386 2173 1421 2229 et
1436 2164 1517 2230 alias
1529 2162 1688 2229 ecclesias
1699 2162 1878 2249 prelibatas

514 2266 624 2332 eidem
640 2267 820 2333 interdicto
836 2268 909 2354 ipso
926 2267 1015 2334 facto
1031 2269 1204 2353 subjacere
1219 2268 1306 2334 sicut
1320 2268 1420 2354 prius,
1433 2268 1529 2351 juxta
1544 2266 1742 2353 premissam
1764 2267 1877 2332 volun·

513 2377 619 2436 tatem
634 2379 794 2451 nostram,
809 2370 950 2437 fortasse
966 2370 1154 2456 contigerit,
1171 2393 1232 2437 vos
1256 2380 1380 2437 extunc
1408 2370 1577 2457 predictos
1600 2370 1760 2454 majores,
1789 2389 1877 2436 com·

512 2473 617 2558 plices
642 2483 678 2539 et
701 2473 848 2541 fautores
877 2475 912 2540 in
941 2474 1070 2541 dictam
1099 2475 1303 2540 sententiam
1326 2474 1439 2540 taliter
1465 2472 1621 2540 recidisse
1651 2493 1692 2538 ac
1723 2473 1874 2558 ejusdem

512 2576 703 2642 monasterii
729 2587 763 2644 et
792 2577 874 2644 alias
902 2578 1063 2644 ecclesias
1093 2587 1296 2645 memoratas
1325 2576 1507 2644 interdicto
1537 2563 1710 2662 subjacere
1741 2576 1875 2663 prefato

512 2677 674 2763 similiter,
689 2681 745 2747 ubi
762 2687 797 2747 et
812 2682 948 2766 quando
964 2682 1122 2769 expedire
1138 2682 1298 2763 videritis,
1314 2681 1447 2769 publice
1462 2680 1641 2746 nuncietis.
1667 2679 1750 2746 Dat.
1779 2681 1877 2747 Avin

514 2784 531 2844 6
547 2801 628 2848 non.
644 2783 724 2850 maii
740 2805 830 2851 anno
843 2787 873 2851 8.
890 2807 908 2848 a

545 2919 606 2981 Reg.
618 2922 666 2970 Av.
680 2923 721 2980 20,
735 2921 753 2970 f.
766 2923 814 2971 516
825 2938 831 2980 3
843 2922 903 2972 vat.
917 2925 956 2983 77,
969 2923 988 2972 f.
1005 2925 1055 2984 ll',
1066 2938 1092 2974 n.
1108 2925 1180 2974 1032.

559 3108 696 3193 1332.
1601 3143 1698 3208 1524,
1713 3125 1741 3187 8
1756 3125 1835 3189 mai.

557 3224 659 3292 Petro
673 3227 838 3311 Arquerii,
851 3227 981 3293 decano
1004 3229 1148 3294 ecclesie
1175 3227 1468 3313 Rothomagensis,
1495 3226 1644 3313 quitatur
1670 3226 1713 3292 de
1739 3226 1877 3293 summis

511 3328 727 3414 pecuniarum
753 3331 896 3418 receptis
913 3335 956 3397 ab
971 3335 1093 3398 abbate
1110 3341 1145 3398 et
1161 3340 1331 3398 conventu
1346 3330 1538 3397 monasterii
1555 3331 1587 3396 S.
1611 3329 1765 3396 Bavonis
1790 3330 1876 3396 Gau·

513 3432 634 3514 densis,
661 3432 704 3500 0.
721 3435 753 3501 S.
774 3434 824 3517 B,
850 3435 1074 3502 Tornacensis
1097 3435 1249 3518 diocesis,
1276 3457 1408 3502 necnon
1433 3457 1452 3501 a
1473 3435 1627 3501 Galvano
1657 3433 1774 3514 Galle,
1805 3437 1876 3501 cire

510 3537 659 3619 Astensi,
680 3549 917 3627 commorante
945 3541 979 3605 in
1006 3541 1109 3627 opido
1135 3541 1177 3607 de
1202 3541 1305 3621 Alles,
1330 3538 1527 3605 Leodiensis
1553 3538 1706 3621 diocesis,
1733 3548 1771 3604 et
1806 3539 1874 3605 aliis

510 3642 680 3708 nonnullis
696 3642 738 3708 de
753 3644 884 3726 Alosto,
898 3643 1149 3710 Cameracensis
1164 3645 1316 3710 diocesis.

557 3832 574 3873 u
592 3809 727 3877 Dilecto
743 3811 812 3877 filio
829 3812 930 3878 Petro
954 3814 1116 3899 Arquerii,
1133 3813 1261 3879 decano
1285 3813 1425 3879 ecclesie
1453 3811 1749 3895 Rothomagensis,
1767 3813 1871 3899 capel-

510 3914 588 3978 lano
603 3923 730 3981 nostro,
747 3914 908 3982 Exhibita
922 3916 1019 3983 nobis
1035 3926 1093 3983 tua
1108 3917 1229 4005 petitio
1239 3917 1436 3984 continebat
1448 3915 1538 4001 quod
1548 3915 1629 3981 olim
1641 3935 1702 4001 per
1711 3914 1869 3981 dilectum

511 4016 616 4083 filium
633 4017 858 4086 Benedictum
888 4021 1073 4103 Rotarium,
1089 4021 1200 4088 civem
1227 4024 1418 4104 Astensem,
1445 4021 1487 4086 de
1514 4020 1670 4088 omnibus
1684 4025 1787 4093 bonis
1810 4024 1868 4092 suis

510 4123 687 4189 mobilibus
714 4124 748 4188 in
782 4124 1034 4209 quibuscunque
1062 4125 1331 4202 consistentibus,
1364 4124 1486 4190 debitis
1512 4134 1547 4190 et
1576 4145 1712 4212 quoque
1741 4127 1868 4196 creditis

511 4224 620 4310 ipsum
635 4226 825 4312 ubicunque
841 4229 1124 4314 contingentibus,
1141 4229 1362 4313 omnibusque
1374 4228 1502 4314 juribus
1520 4227 1588 4315 [et]
1607 4231 1801 4300 actionibus
1814 4230 1866 4298 sibi

511 4332 784 4416 competentibus
806 4341 841 4396 et
865 4332 1096 4418 competituris
1121 4332 1375 4417 quomodolibet
1399 4332 1431 4397 in
1453 4331 1590 4413 eisdem,
1614 4354 1676 4419 pro
1691 4355 1754 4402 sue
1771 4337 1866 4402 salute

512 4434 635 4517 auime,
648 4435 745 4501 nobis
761 4445 796 4502 et
812 4436 954 4502 ecclesie
971 4436 1124 4503 Romane
1140 4437 1229 4503 facta
1244 4436 1437 4518 donatione,
1459 4437 1678 4504 concessione
1694 4449 1731 4506 et
1748 4438 1865 4508 meliori

507 4537 580 4621 jure
602 4559 668 4623 quo
685 4540 795 4624 potuit
811 4540 972 4622 cessione,
990 4561 1051 4607 nos
1067 4540 1127 4607 tibi
1144 4550 1181 4607 ut
1198 4562 1255 4627 per
1271 4550 1306 4606 te
1321 4542 1377 4606 vel
1392 4541 1495 4607 alium
1510 4561 1569 4608 seu
1591 4542 1686 4626 alios,
1702 4565 1823 4612 omnes
1838 4553 1866 4608 et

511 4641 658 4726 singulos
680 4664 763 4726 quos
779 4644 843 4709 civi
859 4644 1022 4731 predict0,
1037 4646 1091 4709 vel
1109 4645 1164 4710 alii
1181 4666 1239 4710 seu
1254 4645 1327 4710 aliis
1342 4666 1403 4731 pro
1423 4645 1553 4727 eodem,
1569 4644 1603 4710 in
1621 4647 1866 4736 quibuscunque

511 4746 728 4831 pecuniarum
745 4748 883 4814 summis
899 4769 958 4815 seu
973 4749 1046 4814 aliis
1061 4749 1240 4814 mobilibus
1254 4750 1351 4814 bonis
1367 4771 1407 4814 ex
1423 4770 1624 4835 quacunque
1648 4773 1755 4820 causa
1772 4752 1867 4822 teneri

511 4868 571 4934 per
586 4849 785 4917 sufficientia
807 4852 868 4918 tibi
892 4854 1095 4918 documenta
1112 4862 1291 4934 constaret,
1308 4853 1350 4919 ad
1366 4853 1563 4919 solvendum
1579 4864 1614 4919 et
1629 4857 1868 4927 restituendum

512 4955 567 5018 illa
583 4952 643 5018 tibi
660 4956 713 5019 vel
731 4954 776 5019 illi
800 4976 859 5021 seu
883 4956 956 5037 illis,
981 4977 1079 5042 quem
1099 4958 1154 5021 vel
1170 4977 1254 5042 quos
1269 4956 1311 5022 ad
1327 4957 1392 5022 hoc
1407 4957 1636 5044 deputandum
1657 4960 1802 5030 duceres
1822 4963 1869 5028 uel

511 5057 614 5122 etiam
641 5057 863 5144 deputandos,
887 5080 946 5146 per
972 5081 1147 5127 censuram
1171 5060 1433 5127 ecclesiasticam
1458 5062 1688 5148 compelleres,
1719 5069 1870 5156 quodque
