4409 6017
895 754 1063 831 Quatrieme
1084 758 1186 820 annte.
1659 762 1715 826 315

352 901 523 983 videbitis,
549 912 669 990 etque
692 903 865 991 profutura
890 906 1049 972 noveritis
1073 905 1255 973 efficaciter
1269 916 1518 993 prosequentes,
1542 911 1715 996 presertim

354 1006 435 1092 quia
451 1008 544 1094 pacis
559 1008 665 1076 hostis
680 1018 714 1075 et
730 1009 968 1076 discordiarum
984 1011 1111 1077 amicus
1132 1032 1201 1076 non
1217 1012 1410 1078 dormitabit
1426 1034 1534 1098 neque
1549 1015 1693 1081 dormiet
1707 1039 1715 1095 ;

355 1112 427 1195 sed,
451 1115 538 1182 sicut
552 1137 637 1199 ursa,
652 1117 757 1204 raptis
775 1117 906 1199 fetibus,
929 1117 1008 1184 hinc
1030 1125 1066 1184 et
1089 1117 1166 1184 inde
1189 1138 1319 1184 currere
1349 1125 1384 1184 et
1407 1118 1545 1184 circuire
1569 1139 1637 1185 non
1661 1119 1717 1185 de·

356 1219 457 1302 sinet,
484 1243 668 1308 quousque,
691 1223 781 1307 quod
808 1222 904 1302 absit,
931 1229 1105 1309 recuperet
1127 1244 1211 1308 quos
1234 1242 1294 1309 per
1319 1243 1439 1309 pacem
1465 1222 1654 1307 hujusmodi
1682 1245 1716 1290 se

356 1324 494 1391 estimat
520 1327 713 1413 perdidisse.
729 1325 872 1411 Vigilate
894 1326 993 1412 igitur
1013 1334 1131 1393 contra
1162 1327 1232 1412 ejus
1258 1327 1393 1393 insidias
1419 1333 1454 1392 et
1479 1334 1572 1393 orate
1588 1336 1625 1393 ut
1646 1329 1716 1413 ejus

355 1428 490 1511 possitis
505 1430 669 1497 malitiam
684 1430 847 1518 sapientia
863 1451 1028 1517 superare,
1044 1430 1157 1497 scituri
1173 1431 1264 1516 quod
1279 1431 1305 1497 si
1318 1451 1377 1517 per
1386 1451 1449 1497 nos
1463 1432 1592 1517 possint
1607 1432 1717 1517 aliqua

355 1534 535 1617 procurari,
551 1555 611 1621 per
626 1555 691 1619 que
703 1554 768 1621 par
784 1534 854 1621 ipsa
869 1534 976 1620 possit
991 1534 1096 1601 fulciri
1114 1535 1256 1621 amplius
1270 1535 1325 1600 vel
1340 1535 1471 1621 plenius
1481 1535 1628 1616 stabiliri,
1639 1536 1715 1603 soli·

355 1636 472 1705 citudo
494 1647 609 1705 nostra
632 1659 703 1705 non
726 1638 843 1719 deerit,
859 1638 929 1719 sed,
954 1638 1056 1705 dante
1082 1639 1241 1721 Domino,
1266 1638 1382 1720 aderit,
1406 1659 1513 1725 eaque
1536 1659 1717 1726 procurans

355 1742 498 1824 solicite,
513 1743 610 1809 vobis
625 1742 660 1809 in
674 1743 793 1810 vestris
808 1743 946 1828 agendis
961 1764 997 1809 se
1012 1743 1202 1830 propitiam,
1219 1750 1382 1828 quantum
1398 1763 1475 1810 cum
1491 1743 1567 1810 Deo
1582 1746 1717 1831 poterit,
1747 1789 1749 1792 -

354 1846 537 1914 exhibebit.
553 1847 632 1914 Dat.
648 1847 749 1914 Avin.
767 1868 784 1932 3
801 1847 845 1914 id.
860 1848 1060 1934 septembris
1071 1868 1162 1913 anno
1174 1869 1205 1932 4.

400 1950 441 2016 ln
458 1952 603 2018 eundem
618 1951 758 2017 modum
774 1952 904 2017 dilectis
920 1951 994 2017 filiis
1010 1951 1210 2018 comunitati
1226 1951 1304 2017 ville
1319 1950 1362 2017 de
1375 1950 1550 2019 Gandavo.

400 2054 441 2121 ln
458 2055 603 2121 eundem
619 2056 757 2122 modum
772 2055 905 2122 dilectis
921 2055 996 2121 filiis
1012 2055 1210 2122 comunitati
1226 2055 1305 2121 ville
1321 2055 1489 2141 Yprensis.

400 2158 441 2225 ln
457 2160 602 2226 eundem
618 2159 756 2226 modum
772 2158 904 2226 dilectis
921 2159 995 2225 filiis
1010 2158 1210 2226 comunitati
1226 2159 1305 2225 ville
1322 2159 1572 2258 Dixmudensis.
1590 2183 1607 2224 1)

388 2291 451 2353 Reg.
466 2291 525 2340 Vat.
541 2291 595 2347 110,
608 2303 667 2352 pars
680 2293 699 2348 Ι,
711 2290 730 2340 i.
745 2294 784 2348 65,
797 2303 822 2339 n.
836 2290 892 2338 213.
907 2317 939 2325 —
951 2290 1058 2348 Goulou,
1071 2304 1097 2338 n.
1113 2290 1160 2336 936
1172 2290 1188 2337 ὲ
1200 2290 1255 2338 940.

400 2463 515 2553 763.
1316 2498 1411 2565 1319,
1429 2499 1471 2543 12
1486 2470 1674 2567 septembre.

400 2581 547 2661 Johanni
558 2583 650 2650 dicto
661 2582 844 2664 Rennuart,
868 2584 1043 2669 capellano
1060 2582 1231 2662 Beatricis,
1255 2583 1424 2650 comitisse
1442 2581 1717 2667 Luceburgensis,

355 2686 528 2756 confertur
543 2688 761 2754 canonicatus
784 2687 924 2753 ecclesie
952 2687 987 2753 S.
1003 2686 1157 2771 Dionysii
1185 2685 1380 2753 Leodiensis
1395 2688 1455 2753 sub
1480 2685 1717 2772 expectatione

354 2791 538 2880 prebende,
561 2794 808 2858 nonobstante
835 2791 926 2877 quod
951 2798 1155 2877 perpetuam,
1172 2790 1330 2857 vicariam
1355 2790 1497 2858 ecclesie
1523 2790 1565 2857 de
1589 2791 1719 2856 Avroto

355 2903 453 2962 extra
468 2915 581 2962 muros
598 2894 815 2975 Leodienses,
831 2914 909 2961 cum
924 2914 1011 2975 cura,
1028 2893 1169 2961 obtinet.

399 2998 474 3065 Tue
486 3000 673 3086 probitatis.
683 3050 706 3066 ..

401 3103 482 3170 Dat.
497 3104 598 3172 Avin.
616 3126 633 3170 2
647 3104 690 3170 id.
707 3103 906 3189 septembris
921 3122 1010 3169 anno
1026 3125 1056 3187 4.

401 3204 444 3273 In
459 3227 489 3273 e.
505 3228 550 3274 m.
566 3208 679 3274 abbati
694 3207 886 3274 monasterii
904 3205 1066 3285 S.Jacobi
1082 3213 1118 3272 et
1132 3205 1262 3273 decano
1278 3204 1309 3271 S.
1320 3203 1485 3283 Johannis
1500 3226 1540 3272 ac
1556 3204 1718 3274 archidia-

354 3331 447 3379 cono
463 3312 506 3379 de
520 3312 679 3378 Ardenna
694 3311 829 3396 majoris
844 3311 1060 3377 ecclesiarum
1077 3310 1328 3376 Leodiensium.

389 3444 453 3503 Reg.
467 3446 513 3493 Ar.
527 3444 564 3501 13,
576 3444 595 3498 f.
610 3446 647 3497 2·';
661 3441 718 3490 vat.
732 3443 801 3501 70,1.
814 3444 851 3499 80,
865 3457 890 3489 11.
903 3445 926 3491 l.

403 3606 520 3692 764.
1314 3642 1409 3707 1919,
1427 3642 1469 3686 12
1484 3624 1677 3710 septembre.

400 3727 527 3793 Abbati
543 3725 734 3793 monasterii
750 3725 793 3790 de
816 3725 848 3791 S.
865 3723 1008 3805 Gilleno,
1021 3724 1276 3792 Cameracensis
1306 3725 1457 3805 diocesis,
1484 3746 1524 3791 ac
1551 3727 1721 3812 preposito

356 3830 610 3897 Cameracensis
625 3831 766 3896 ecclesie
782 3831 960 3895 mandatur
975 3837 1140 3913 quatenus
1156 3830 1294 3895 domum
1310 3831 1352 3895 de
1369 3829 1553 3909 Belloloc0,
1570 3850 1636 3914 que
1658 3829 1721 3895 fuit

355 3935 530 4020 quondam
545 3933 670 4000 ordinis
685 3933 801 3999 militie
814 3933 957 4019 Templi,
970 3934 1068 3998 sitam
1085 3942 1180 3999 extra
1195 3934 1308 3999 villam
1321 3934 1363 3999 de
1381 3933 1583 4013 Valencinis,
1600 3932 1720 3998 Came·

355 4038 503 4105 racensis
519 4038 670 4118 diocesis,
687 4037 858 4123 applicent
873 4037 1078 4102 monasterio
1093 4038 1289 4102 monialium
1305 4037 1348 4104 de
1364 4036 1578 4103 Bellomonte
1594 4037 1660 4102 sito
1687 4036 1720 4100 in

355 4142 510 4229 predicta
534 4142 612 4207 villa
634 4141 675 4207 de
700 4140 901 4221 Valencinis,
924 4162 944 4207 a
968 4140 1140 4226 quondam
1166 4141 1317 4207 Henrico
1345 4142 1545 4226 imperatore
1570 4140 1720 4218 fundat0,

356 4245 545 4312 dummodo
568 4267 588 4310 a
613 4244 775 4325 Beatrice,
800 4244 969 4310 comitissa
996 4244 1254 4329 Luceburgensi,
1271 4255 1378 4311 matre
1400 4244 1552 4329 jamdicti
1571 4243 1720 4324 Henrici,

356 4349 587 4436 possessiones
603 4348 833 4432 equivalentes
848 4348 1058 4432 assignentur
1076 4347 1245 4434 Hospitali
1263 4349 1294 4414 S.
1310 4348 1476 4427 Johannis
1492 4347 1720 4425 Jherosolimi-

358 4453 441 4533 tani,
457 4451 501 4517 ad
516 4451 607 4536 quod
616 4451 707 4517 dicta
723 4451 842 4516 domus
858 4451 1016 4536 pertinet.

403 4555 534 4621 Cuncta
550 4565 673 4620 vota...

403 4661 484 4724 Dat.
496 4658 596 4724 Avin.
615 4680 631 4723 2
650 4658 693 4723 id.
710 4659 908 4743 septembris
924 4680 1015 4725 anno
1031 4682 1061 4743 4.

393 4790 455 4850 Reg.
469 4788 528 4838 Vat.
543 4793 581 4848 70,
595 4790 613 4839 i.
629 4791 678 4847 801,
693 4803 716 4836 11.
730 4791 752 4838 0.
768 4816 797 4823 -
812 4789 962 4841 Sauerland.
976 4804 1001 4838 n.
1015 4792 1062 4837 536
1074 4790 1217 4851 (extruits).

405 4957 520 5040 765·
1179 4979 1181 4985 “
1317 4991 1411 5056 1919,
1432 4990 1471 5034 12
1486 4973 1675 5057 septembre.

406 5073 621 5159 Indulgentia
636 5084 772 5141 centum
788 5076 916 5141 dierum
933 5075 1144 5141 visitantibus
1169 5076 1344 5141 ecclesiam
1369 5075 1564 5139 monialium
1590 5096 1722 5141 monas·

361 5178 435 5249 terii
458 5178 500 5249 de
523 5178 737 5250 Bellomonte
776 5180 809 5245 in
835 5180 912 5244 villa
933 5179 974 5246 de
1000 5178 1200 5259 Valencinis,
1228 5178 1479 5247 Cameracensis
1509 5178 1660 5258 diocesis,
1688 5180 1722 5244 in
