4409 6017
512 744 578 817 870
1043 742 1212 833 nuquam
1232 751 1335 818 mute.

556 898 611 964 Ad
626 898 799 963 illorum...

557 1001 637 1068 Dat.
652 1000 753 1067 Avin.
770 1018 790 1086 7
805 999 871 1067 kal.
883 1000 967 1086 Junii
982 1020 1074 1068 anno
1091 1020 1122 1087 5.

558 1105 598 1171 In
625 1128 655 1171 e.
675 1127 721 1171 m.
745 1105 777 1171 S.
795 1105 888 1171 Pauli
905 1114 939 1171 et
963 1106 995 1172 S.
1011 1106 1154 1173 Dionisii
1171 1105 1410 1173 Leodiensiurn
1425 1105 1561 1174 decanis
1576 1125 1616 1172 ac
1631 1104 1799 1191 magistro
1817 1100 1864 1182 Jo

512 1209 616 1281 hanni
631 1209 675 1275 de
690 1207 814 1291 Rooca,
829 1209 995 1276 canonico
1010 1208 1237 1297 Neapolitane
1252 1211 1481 1279 ecclesiarum.

544 1369 606 1430 neg.
619 1370 668 1418 av.
681 1368 718 1428 ra
731 1366 750 1418 1
765 1369 846 1416 nava
858 1383 865 1426 ;
877 1367 937 1419 vat.
953 1369 992 1429 1ο,
1003 1369 1022 1418 r.
1034 1369 1090 1430 610,
1105 1383 1134 1420 n.
1146 1366 1227 1418 11141
1238 1386 1244 1429 ;
1257 1369 1316 1420 va.
1328 1372 1370 1433 11,
1383 1370 1402 1422 1.
1423 1369 1526 1430 11111.
1541 1368 1614 1418 rear.

556 1566 674 1650 948.
1579 1602 1679 1666 1321,
1694 1581 1743 1648 26
1757 1582 1831 1648 mai.

555 1684 701 1755 Nicolao
716 1691 759 1757 de
775 1692 874 1757 Petra
889 1690 1058 1757 confertur
1083 1691 1301 1759 canonicatus
1325 1695 1465 1761 ecclesie
1489 1696 1718 1766 Tomacensis
1746 1699 1806 1765 sub
1820 1716 1866 1762 er·

511 1792 707 1875 pectatione
722 1795 892 1881 prebende
907 1815 947 1861 ac
961 1795 1133 1880 dignitatis
1147 1797 1202 1861 vel
1217 1806 1415 1883 personatus
1431 1820 1490 1866 seu
1505 1801 1618 1885 officii,
1632 1823 1705 1870 non
1719 1804 1865 1869 obstante

510 1895 601 1979 quod
615 1896 650 1962 in
666 1897 704 1965 B.
721 1898 759 1965 M
763 1901 830 1966 arie
846 1898 1024 1985 Brugensis
1038 1900 1283 1987 preposituram
1298 1910 1333 1968 et
1349 1904 1383 1968 in
1399 1903 1431 1971 S.
1447 1904 1628 1974 Salvatoris
1641 1906 1866 1973 Harlebecen·

411 1996 414 2002 ’
510 1998 555 2063 sis
570 2008 604 2065 et
620 2001 651 2068 S.
668 2003 806 2070 Servatii
822 2002 1046 2089 Trajectensis
1061 2004 1221 2087 ecclesiis,
1237 2004 1459 2075 Tomacensis
1473 2019 1483 2045 ⁶
1498 2019 1533 2077 et
1545 2009 1750 2079 Leodiensis
1761 2009 1863 2077 dioce-

510 2121 594 2185 sum,
610 2107 828 2173 canonicatus
843 2115 878 2173 et
893 2108 1080 2193 prebendas
1096 2108 1238 2176 obtinet.

554 2205 733 2275 Probitatis
749 2209 908 2277 merita...

552 2309 632 2376 Dat.
648 2312 747 2380 Avin.
764 2331 783 2399 7
800 2313 866 2380 kal.
879 2312 962 2400 junii
979 2332 1069 2379 anno
1087 2331 1117 2398 5.

554 2412 594 2479 In
608 2436 637 2481 e.
650 2437 694 2484 m.
705 2419 817 2484 abbati
827 2418 1020 2485 monasterii
1036 2417 1068 2482 S.
1085 2415 1223 2483 Martini
1239 2417 1462 2487 Tomacensis
1477 2430 1513 2489 et
1521 2423 1696 2510 preposito
1707 2424 1866 2492 Harlebe·

509 2520 629 2603 censis,
650 2520 872 2589 Tomacensis
895 2522 1047 2605 diocesis,
1074 2542 1115 2588 ac
1133 2521 1295 2607 magistro
1317 2522 1468 2602 Johanni
1492 2528 1535 2594 de
1560 2527 1686 2613 Rocm,
1708 2529 1867 2597 canonico

510 2621 739 2711 Neapolitane
759 2627 984 2694 ecclesiarum.

542 2770 603 2831 aeg.
618 2772 665 2821 av.
682 2774 721 2831 ra,
735 2772 754 2822 1.
766 2775 827 2823 niv
837 2766 851 2803 ⁴
863 2789 870 2832 ;
882 2774 942 2825 vat.
957 2773 1029 2834 11,1.
1043 2773 1099 2833 191,
1113 2789 1140 2825 n.
1154 2774 1225 2824 1298.

556 2971 675 3056 949·
1580 3005 1678 3069 1321,
1694 2984 1740 3050 26
1755 2985 1834 3050 mai.

554 3088 699 3158 Nicolao
714 3092 756 3158 de
772 3092 961 3178 Winghine‚
977 3093 1070 3159 dicto
1086 3092 1129 3159 de
1146 3091 1250 3173 Mole,
1261 3091 1430 3159 confertur
1445 3090 1664 3158 canonicatus
1678 3088 1823 3155 ecclesie
1833 3086 1870 3151 de

512 3191 688 3279 Messines,
699 3196 901 3263 M-orinensis
916 3197 1067 3279 diocesis,
1084 3200 1145 3263 sub
1161 3197 1398 3282 expectatione
1419 3194 1599 3283 prebende.

556 3296 738 3366 Personam
753 3309 888 3367 tuam...

555 3404 635 3470 Dat.
650 3405 750 3470 Avin.
767 3421 787 3489 7
803 3404 869 3470 kal.
882 3403 966 3489 junii
982 3423 1072 3468 anno
1090 3421 1119 3488 5.

556 3506 596 3573 In
612 3529 641 3575 e.
657 3530 702 3574 m.
719 3509 750 3574 S.
768 3506 905 3573 Martini
917 3506 1075 3593 Yprensis
1090 3515 1126 3571 et
1142 3504 1414 3585 Formeselensis,
1424 3503 1629 3572 Morinensis
1638 3505 1795 3587 diocesis,
1805 3524 1870 3569 mo

511 3612 733 3683 nasteriomm
747 3611 925 3698 prepositis
940 3631 980 3676 ac
995 3611 1154 3694 magistro
1169 3609 1188 3687 J
1192 3610 1315 3675 ohanni
1343 3609 1386 3675 de
1411 3609 1535 3692 Rocca,
1552 3610 1720 3676 canonico
1737 3609 1869 3693 Neapo-

512 3719 629 3786 litan0.

547 3866 607 3926 neg.
620 3865 668 3913 nv.
684 3863 721 3920 13,
734 3861 752 3909 1.
765 3862 824 3909 111ν
836 3859 992 3922 (fragment)
1003 3866 1029 3916 e;
1043 3860 1101 3907 rat..
1115 3860 1153 3919 11,
1166 3859 1183 3907 r.
1198 3860 1251 3918 193,
1264 3860 1373 3911 1113111.

558 4055 674 4139 950.
1584 4090 1681 4153 1321,
1697 4071 1740 4136 26
1756 4093 1831 4136 mar.

559 4171 696 4257 Hugoni
726 4169 769 4236 de
799 4169 930 4252 Buerst,
960 4171 1157 4236 marescallo
1188 4170 1354 4255 Flandrie,
1378 4171 1488 4253 militi,
1509 4172 1708 4240 conceditur
1737 4174 1867 4241 facultas

515 4275 674 4341 fundandi
691 4295 794 4340 unam
809 4275 972 4359 capellam
988 4276 1072 4342 infra
1095 4278 1236 4343 alteram
1258 4277 1507 4363 parrochiarum
1522 4278 1565 4344 de
1590 4276 1798 4364 Holringhen
1819 4276 1863 4339 vel

514 4380 556 4446 de
575 4379 687 4460 Oroir,
711 4378 961 4444 Cameracensis
982 4379 1135 4460 diocesis,
1159 4401 1259 4465 quam
1281 4381 1445 4462 maluerit,
1462 4382 1495 4446 in
1519 4382 1684 4448 honorem
1708 4382 1746 4450 B.
1770 4379 1863 4448 Marie

514 4483 657 4568 Virginis
671 4490 706 4548 et
722 4481 760 4548 B.
777 4481 889 4549 Brixii.

558 4587 769 4652 Devotorum
783 4594 875 4652 vota.
883 4637 904 4651 ..

558 4691 637 4757 Dat.
652 4690 753 4757 Avin.
770 4707 789 4775 7
805 4690 872 4757 kal.
884 4688 967 4775 junii
983 4708 1074 4754 anno
1091 4706 1120 4772 5.
1892 4718 1898 4920 p

548 4836 608 4897 Reg.
625 4838 674 4887 Av.
687 4839 724 4897 15,
736 4837 755 4887 f.
768 4838 815 4886 530
826 4852 832 4895 ;
844 4836 905 4889 vat.
919 4838 959 4895 72,
973 4836 992 4884 f.
1005 4836 1073 4895 2515
1088 4849 1113 4884 11.
1127 4834 1198 4883 1496.

548 5052 573 5087 a.
587 5050 617 5084 nn
629 5050 733 5098 marpe:
744 5034 850 5084 attende
864 5035 898 5083 de
915 5035 1009 5097 quinto
1021 5050 1027 5093 ;
1042 5034 1171 5083 scribetur
1181 5034 1285 5082 iterum.
1300 5058 1332 5067 -
1351 5029 1373 5081 h.
1394 5027 1470 5078 mima
1481 5044 1616 5094 rariorque
1627 5044 1677 5094 qim
1682 5043 1752 5095 paror
1762 5028 1787 5077 ta
1796 5024 1850 5072 idm
1894 5043 1897 5048 ·

513 5116 671 5182 metridate,
684 5121 739 5164 mie
749 5116 775 5168 d.
785 5146 817 5155 -
829 5132 849 5168 e.
861 5116 1005 5179 ffliccten,
1025 5116 1091 5165 dans
1108 5131 1160 5179 rep.
1180 5114 1235 5163 Vat.
1247 5142 1278 5149 -
1289 5112 1314 5164 d.
1328 5128 1359 5162 en
1374 5127 1461 5174 marpc
1469 5128 1479 5159 :
1497 5111 1603 5161 attende
1613 5111 1647 5161 de
1657 5114 1756 5174 quinto.
1767 5120 1819 5152 -θι
1827 5112 1849 5147 0⁸

516 5216 611 5263 werpe,
623 5215 652 5247 en
663 5200 806 5263 rubrique:
818 5199 926 5249 attende
937 5200 970 5247 de
978 5200 1077 5261 quinto.
