4409 6017
917 723 1044 791 Sixitmc
1064 725 1166 791 annac.
1661 732 1724 797 397

404 870 446 938 ln
464 896 493 939 e.
509 894 554 941 m.
581 873 740 962 episcopo
763 875 937 940 Parisiensi
960 883 996 940 et
1017 876 1130 941 abbati
1153 876 1345 941 monasterii
1362 875 1549 962 Stirpensis,
1568 878 1723 945 Lemovi-

355 978 472 1043 censis
487 978 640 1060 diocesis,
656 1000 695 1046 ac
711 980 840 1045 cantori
864 980 1004 1046 ecclesie
1021 978 1225 1046 Parisiensis.

392 1116 456 1178 aeg.
476 1118 522 1165 av.
536 1118 575 1177 rc,
585 1118 604 1167 r.
619 1117 678 1165 nav
690 1133 696 1175 ;
708 1117 770 1169 rat.
784 1119 824 1178 ra,
837 1118 857 1168 f.
872 1120 928 1177 aaa,
942 1133 968 1167 n.
983 1120 1038 1167 141.

405 1289 559 1373 1040.
1413 1322 1507 1385 1322,
1522 1325 1565 1389 24
1581 1307 1678 1370 avril.

401 1408 549 1476 Guidoni
564 1410 607 1476 de
623 1409 786 1477 Lauduno
813 1408 983 1475 confertur
1010 1407 1228 1474 canonicatus
1243 1407 1383 1475 ecclesie
1399 1409 1647 1475 Aurelianensis
1663 1413 1723 1475 sub

352 1514 595 1599 expectatione
619 1514 800 1600 prebende,
816 1533 886 1578 non
914 1515 1072 1578 obstante
1099 1512 1191 1597 quod
1215 1511 1248 1576 in
1275 1513 1403 1598 capella
1427 1513 1528 1597 regali
1546 1512 1721 1578 Parisiensi

354 1617 599 1683 thesaurariam
624 1627 659 1683 et
683 1618 716 1682 in
736 1616 921 1698 Parisiensi,
946 1616 1160 1681 Laudnnensi
1176 1624 1210 1681 et
1227 1614 1265 1681 B.
1283 1614 1391 1682 Maria
1407 1614 1642 1698 Condatensis,
1660 1616 1723 1682 Ca-

354 1722 562 1787 meracensis
577 1721 730 1803 diocesia,
746 1721 896 1788 ecclesiis
912 1720 1131 1786 canonicatus
1147 1727 1181 1785 et
1196 1720 1383 1806 prebendas
1406 1720 1548 1786 obtinet.

402 1825 459 1890 Ad
474 1845 652 1911 personam
668 1834 802 1890 tuam...

404 1929 484 1995 Dat.
500 1928 599 1995 Avin.
617 1931 635 1994 8
652 1928 718 1995 kal.
734 1929 811 1994 maii
828 1949 919 1995 anno
936 1932 965 1994 6.

404 2032 445 2097 ln
467 2054 496 2098 e.
517 2054 563 2098 m.
578 2032 611 2098 S.
630 2031 786 2117 Maglorii
811 2031 1005 2098 Parisiensis
1026 2038 1061 2096 et
1087 2030 1120 2095 S.
1144 2029 1303 2095 Germani
1326 2031 1368 2097 de
1388 2029 1496 2096 Pratis
1515 2031 1611 2117 juxta
1633 2031 1722 2096 Pari-

355 2135 427 2199 sius
447 2134 727 2199 monasteriorum
747 2133 924 2200 abbatibus
944 2153 984 2198 ac
1002 2132 1163 2218 magistro
1184 2131 1286 2197 Petro
1306 2132 1348 2198 de
1369 2132 1508 2216 Fractis,
1534 2136 1722 2222 primicerio

356 2238 503 2304 ecclesie
525 2236 702 2303 Gaietane.

392 2366 454 2427 aeg.
469 2369 520 2419 nv.
535 2369 573 2427 rc,
585 2367 604 2416 r.
620 2369 678 2423 ran
695 2367 754 2416 ναι.
768 2368 807 2425 13,
820 2366 841 2417 r.
852 2367 920 2425 rosv,
930 2378 956 2414 n.
971 2366 1028 2413 rao.

406 2542 551 2624 1041.
1411 2575 1506 2638 1322,
1523 2559 1568 2621 28
1581 2559 1678 2623 avril.

402 2661 551 2746 Angioni
580 2659 758 2726 Ardenchii
775 2658 944 2726 confertur
959 2658 1176 2725 canonicatus
1191 2659 1332 2725 ecclesie
1349 2658 1586 2740 MacliniensiS,
1604 2660 1722 2727 Came-

356 2765 508 2830 racensis
527 2764 680 2845 diocesis,
701 2766 762 2829 sub
781 2762 1017 2849 expectatione
1039 2763 1219 2848 prebende,
1240 2783 1308 2828 non
1333 2765 1490 2830 obstante
1511 2766 1600 2850 quod
1623 2787 1723 2832 cano-

357 2870 456 2935 nicus
479 2853 678 2934 Viennensis
704 2868 828 2933 existit.

405 2972 643 3038 Laudabilibus
659 2980 757 3038 tue...

404 3077 488 3142 Dat.
504 3076 604 3141 Avin.
622 3098 642 3160 4
658 3074 725 3142 kal.
742 3076 819 3141 maii
836 3096 926 3140 anno
944 3080 973 3142 6.

404 3179 445 3244 In
464 3201 493 3245 e.
517 3201 561 3244 m.
581 3179 623 3244 de
642 3178 845 3244 Vliderbeke
868 3187 902 3244 et
924 3179 966 3245 de
989 3178 1190 3263 Tongerloe,
1211 3176 1407 3245 Leodiensis
1423 3188 1458 3244 et
1474 3178 1723 3247 Cameracensis

354 3285 542 3364 diocesum,
566 3284 846 3349 monasteriorum
875 3282 1050 3348 abbatibus
1074 3303 1114 3349 ac
1140 3283 1312 3369 preposito
1341 3283 1483 3351 ecclesie
1510 3282 1721 3369 Maguntine.

393 3413 455 3474 Reg.
471 3415 519 3462 Ar.
536 3414 573 3471 16,
587 3413 606 3461 f.
621 3414 680 3461 408ν
696 3413 771 3471 ;Vat.
783 3416 824 3472 73,
838 3413 857 3462 f.
871 3415 938 3472 idol,
951 3428 977 3462 n.
991 3415 1045 3463 701.

406 3576 551 3657 1042.
1415 3610 1508 3672 1322,
1525 3591 1570 3653 28
1583 3591 1679 3655 avril.

404 3692 603 3759 Theobaldo
633 3692 675 3757 de
711 3691 845 3774 Meldis,
876 3692 1053 3778 capellano
1085 3699 1120 3756 et
1154 3691 1363 3757 thesaurario
1384 3693 1582 3775 Clementie,
1610 3696 1723 3780 regine

360 3798 515 3879 Francia,
537 3795 707 3863 confertur
729 3796 947 3862 canonicatus
973 3795 1115 3861 ecclesie
1134 3794 1172 3860 B.
1194 3794 1301 3860 Maria
1323 3795 1506 3881 Hoyensis,
1529 3796 1724 3864 Leodiensis

360 3902 516 3983 diocesis,
537 3903 597 3966 sub
622 3901 857 3986 expectatione
881 3900 1060 3986 prebende,
1085 3920 1154 3964 non
1186 3901 1343 3965 obstante
1373 3901 1461 3985 quod
1483 3902 1723 3987 parrochialem

362 4006 540 4071 ecclesiam
562 4004 603 4070 de
628 4002 789 4089 Grolayo,
813 4004 1027 4070 Ebroieensis
1047 4003 1202 4085 diocesis,
1222 4004 1364 4069 obtinet.

408 4110 519 4193 Digne
535 4129 674 4193 agere...

409 4214 486 4278 Dat.
503 4212 604 4277 Avin.
621 4233 640 4296 4
657 4209 724 4276 kal.
742 4211 819 4276 maii
836 4232 926 4278 anno
944 4217 972 4277 6.
1008 4290 1012 4300 Ι

408 4316 448 4381 ln
473 4339 502 4382 e.
525 4338 570 4381 m.
598 4315 759 4402 episcopo
776 4314 938 4381 Brixiensi
965 4324 1000 4381 et
1017 4316 1175 4401 magistro
1192 4314 1370 4381 Francisco
1386 4315 1427 4380 de
1446 4314 1724 4399 Monteflascone,

364 4421 605 4501 Atrebatensis,
622 4441 662 4485 ac
678 4419 829 4485 Antonio
845 4419 887 4485 de
903 4419 1052 4506 Bugella,
1069 4420 1264 4486 Leodiensis
1280 4420 1451 4486 canonicis
1467 4421 1692 4487 ecclesiarum.

398 4553 458 4612 fleg.
474 4554 521 4599 Ax.
539 4553 575 4610 77,
591 4551 608 4599 f.
621 4552 682 4605 liv,
698 4550 754 4598 Vat.
768 4552 807 4609 73,
822 4551 840 4600 f.
854 4553 923 4610 aab,
938 4566 962 4599 n.
979 4554 1033 4602 777.

409 4722 555 4804 1043
1416 4758 1510 4819 1322,
1528 4742 1574 4805 28
1585 4740 1682 4805 avril.

408 4840 589 4905 Francisco
615 4839 657 4903 de
684 4835 967 4919 Monteflascone,
985 4838 1154 4923 utriusque
1176 4838 1257 4923 juris
1281 4839 1421 4921 doctori,
1438 4843 1561 4908 clerico
1583 4852 1617 4909 et
1634 4843 1727 4909 fami-

364 4946 434 5011 liari
457 4942 656 5022 Clementie,
672 4940 785 5025 regine
803 4939 953 5023 Francia,
970 4941 1139 5008 confertur
1155 4941 1372 5009 canonicatus
1382 4944 1522 5009 ecclesie
1535 4945 1727 5012 Tomacen·

362 5050 406 5115 sis
433 5051 495 5113 sub
523 5045 758 5132 expectatione
786 5046 967 5130 prebende,
991 5068 1060 5111 non
1088 5049 1245 5112 obstante
1272 5048 1361 5132 quod
1390 5048 1423 5111 in
1450 5050 1664 5115 Atrebatensi
1692 5060 1727 5115 et

361 5150 606 5217 Silvanectensi
623 5149 841 5214 canonicatus
857 5158 891 5214 et
907 5150 1093 5236 prebendas
1120 5151 1251 5215 obtinet
1267 5158 1301 5214 et
1318 5152 1349 5215 in
1370 5150 1601 5218 Cameracensi
1622 5156 1726 5219 eccle·
