4409 6017
500 708 540 773 80
1046 708 1193 775 Premilre
1214 710 1317 776 annae.

541 855 654 942 256.
1516 894 1611 961 1317,
1628 898 1670 962 19
1677 878 1827 964 saturier.

540 975 560 1054 J
563 979 680 1056 acobo,
697 978 751 1043 SS.
767 975 930 1055 Johannis
946 985 980 1042 et
1008 977 1099 1042 Pauli
1117 977 1307 1062 presbitero.
1323 979 1491 1061 cardinali,
1506 981 1685 1047 mandatur
1700 990 1872 1066 quatenus

498 1081 635 1167 recipiat
666 1081 925 1164 resignationem
952 1082 1169 1146 canonicatus
1196 1089 1230 1146 et
1260 1082 1429 1167 prebende
1455 1084 1597 1150 ecclesie
1620 1085 1871 1150 Antlroniensis

497 1183 747 1249 Cameracensis
762 1184 913 1266 diocesis,
921 1187 962 1249 ab
973 1184 1095 1250 Odone
1111 1184 1154 1250 de
1166 1184 1387 1252 Comitisvilla
1402 1186 1525 1253 factam
1541 1188 1718 1275 dictosque
1730 1188 1871 1256 canoni-

496 1296 608 1353 catum
626 1296 659 1352 et
676 1288 878 1372 prebendam
896 1288 1046 1353 conserat
1056 1288 1201 1354 Nicolao
1211 1289 1253 1355 de
1264 1289 1697 1378 Comitisvilla,presbitero,
1704 1313 1872 1378 gennano

497 1391 598 1477 ipsius
613 1391 753 1471 Odonis,
770 1412 837 1457 non
864 1395 1030 1474 obstante,
1047 1393 1137 1476 quod
1161 1393 1249 1459 idem
1277 1392 1439 1460 Nicolaus
1455 1397 1672 1482 capellaniam
1696 1397 1871 1481 quandam

497 1495 529 1559 in
546 1495 687 1560 ecclesia
704 1494 923 1561 Noviomensi
941 1497 1081 1562 obtinet.

542 1598 627 1663 Cum
643 1599 796 1665 dilectus,
806 1651 827 1665 ..

540 1703 618 1768 Dat.
634 1704 734 1768 Avin.
758 1725 790 1767 11
810 1704 875 1768 kal.
892 1705 1000 1769 martii
1018 1725 1108 1769 anno
1128 1725 1153 1769 1.

529 1882 588 1941 Reti.
604 1884 651 1930 Av.
664 1886 686 1940 ε’),
698 1883 716 1930 f.
732 1885 779 1931 653
791 1899 796 1940 ;
808 1882 868 1933 Vat.
884 1886 923 1938 65,
935 1883 953 1932 f.
969 1885 1019 1942 illl,
1028 1898 1054 1931 n.
1066 1886 1138 1933 2293.

540 2091 651 2176 257·
1515 2127 1610 2192 1317,
1627 2129 1667 2173 22
1676 2109 1824 2195 seurier.

538 2209 685 2287 Johanni
710 2211 810 2289 Zelst‚
831 2211 1014 2297 presbitero
1038 2211 1233 2276 Leodiensis
1259 2211 1409 2291 diocesis
1437 2212 1632 2277 conceditur
1658 2212 1868 2299 dispensatio

495 2333 594 2398 super
610 2313 743 2379 deiectu
759 2315 931 2380 natalium.

540 2543 556 2582 a
586 2518 772 2583 Venerabili
799 2518 919 2584 fratri..
944 2519 1104 2604 episcopo
1129 2518 1306 2583 Leodiensi
1337 2521 1479 2583 salutem
1504 2527 1568 2585 etc.
1596 2518 1751 2586 Dilectus
1779 2521 1865 2587 filius

494 2626 667 2704 Jolrarmes
694 2623 793 2702 Zelst,
829 2624 991 2708 presbiter
1016 2631 1074 2688 tue
1113 2623 1263 2702 diocesis,
1295 2624 1327 2687 in
1358 2631 1472 2688 nostra
1496 2625 1670 2710 proposuit
1695 2627 1865 2711 presentia

494 2729 705 2809 constitutus,
723 2728 812 2812 quod
828 2728 908 2792 olim
924 2748 999 2793 cum
1017 2748 1058 2792 eo
1073 2738 1155 2792 tunc
1171 2727 1293 2792 clerico
1309 2748 1407 2813 super
1422 2727 1556 2793 defectu
1573 2729 1745 2806 natalium,
1762 2751 1862 2815 quern

493 2834 617 2918 patitur
633 2832 674 2898 de
691 2834 802 2897 soluto
818 2832 949 2915 genitus
960 2839 995 2896 et
1010 2834 1129 2910 soluta,
1143 2831 1242 2915 qnod,
1256 2831 1444 2915 hujusmodi
1461 2852 1529 2897 non
1545 2834 1702 2899 obstante
1717 2833 1863 2914 defectu,

492 2946 607 3024 posset
632 2936 674 3001 ad
699 2957 817 3000 omnes
843 2935 976 3000 ordines
995 2935 1184 3021 promoveri
1207 2944 1241 2999 et
1267 2935 1530 3001 ecclesiasticum
1552 2937 1755 3002 beneficium
1777 2938 1864 3004 obti-

493 3062 582 3120 nere,
606 3041 707 3104 etiam
730 3040 756 3103 si
777 3060 888 3104 curam
906 3039 1090 3103 animarum
1115 3038 1263 3118 liaberet,
1281 3039 1341 3103 suit
1363 3041 1564 3106 auctoritate
1587 3042 1775 3126 apostolica
1797 3040 1863 3107 dis

492 3155 678 3231 pensatum,
703 3152 736 3208 et
764 3144 842 3208 licet
867 3143 926 3208 sibi
954 3144 1140 3227 aliqualiter
1164 3151 1333 3208 constaret
1360 3144 1430 3228 ejus
1456 3154 1612 3229 parentes
1636 3145 1749 3230 aliqua
1775 3147 1864 3212 linea

493 3249 663 3334 parentele
690 3248 731 3313 ad
758 3248 902 3312 invicem
927 3247 1133 3328 contingere,
1159 3255 1272 3311 tamen
1301 3247 1474 3330 ignorabat
1505 3248 1641 3333 penitus
1671 3269 1730 3314 eos
1762 3250 1863 3316 fuisse

492 3354 524 3417 in
553 3353 652 3416 tertio
675 3352 778 3435 gradu
802 3350 1099 3435 consanguinitatis
1124 3351 1332 3435 conjunctos.
1344 3350 1496 3416 Tandem
1522 3352 1592 3437 ipse
1618 3355 1736 3419 volens
1763 3375 1863 3442 super

492 3457 580 3520 linea
606 3456 793 3540 hujusmodi
811 3456 982 3541 parentele
998 3475 1018 3519 a
1034 3454 1230 3538 quibusdam]
1255 3454 1445 3536 diligentius
1467 3455 1656 3540 perquirere
1672 3458 1861 3540 veritatem,

492 3561 553 3624 fuit
568 3562 610 3624 ab
635 3559 714 3646 ipsis
730 3581 935 3644 responsum,
952 3560 1042 3642 quod
1066 3558 1127 3623 sibi
1156 3578 1254 3642 super
1276 3558 1341 3623 lroc
1366 3580 1432 3623 non
1456 3561 1589 3625 obesset
1606 3561 1638 3624 in
1656 3561 1780 3645 aliquO,
1797 3583 1861 3629 nec

492 3671 630 3738 minaret,
643 3663 701 3728 sed
728 3672 862 3728 servato
882 3663 964 3746 juris
983 3662 1099 3727 ordine
1122 3662 1244 3727 iaceret
1268 3683 1302 3726 se
1326 3663 1367 3727 ad
1384 3683 1501 3727 omnes
1524 3664 1658 3730 ordines
1681 3685 1860 3749 persuum

492 3768 687 3853 episcopum
711 3767 919 3852 promoveri;
937 3766 1050 3850 sicque
1066 3766 1293 3851 postmodum,
1311 3768 1448 3831 obtenta
1474 3767 1725 3852 dispensatione
1749 3770 1860 3855 hujus-

491 3871 593 3950 modi,
618 3892 736 3936 onmes
761 3870 928 3955 predictos
956 3870 1098 3945 ordines,
1131 3870 1265 3934 statutis
1296 3892 1315 3934 a
1339 3870 1411 3955 jure
1435 3871 1653 3956 temporibus
1678 3893 1859 3958 persuum

491 3974 704 4039 diocesanum
718 3972 780 4037 rite
797 3973 941 4057 suscepit
955 3982 988 4037 et
1004 3973 1060 4037 diu
1076 3973 1278 4037 ministravit
1289 3973 1321 4036 in
1340 3973 1428 4058 ipsis.
1438 3972 1560 4037 Verum
1577 3982 1696 4060 postea
1710 3976 1860 4061 pluribus

491 4078 587 4142 annis
611 4078 731 4162 elapsis
756 4086 832 4163 post
859 4084 993 4161 tempus
1020 4076 1278 4160 dispensationis
1301 4076 1491 4160 hujusmodi
1519 4084 1553 4142 et
1580 4078 1784 4163 receptionis
1807 4100 1859 4144 or-

490 4181 604 4245 dinum
622 4181 856 4266 predictorum,
874 4200 949 4245 cum
977 4179 1149 4263 diligentia
1168 4200 1286 4262 magna
1303 4187 1337 4244 et
1361 4180 1521 4245 instantia
1537 4181 1716 4264 quemdam
1733 4182 1859 4269 presbi-

490 4292 608 4360 terum,
625 4306 720 4349 suum
744 4284 923 4370 specialem
947 4284 1101 4355 amicum,
1118 4284 1300 4349 allectuose
1316 4285 1447 4367 rogavit
1464 4293 1499 4348 ut
1516 4306 1592 4349 enm
1609 4285 1811 4351 certificaret
1826 4287 1858 4350 in

491 4409 557 4473 quo
583 4389 684 4469 gradu
709 4387 1008 4472 consanguinitatis
1038 4387 1118 4452 dicti
1147 4397 1301 4472 parentes
1327 4388 1541 4471 luissent,qui
1570 4389 1631 4453 sibi
1655 4389 1857 4474 dicitquod

491 4492 523 4555 in
545 4492 645 4556 tertio
667 4492 769 4575 gradu
793 4492 953 4576 predicto.
965 4490 1049 4556 Cum
1073 4498 1185 4554 antem
1210 4490 1319 4554 dictus
1341 4489 1514 4567 Jolrannes
1536 4492 1659 4557 lrabeat
1683 4496 1857 4559 conscien-

491 4596 571 4660 tiam
598 4595 844 4659 remordentem
872 4616 932 4680 pro
957 4593 1113 4678 eoquod
1140 4595 1252 4658 taliter
1287 4594 1456 4679 predictos
1484 4594 1617 4661 ordines
1643 4598 1790 4683 suscepit
1823 4608 1858 4664 et

491 4697 690 4763 ministravit
715 4698 747 4762 iu
782 4699 861 4783 ipsis
888 4720 990 4782 seque
1013 4698 1136 4762 divinis
1163 4697 1282 4762 otliciis
1306 4698 1537 4778 immiscenda,
1563 4699 1660 4765 nobis
1686 4700 1857 4768 humiliter

490 4802 699 4887 supplicavit,
727 4802 786 4866 sibi
815 4822 913 4887 super
948 4802 1115 4886 premissis
1141 4802 1183 4864 de
1220 4809 1387 4886 oportuno
1417 4802 1676 4888 dispensationis
1706 4806 1857 4872 remedio

491 4904 665 4991 provideri.
683 4903 757 4969 Nos
774 4906 888 4989 itaque
905 4905 1006 4991 ipsius
1024 4905 1183 4969 lobannis
1200 4905 1231 4967 in
1257 4905 1319 4969 hac
1336 4913 1430 4990 parte
1446 4906 1746 4991 supplicationibus
1762 4909 1855 4975 incli-

490 5008 615 5087 clinati,
631 5006 830 5072 fraternitati
854 5023 910 5072 tue
926 5030 985 5094 per
1000 5009 1186 5093 apostolica
1202 5008 1326 5093 scripta
1342 5010 1550 5091 mamlamus,
1568 5019 1733 5095 quatenus
1748 5012 1855 5098 presa·

489 5120 562 5177 tum
578 5110 596 5188 J
600 5111 767 5178 ohannem
785 5133 924 5177 moneas
939 5112 1101 5177 attentius
1117 5122 1149 5176 ct
1175 5112 1311 5177 inducas
1328 5123 1363 5177 ut
1379 5112 1525 5196 aliquam
1541 5114 1737 5198 religionem
1753 5115 1854 5181 intret
