4409 6017
886 708 1034 777 lluitttne
1054 707 1157 775 anate.
1643 705 1704 770 505

389 868 532 953 1355·
1371 891 1466 956 1324,
1483 872 1527 935 18
1539 865 1661 953 juillet.

388 985 514 1053 Abbati
538 993 574 1051 et
601 981 783 1051 conventui
807 981 839 1047 S.
859 979 949 1046 Petri
975 978 1018 1047 de
1042 977 1282 1058 Oudenburch,
1309 975 1352 1043 Ο.
1369 975 1401 1043 S.
1417 974 1467 1057 13,
1483 972 1706 1040 Tomacensis

337 1088 498 1156 diocesis.
515 1088 697 1173 Quitantur
711 1085 754 1151 de
770 1082 888 1151 solutis
903 1081 1045 1149 Camere
1060 1081 1259 1169 apostolice.

392 1280 410 1322 u
427 1256 567 1322 Dilectis
583 1256 658 1321 filiis
669 1305 696 1320 ..
712 1253 826 1320 abbati
842 1261 877 1319 et
892 1250 1074 1318 conventui
1091 1250 1123 1316 S.
1141 1249 1230 1315 Petri
1257 1250 1299 1317 de
1322 1248 1560 1329 Oudenburch,
1577 1246 1706 1327 O.S.B.,

341 1361 572 1428 Tomacensis
584 1358 737 1426 diocesis.
755 1356 913 1423 Exhibita
926 1356 1023 1421 nobis
1032 1365 1146 1421 vestra
1157 1355 1280 1442 petitio
1295 1353 1492 1421 continebat
1513 1351 1614 1440 quod,
1631 1372 1707 1418 cum

342 1487 410 1532 vos
425 1466 550 1532 dilecto
566 1463 636 1528 filio
652 1461 841 1528 Benedicto
857 1459 1021 1541 Rotharii,
1036 1459 1216 1526 mercatori
1227 1468 1262 1526 et
1272 1458 1337 1527 civi
1349 1457 1496 1539 Astensi,
1515 1455 1709 1543 quidudum

342 1570 463 1637 omnia
476 1571 567 1635 bona
582 1565 729 1648 mobilia,
745 1564 861 1632 debita
877 1584 1011 1650 quoque
1026 1571 1061 1629 et
1078 1563 1204 1630 credita
1220 1563 1318 1630 nobis
1339 1570 1373 1629 et
1399 1562 1539 1629 ecclesie
1557 1560 1709 1627 Romane

343 1676 459 1756 cessit,
475 1673 569 1740 dedit
584 1671 764 1739 liberaliter
779 1679 814 1737 et
829 1669 1006 1751 concessit,
1023 1670 1056 1734 in
1081 1667 1276 1755 octuaginta
1300 1669 1356 1736 lib.
1371 1677 1436 1736 tur.
1451 1687 1554 1753 gross.
1582 1666 1709 1751 argenti

345 1801 428 1848 cum
443 1780 474 1845 O
490 1782 589 1866 longa
604 1776 805 1845 teneremini
821 1777 922 1844 certis
936 1797 978 1842 ex
994 1776 1102 1843 causis
1117 1775 1255 1857 astricti,
1277 1783 1312 1841 et
1338 1772 1529 1860 hujusmodi
1555 1781 1710 1838 turonen.

345 1905 518 1952 summam
544 1884 579 1949 in
602 1882 696 1949 mille
722 1880 976 1968 quadringentis
1001 1879 1221 1967 quadraginta
1243 1878 1313 1946 flor.
1329 1878 1410 1961 auri,
1426 1877 1563 1964 singulis
1579 1875 1712 1942 florenis

346 2009 414 2077 pro
438 1987 617 2055 tresdecim
640 1996 796 2054 turonen.
811 2005 914 2073 gross.
930 1984 1058 2071 argenti
1084 1992 1119 2050 et
1143 1983 1243 2051 tertia
1266 1991 1362 2071 parte
1386 1982 1483 2049 unius
1498 1980 1713 2067 computatis,

347 2112 412 2180 per
426 2111 546 2158 manus
560 2090 672 2157 dilecti
689 2089 746 2156 filii
763 2088 934 2156 Guillelmi
950 2087 1032 2154 dicti
1045 2088 1167 2170 Priem,
1182 2088 1339 2156 monachi
1351 2088 1451 2155 vestri
1463 2087 1667 2168 monasterii,
1679 2093 1714 2151 et

348 2195 370 2277 J
374 2195 518 2263 ohannis
551 2194 594 2261 de
627 2192 842 2281 Langedonc,
870 2191 981 2260 clerici
1016 2190 1239 2261 'lomacensis
1271 2192 1424 2275 diocesis,
1461 2200 1713 2280 procuratorum

350 2310 552 2381 vestrorum,
567 2307 681 2366 nostre
698 2298 849 2381 Camere,
864 2297 907 2364 ad
919 2317 1019 2383 quam
1029 2296 1198 2384 pertinere
1207 2300 1409 2365 noscebatur
1417 2296 1547 2363 ratione
1556 2295 1716 2363 cessionis

351 2403 555 2493 hujusmodi,
570 2403 716 2471 feceritis
731 2403 938 2491 integraliter
961 2401 1131 2487 assignari,
1147 2400 1243 2468 vobis
1265 2400 1424 2488 dictoque
1447 2400 1652 2469 monasterio
1674 2397 1716 2464 de

354 2509 487 2576 cautele
503 2505 697 2574 sufficientis
711 2505 861 2573 remedio
884 2505 1060 2592 providere
1084 2525 1185 2593 super
1210 2504 1274 2573 hiis
1295 2527 1486 2574 curaremus
1501 2529 1509 2585 ;
1526 2525 1588 2571 nos
1603 2513 1717 2570 autern

354 2610 514 2700 petitioni
532 2618 641 2676 vestre
656 2609 846 2696 hujusmodi
862 2608 1087 2677 favorabiliter
1110 2620 1299 2678 annuentes
1322 2611 1429 2679 dictas
1453 2610 1648 2696 octuaginta
1662 2609 1719 2674 lib.

355 2726 421 2784 tur.
437 2734 539 2802 gross.
555 2713 683 2799 argenti
700 2734 777 2780 cum
793 2712 825 2779 Ο
840 2715 940 2800 longa
956 2714 989 2779 in
1005 2714 1104 2782 dictis
1119 2715 1211 2782 mille
1231 2714 1480 2802 quadringentis
1503 2713 1721 2800 quadraginta

357 2822 430 2887 tlor.
455 2819 534 2900 auri,
555 2825 592 2883 ut
618 2818 769 2905 superius
793 2818 999 2905 exprimitur,
1025 2819 1239 2908 computatis,
1263 2840 1322 2907 per
1348 2840 1467 2886 manus
1493 2817 1663 2885 Guillelmi
1687 2826 1722 2882 et

356 2923 376 3003 J
381 2922 534 3004 ohannis,
550 2929 804 3009 procuratorum
820 2929 1019 3004 vestrorum,
1030 2943 1091 2989 vos
1105 2924 1257 3011 predicte
1273 2922 1413 2990 Camere
1428 2921 1483 2990 die
1496 2922 1574 2988 date
1589 2941 1736 3008 presen-⁸

356 3028 443 3095 tium
459 3026 644 3112 assignasse
659 3026 930 3113 recognoscimus
945 3035 980 3093 et
990 3026 1143 3110 fatemur,
1156 3049 1195 3095 ac
1204 3048 1266 3094 vos
1277 3027 1473 3114 dictumque
1482 3025 1723 3092 monasterium

357 3140 508 3200 vestrum
520 3132 563 3198 de
575 3132 639 3198 illis
653 3132 858 3199 absolvimus
873 3141 908 3199 et
924 3132 1102 3218 quitamus.
1120 3132 1165 3199 Et
1175 3132 1310 3220 insuper
1320 3153 1382 3220 pro
1391 3139 1486 3220 parte
1502 3139 1613 3197 vestra
1628 3128 1725 3195 nobis

357 3236 531 3303 humiliter
542 3236 731 3322 supplicato
743 3236 926 3323 quodcum
936 3257 1102 3304 summam
1113 3235 1255 3324 pecunie
1266 3244 1453 3303 memorate
1465 3234 1498 3301 in
1510 3235 1655 3303 termino
1666 3253 1726 3322 per

358 3340 520 3407 dilectum
537 3340 642 3406 filium
657 3340 851 3426 magistrum
869 3340 1006 3408 Petrum
1021 3340 1186 3426 Arquerii,
1198 3339 1363 3407 decanum
1379 3340 1521 3408 ecclesie
1538 3337 1726 3405 Rothoma·

359 3442 482 3527 gensis,
498 3442 540 3508 ad
555 3442 751 3528 petendum,
764 3444 964 3529 exigendum
979 3453 1015 3511 et
1030 3443 1260 3531 recipiendum
1279 3443 1469 3530 hujusmodi
1484 3446 1584 3525 bona,
1600 3441 1727 3510 credita

361 3553 398 3612 et
413 3544 527 3610 debita
542 3546 639 3611 nobis
650 3565 753 3627 cessa,
766 3555 801 3613 et
811 3547 1077 3614 contradictores
1087 3568 1148 3635 per
1159 3568 1332 3616 censuram
1345 3547 1603 3616 ecclesiasticam
1614 3547 1727 3632 appel-

361 3649 489 3715 latione
512 3649 703 3736 postposita
725 3651 997 3738 compellendum
1020 3672 1079 3740 per
1101 3652 1184 3719 alias
1205 3661 1337 3719 nostras
1362 3651 1445 3719 certi
1460 3652 1586 3719 tenoris
1601 3651 1730 3716 litteras

363 3754 575 3839 deputatum,
581 3754 678 3820 vobis
687 3754 730 3821 ad
740 3755 939 3822 solvendum
951 3756 1041 3821 illam
1054 3758 1116 3822 sub
1126 3755 1495 3836 excommunicationis,
1503 3752 1730 3840 suspensionis

365 3868 401 3923 et
411 3858 579 3924 interdicti
590 3859 766 3925 sententiis
775 3860 809 3924 in
821 3880 882 3926 vos
893 3861 1087 3944 dictumque
1098 3860 1340 3926 monasterium
1351 3850 1579 3945 promulgatis,
1592 3860 1730 3946 prefixo,

366 3983 410 4027 ex
426 3982 467 4026 eo
479 3982 546 4026 non
558 3962 725 4027 solveritis
740 3964 818 4047 quia
828 3964 994 4050 prefatum
1006 3964 1182 4045 decanum,
1198 3963 1254 4049 qui
1269 3962 1313 4029 ad
1328 3963 1449 4028 Sedem
1461 3964 1684 4051 apostolicam
1696 3985 1731 4029 se

366 4067 593 4140 transtulerat,
610 4086 677 4131 non
694 4068 866 4134 invenistis
890 4068 1095 4152 Rothomagi
1120 4069 1174 4132 vel
1192 4068 1294 4133 alium
1311 4070 1352 4134 ab
1369 4070 1442 4154 ipso
1456 4088 1567 4171 superq
1578 4069 1733 4155 predictis

367 4178 574 4257 potestatem
585 4170 777 4249 habentem,
790 4181 824 4237 et
836 4182 1013 4258 propterea
1024 4192 1128 4258 penas
1139 4182 1174 4238 et
1183 4172 1367 4238 sententias
1384 4173 1556 4239 incurrisse
1568 4174 1734 4260 predictas

367 4275 483 4359 sicque
502 4273 604 4358 ligati,
626 4275 827 4341 celebrando
847 4276 959 4342 divina
984 4278 1037 4341 vel
1065 4276 1288 4343 immiscendo
1312 4297 1372 4342 vos
1397 4277 1470 4359 illis,
1486 4277 1734 4363 irregularitatis

368 4378 575 4445 contraxisse
597 4379 763 4444 maculam
779 4381 936 4462 timeatis,
953 4381 1049 4446 vobis
1063 4380 1107 4446 de
1122 4381 1352 4462 absolutionis,
1368 4382 1583 4448 relaxationis
1609 4389 1643 4448 et
1670 4382 1733 4448 dis·

369 4483 576 4570 pensationis
591 4483 697 4568 gratia
722 4483 897 4569 providere
924 4505 1023 4571 super
1046 4483 1205 4570 predictis
1229 4484 1272 4549 ad
1288 4487 1454 4550 cautelam
1470 4485 1512 4551 de
1527 4486 1735 4571 benignitate

370 4588 557 4675 apostolica
574 4588 795 4673 dignaremur,
813 4607 874 4652 nos
890 4589 1045 4654 volentes
1061 4589 1235 4654 vobiscum
1252 4589 1286 4653 in
1302 4589 1366 4654 bac
1376 4598 1470 4674 parte
1481 4591 1627 4675 gratiose
1639 4612 1736 4676 agere

370 4712 412 4757 ac
428 4691 547 4757 vestris
562 4691 717 4777 periculis
732 4700 872 4777 paterna
896 4691 1110 4757 solicitudine
1134 4711 1324 4777 precavere,
1351 4713 1411 4757 vos
1426 4715 1445 4758 a
1461 4693 1559 4759 dictis
1584 4696 1678 4782 penis
1702 4703 1737 4759 et

372 4796 559 4874 sententiis,
573 4796 598 4860 si
616 4816 654 4860 ea
668 4795 859 4876 incurristis,
876 4796 917 4861 ad
934 4796 1100 4862 cautelam
1117 4796 1320 4861 absolvimus
1335 4805 1369 4861 et
1386 4797 1599 4863 interdictum
1611 4798 1736 4862 relaxa-

373 4919 449 4964 mus
475 4898 673 4984 predictum,
699 4920 796 4985 super
821 4899 1059 4984 inegularitate
1084 4920 1143 4985 per
1175 4919 1234 4964 vos
1261 4899 1363 4965 modo
1389 4900 1539 4986 predicto
1564 4910 1737 4966 contracta

374 5002 547 5068 vobiscum
563 5003 801 5068 nichilominus
816 5002 1057 5088 dispensantes.
1075 5003 1153 5068 Dat.
1171 5003 1269 5067 Avin.
1291 5024 1325 5087 15
1344 5002 1409 5068 kal.
1426 5005 1555 5088 augusti
1566 5025 1656 5069 anno
1673 5008 1702 5069 8.
1720 5026 1736 5066 u

411 5158 470 5220 Reg.
485 5158 543 5207 vat.
561 5161 614 5217 112,
629 5173 688 5220 pars
700 5157 718 5215 l,
733 5158 750 5204 i.
766 5159 817 5216 98³¹,
832 5171 857 5205 n.
871 5159 924 5205 4⁴2.
