4409 6017
902 689 1057 773 Neuvilme
1077 708 1180 773 annea.
1665 711 1720 775 531

404 860 714 945 1428-1429.
1381 891 1474 954 1324,
1489 892 1528 935 rr
1542 873 1678 936 octobre.

323 1059 330 1077 ,
404 981 576 1047 Almarico
591 980 634 1046 de
651 979 875 1060 Bellomonte,
888 974 1139 1061 consanguineo
1155 971 1276 1055 Caroli,
1288 973 1375 1059 regis
1391 973 1542 1056 Francie,
1555 975 1723 1041 confertur

322 1085 333 1125 ί
354 1085 577 1151 canonicatus
593 1083 734 1150 ecclesie
754 1080 1008 1149 Cameracensis
1024 1081 1084 1145 sub
1100 1077 1339 1163 expectatione
1355 1078 1533 1164 prebende.

320 1189 334 1231 ⁵
401 1188 574 1255 Nobilitas
593 1186 763 1274 generis...

401 1293 482 1358 Dat.
496 1292 597 1359 Avin.
616 1311 632 1376 5
650 1291 695 1357 id.
711 1288 860 1356 octobris
872 1309 963 1355 anno
980 1309 1009 1371 9.

403 1394 445 1460 In
460 1416 490 1461 e.
506 1417 551 1462 m.
568 1395 611 1462 de
628 1393 831 1462 Monteforti
847 1393 1112 1460 Cenomanensis
1127 1393 1216 1460 etde
1232 1392 1378 1459 Deserto
1394 1388 1604 1456 Redonensis
1615 1390 1722 1457 archi-

355 1499 510 1569 diaconis
526 1521 566 1567 ac
582 1498 760 1567 scolastico
775 1496 1031 1583 Andegavensis
1046 1496 1273 1564 ecclesiarum.

309 1602 331 1646 ⁵
389 1641 450 1703 aeg.
467 1643 515 1693 lv.
529 1643 569 1701 22,
583 1640 601 1690 r.
618 1640 666 1697 ao;
679 1638 738 1688 rat.
751 1639 791 1699 rs,
805 1639 824 1687 r.
841 1639 880 1696 43,
893 1652 918 1687 n.
936 1638 990 1685 124.

402 1795 509 1856 1429.
533 1829 573 1839 -
596 1792 716 1859 Eidem
731 1792 904 1859 Almarico
920 1791 1090 1858 confertur
1104 1792 1324 1858 canonicatus
1334 1792 1474 1857 ecclesie
1490 1791 1648 1857 Dolensis
1662 1794 1722 1857 sub

358 1897 600 1982 expectatione
622 1895 803 1984 prebende,
819 1917 888 1962 non
913 1899 1071 1962 obstante
1097 1894 1189 1981 quod
1211 1895 1331 1961 eadem
1347 1895 1401 1960 die
1416 1896 1447 1960 ei
1462 1894 1505 1960 de
1520 1895 1723 1962 canonicatu

358 2000 502 2066 ecclesie
518 1999 768 2068 Cameracensis
783 2003 843 2066 sub
859 2000 1097 2086 expectatione
1113 1999 1283 2085 prebende
1298 1999 1468 2086 provisum
1485 2008 1546 2065 est.

402 2104 574 2171 Nobilitas
593 2105 763 2190 generis...

401 2209 483 2276 Dat.
499 2210 600 2277 Avin.
619 2230 635 2295 5
653 2210 697 2278 id.
714 2211 861 2277 octobris
876 2228 967 2275 anno
986 2229 1015 2291 9.

309 2349 332 2387 3
402 2312 444 2380 In
462 2336 491 2381 2.
507 2335 551 2382 m.
569 2321 734 2402 utsupra,
751 2338 783 2382 n.
800 2317 895 2399 1428.

309 2449 333 2494 :r
389 2452 450 2513 neg.
463 2454 511 2501 nv.
524 2454 564 2513 22,
578 2453 595 2501 f.
612 2454 654 2501 εον
666 2469 671 2511 ;
683 2452 743 2502 vat.
759 2454 798 2512 rs,
813 2453 832 2503 r.
847 2455 898 2512 rav,
910 2467 935 2502 n.
950 2454 1005 2503 ras.

403 2597 550 2683 1430.
1377 2633 1526 2697 1324,11
1543 2615 1679 2680 octobre.

403 2718 551 2785 Nicolao
574 2716 731 2782 Palmerii
755 2717 888 2784 Tartari
915 2717 957 2784 de
981 2716 1085 2798 Urbe,
1109 2716 1231 2783 clerico
1254 2725 1289 2784 et
1316 2717 1469 2783 familiari
1490 2717 1664 2797 Johannis,
1691 2715 1722 2781 S.

311 2865 332 2910 ἕ
360 2821 533 2889 Theodori
548 2821 681 2888 diaconi
692 2821 881 2903 cardinalis,
894 2821 1111 2888 conferuntur
1120 2821 1339 2887 canonicatus
1350 2830 1385 2889 et
1395 2821 1565 2907 prebenda
1581 2821 1723 2887 ecclesie

358 2924 551 3011 Brugensis,
566 2925 789 2992 Tomacensis
804 2925 956 3006 diocesis,
973 2945 1056 3010 quos
1072 2924 1242 3009 quondam
1267 2925 1349 2990 Vita
1371 2924 1413 2991 de
1435 2924 1600 3009 Anagnia,
1616 2944 1724 3009 nuper
1804 2988 1805 2993 ,

354 3029 449 3118 apud
471 3029 594 3095 Sedem
623 3030 845 3116 apostolicam
868 3029 1054 3109 defunctus,
1081 3028 1268 3111 obtinebat,
1294 3049 1364 3095 non
1394 3031 1551 3095 obstante
1575 3028 1665 3113 quod
1689 3027 1722 3091 in

353 3134 502 3202 ecclesia
517 3133 657 3200 Aretina
678 3137 740 3201 sub
763 3135 1000 3222 expectatione
1019 3130 1189 3219 prebende
1206 3132 1240 3198 in
1267 3134 1468 3200 canonicum
1492 3140 1544 3198 est
1558 3139 1724 3218 receptus.

309 3270 314 3278 ·
403 3240 588 3309 Probitatis
602 3241 762 3308 merita...

400 3346 484 3413 Dat.
499 3347 600 3412 Avin.
619 3364 635 3431 5
653 3344 697 3411 id.
713 3344 861 3412 octobris
876 3364 965 3412 anno
982 3365 1011 3426 9.

401 3450 490 3516 Ine.
517 3472 562 3516 m.
578 3450 738 3535 magistro
756 3449 934 3535 Raynaldo
959 3450 1002 3515 de
1026 3449 1101 3516 filiis
1129 3448 1207 3516 Ursi
1232 3448 1275 3515 (12
1299 3446 1403 3528 Urbe,
1421 3446 1657 3514 archidiacono
1679 3447 1721 3514 (12

347 3555 545 3642 Campinia,
562 3553 765 3636 Leodiensis,
781 3555 913 3621 notario
937 3575 1034 3641 pape,
1058 3563 1093 3620 et
1112 3554 1285 3641 preposito
1300 3573 1340 3619 ac
1363 3552 1540 3619 scolastico
1565 3553 1596 3618 S.
1614 3551 1721 3618 Marie

350 3659 549 3745 Brugensis,
564 3658 788 3725 Tomacensis
803 3658 955 3739 diocesis
972 3659 1196 3725 ecclesiarum.

390 3801 456 3859 ch.
468 3800 516 3847 Av.
531 3798 570 3857 22,
582 3797 601 3845 f.
614 3797 655 3854 84;
668 3797 727 3845 Vat.
742 3799 779 3856 78,
792 3798 809 3846 f.
821 3798 859 3856 53,
872 3811 897 3845 n.
910 3798 965 3844 170.

404 3946 542 4031 1431.
1370 3979 1466 4043 1324,
1483 3981 1523 4024 ιι
1540 3962 1677 4025 octobre.

401 4063 577 4149 Stephano
601 4063 771 4148 quondam
792 4061 909 4127 Lantis
938 4059 981 4126 (12
1012 4060 1113 4128 Prato
1143 4063 1311 4130 confertur
1338 4064 1557 4130 canonicatus
1581 4065 1722 4131 ecclesie

351 4171 387 4235 S.
415 4168 581 4246 Johannis
611 4167 807 4234 Leodiensis
838 4168 898 4231 sub
925 4166 1159 4251 expectatione
1193 4166 1361 4254 prebende
1391 4188 1430 4232 ac
1460 4167 1631 4250 dignitatis
1668 4170 1722 4233 vel

349 4284 566 4363 personatus,
578 4294 647 4341 non
664 4276 820 4339 obstante
836 4270 926 4356 quod
942 4270 975 4335 in
992 4272 1133 4338 ecclesia
1147 4272 1335 4338 Fauentina
1351 4271 1586 4337 canonicatum
1599 4279 1634 4336 et
1649 4293 1722 4358 pre-

348 4380 516 4460 bendam,
533 4399 572 4444 ac
587 4378 771 4464 prioratum
787 4376 943 4442 secularis
966 4376 1107 4442 ecclesie
1123 4378 1154 4442 S.
1173 4377 1279 4442 Maris
1294 4378 1328 4443 di
1346 4376 1523 4462 CiperanO,
1540 4398 1616 4442 cum
1633 4396 1722 4459 cura,

353 4493 391 4550 et
411 4483 588 4548 ecclesiam
605 4482 636 4546 S.
655 4480 845 4567 Margarete
861 4481 903 4546 de
924 4480 1121 4561 Calcinaria,
1146 4481 1218 4546 sine
1244 4502 1334 4564 cura,
1352 4481 1509 4567 Paduane
1534 4489 1569 4546 et
1594 4481 1722 4546 Faven-

352 4590 430 4654 tine
446 4586 629 4666 diocesum,
646 4586 788 4650 obtinet.

401 4690 600 4758 Laudabilia
622 4700 720 4756 tue...

401 4796 483 4865 Dat.
507 4793 606 4860 Avin.
633 4814 649 4878 5
674 4794 715 4860 id.
740 4794 887 4860 octobris
910 4814 999 4859 anno
1024 4814 1051 4875 9.

401 4899 442 4964 ln
469 4920 498 4964 e.
514 4919 558 4963 m.
575 4898 748 4984 preposito
770 4897 971 4981 Magantine
999 4907 1033 4963 et
1057 4897 1187 4963 decano
1211 4896 1242 4962 S.
1271 4896 1385 4961 Crucis
1408 4917 1448 4963 ac
1474 4895 1654 4963 Francisco
1680 4896 1722 4960 de

358 5003 509 5071 Medicis
524 5002 566 5068 (12
584 5001 791 5082 Mediolano
808 5002 973 5067 canonico
989 5001 1125 5087 majoris
1142 5000 1337 5067 Leodiensis
1352 5001 1577 5067 ecclesiarum.

389 5143 455 5204 ch.
469 5144 516 5190 Ar.
531 5143 570 5202 22,
582 5141 600 5190 f.
614 5142 673 5189 lltlv
685 5156 690 5197 ;
702 5140 762 5188 Vnt.
776 5142 813 5197 ts,
826 5141 844 5189 f.
859 5143 914 5200 275,
927 5156 953 5189 n.
965 5141 1020 5187 810.
