4409 6017
527 710 587 773 322
1057 710 1226 787 Quatri‘eme
1247 711 1349 775 annae.

527 860 668 926 ecclesie
684 858 715 923 S.
734 857 770 923 Μ
774 859 840 923 arie
852 858 1120 925 Wallecuriensis
1132 869 1166 925 et
1179 860 1326 925 officium
1337 861 1487 927 custodie
1497 862 1641 928 ecclesie
1658 862 1691 929 S.
1703 862 1867 932 Theodardi
1895 877 1905 954 l

527 963 773 1043 ThudiniensiS,
809 962 1003 1030 Leodiensis
1040 965 1191 1047 diocesis,
1228 986 1309 1050 quas
1345 966 1590 1053 preposituram
1630 978 1666 1033 et
1706 969 1865 1035 custodiam
1892 1024 1904 1054 a,

527 1067 695 1133 dimittere
722 1067 900 1148 tenebitur,
926 1075 961 1133 et
986 1068 1019 1132 in
1046 1068 1166 1136 eadem
1183 1070 1214 1135 S.
1231 1068 1422 1135 Theodardi
1447 1078 1482 1134 et
1505 1069 1536 1135 S.
1553 1069 1672 1136 Crucis
1696 1072 1865 1140 Leodieusis
1893 1119 1905 1158 ς

527 1171 676 1238 ecclesiis
692 1172 910 1238 canonicatus
926 1181 961 1237 et
976 1173 1166 1258 prebendas
1182 1172 1325 1239 obtinet.

571 1274 773 1341 Litterarum
790 1275 962 1342 scientia...

572 1379 651 1444 Dat.
667 1378 767 1445 Avin.
786 1400 801 1463 5
820 1380 885 1445 kal.
894 1379 1034 1462 januarii
1050 1401 1140 1446 anno
1156 1402 1187 1465 4.
1893 1443 1905 1471 ῖ-

572 1483 611 1548 ln
628 1506 657 1549 e.
674 1505 718 1548 m.
735 1483 895 1569 episcopo
911 1483 1059 1550 Tullensi
1075 1493 1111 1550 et
1126 1484 1257 1550 decano
1272 1505 1312 1551 ac
1327 1485 1505 1552 scolastico
1521 1485 1666 1552 ecclesie
1683 1485 1859 1553 Leodiensis.

560 1642 621 1704 Reg.
633 1644 680 1691 Av.
695 1643 732 1702 13,
743 1642 762 1690 l.
774 1643 822 1698 383
837 1641 894 1691 Vat.
907 1645 946 1702 70,
958 1643 976 1692 l.
990 1644 1056 1703 152v,
1069 1657 1094 1691 n.
1110 1644 1163 1692 191.

571 1856 685 1941 788,
1482 1893 1578 1959 1519,
1601 1877 1650 1939 28
1669 1875 1830 1941 decembre.

572 1976 714 2044 Matheo
730 1978 771 2044 de
788 1978 987 2064 Villebayon
1015 1980 1185 2045 confertur
1200 1979 1417 2046 canonicatus
1440 1978 1581 2044 ecclesie
1610 1977 1858 2045 Morinensissul
1889 1965 1904 2058 'f'

527 2082 763 2166 expectatione
778 2084 948 2169 prebende
964 2091 999 2150 et
1014 2083 1197 2168 dignitatis.
1892 2074 1897 2089 ⁵

574 2185 661 2249 Dum
678 2187 721 2251 ad
737 2208 947 2273 personam...

571 2288 649 2355 Dat.
666 2290 766 2356 Avin.
785 2311 801 2375 5
820 2291 885 2356 kal.
899 2292 1041 2376 januarii
1057 2313 1148 2359 anno
1164 2316 1193 2377 4.

525 2387 527 2391 ’
572 2391 611 2457 ln
627 2415 656 2459 e.
672 2415 717 2461 m.
733 2395 895 2480 episcopo
910 2396 1061 2462 Tullensi
1086 2406 1121 2463 et
1146 2397 1259 2463 abbati
1284 2398 1475 2464 monasterii
1492 2398 1524 2465 S.
1540 2396 1702 2463 Germani
1730 2396 1763 2461 in
1778 2392 1859 2460 Pratis
1896 2401 1905 2470 j

527 2495 721 2564 Parisiensis
738 2510 773 2565 et
790 2500 924 2566 officiali
942 2500 1127 2567 Parisiensi.

560 2665 620 2725 lleg.
635 2666 681 2710 Ax.
694 2666 729 2712 13.
744 2664 797 2710 171
812 2679 817 2718 ;
833 2663 890 2711 Vat.
904 2666 941 2720 ill,
960 2665 977 2712 l.
994 2665 1056 2723 lbtlv,
1070 2679 1094 2711 n.
1108 2668 1163 2712 200.

573 2897 1833 2996 789·1520,8jrmaicr.
1896 2929 1903 2936 ‘

571 3017 752 3082 Guillelmo
776 3017 818 3082 de
844 3015 996 3101 Baylluel
1020 3017 1190 3083 confertur
1217 3017 1433 3083 canonicatus
1468 3017 1609 3084 ecclesie
1637 3011 1864 3083 Cameracensis
1898 3003 1901 3008 ’

527 3123 587 3184 sub
604 3121 841 3205 expectatione
858 3120 1037 3206 prebende,
1054 3142 1123 3184 non
1144 3123 1301 3186 obstante
1327 3121 1416 3205 quod
1441 3122 1471 3185 in
1489 3122 1520 3185 S.
1538 3119 1647 3185 Marie
1663 3120 1706 3186 de
1723 3117 1864 3185 Condeto

528 3224 621 3308 cujus
644 3224 826 3289 canonicus
852 3224 976 3305 existit,
1004 3225 1260 3310 preposituram,
1277 3225 1348 3289 sine
1373 3246 1461 3305 cura,
1483 3245 1615 3290 necnon
1632 3224 1666 3287 in
1683 3224 1716 3289 S.
1733 3223 1816 3288 Petri
1834 3218 1864 3283 de

528 3327 679 3394 Lutlroza
705 3350 744 3394 ac
770 3328 812 3394 de
834 3328 1013 3413 Origniaoo
1036 3330 1161 3394 Sancte
1185 3327 1368 3393 Benedicte
1396 3328 1554 3407 ecclesiis,
1580 3324 1825 3393 Cameracensis
1840 3329 1864 3386 et

530 3431 757 3498 laudunensis
772 3432 953 3512 diocesurn,
970 3432 1187 3498 canonicatus
1200 3441 1234 3497 et
1250 3432 1437 3517 prebendas
1453 3433 1595 3497 obtinet.

573 3530 740 3601 Nobilitas
755 3537 917 3619 generis...

574 3641 651 3704 lua.
668 3640 767 3703 Axin.
787 3649 803 3702 o
821 3640 864 3705 id.
878 3641 1020 3723 januarii
1034 3662 1125 3707 anno
1141 3665 1171 3725 4.

572 3743 610 3807 ln
627 3767 656 3808 e.
673 3765 716 3807 m.
734 3743 893 3829 episcopo
908 3743 1058 3809 Tullensi
1075 3753 1109 3808 et
1126 3744 1237 3810 abbati
1255 3744 1447 3809 monasterii
1460 3744 1503 3808 de
1515 3743 1694 3828 Viscoigne
1710 3754 1745 3809 et
1761 3744 1867 3810 decano

528 3846 668 3912 ecclesie
685 3845 722 3910 B.
741 3844 848 3910 Marie
864 3847 906 3913 de
921 3848 1080 3932 Antoiug,
1091 3848 1339 3913 Attrebatensis
1354 3856 1389 3912 et
1405 3846 1655 3912 Cameracensis
1671 3846 1842 3913 diocesum.

560 4010 620 4070 neg.
634 4012 681 4057 xv.
697 4013 731 4069 13,
745 4011 762 4058 r.
776 4012 833 4057 ran
846 4028 851 4068 ;
866 4011 922 4059 rat.
937 4013 974 4069 ru,
995 4011 1012 4059 r.
1027 4012 1081 4069 -131,
1094 4024 1120 4059 n.
1135 4013 1205 4061 mm

1902 4149 1905 4204 l

571 4237 1839 4333 790.1320,8jauvicr.
1903 4209 1905 4252 l

571 4360 752 4425 Guillelmo
768 4358 809 4422 de
826 4356 964 4422 (iauclre
981 4356 1150 4422 conl'ertur
1176 4356 1394 4421 canonicatus
1419 4355 1559 4420 ecclesie
1583 4354 1806 4422 Tornacensis
1826 4352 1873 4418 sub

527 4465 763 4549 expectatione
779 4461 959 4546 prebende,
976 4481 1043 4523 non
1056 4462 1214 4524 obstante
1224 4458 1315 4543 quod
1328 4458 1360 4522 in
1375 4458 1515 4524 ecclesia
1528 4459 1558 4522 S.
1571 4458 1660 4523 Petri
1671 4458 1714 4523 de
1727 4459 1874 4525 Luthma.

527 4566 775 4633 Cameracensis
790 4564 941 4644 diocesis,
959 4562 1195 4628 canonicatum
1212 4569 1246 4627 et
1262 4562 1467 4647 prebendam
1484 4560 1626 4627 obtinet.

571 4671 711 4735 Generis
727 4677 802 4734 et...

574 4776 648 4839 llat.
665 4774 764 4838 slvin.
783 4779 800 4836 6
817 4772 861 4837 id.
875 4771 1014 4856 januarii
1033 4792 1124 4836 anno
1141 4794 1171 4855 4.

572 4878 609 4942 ln
627 4901 655 4943 e.
673 4900 716 4942 m.
733 4877 892 4962 episcopo
902 4874 1050 4940 Tullensi
1068 4884 1102 4940 et
1118 4874 1248 4940 decano
1264 4873 1302 4938 B.
1317 4872 1423 4938 blarie
1439 4873 1481 4939 de
1498 4874 1650 4960 Antoing
1665 4883 1700 4940 et
1716 4874 1877 4962 preposito

528 4982 564 5047 B.
583 4980 689 5047 Marie
705 4982 747 5047 de
763 4979 927 5059 Condeto,
945 4977 1195 5044 Cameracensis
1210 4976 1362 5057 diocesis,
1379 4976 1604 5046 ecclesiarum.

561 5149 619 5206 liefr.
634 5150 677 5194 dr.
696 5149 732 5194 la.
744 5147 760 5192 l.
774 5147 819 5191 tab
832 5145 1003 5203 (fragminum
1017 5143 1074 5191 Vnt.
1089 5146 1127 5201 70,
1142 5143 1159 5191 l.
1172 5146 1238 5202 1311,
1249 5159 1273 5192 n.
1286 5147 1326 5192 101
1335 5149 1356 5197 l.
