4409 6017
814 745 972 811 Troisitmo
993 745 1096 811 annea
1578 739 1640 806 249

406 897 490 963 ectis
500 896 575 962 filiis
585 896 737 962 fratribus
748 895 919 961 Bemardo
929 894 1104 976 Guidonis,
1115 894 1299 980 inquisitori
1310 893 1457 961 heretice
1469 891 1641 979 pravitatis

403 1022 433 1066 ιο
450 1000 589 1067 Francie
605 1021 664 1087 per
677 999 797 1066 Sedem
808 1000 1029 1085 apostolicam
1044 999 1218 1086 deputato,
1235 998 1495 1079 Predicatorum,
1511 1004 1547 1062 et
1562 994 1641 1060 Ber·

414 1105 457 1170 de
472 1104 587 1186 Turre,
598 1124 690 1170 sacre
706 1103 876 1188 theologie
886 1103 1054 1188 magistro,
1070 1104 1223 1169 ministro
1239 1102 1434 1190 provinciali
1450 1099 1641 1186 Aquitanie,

403 1229 454 1273 um
470 1208 606 1273 fratrum
623 1207 787 1287 ordinum,
798 1206 982 1293 apostolice
998 1205 1091 1272 Sedis
1100 1206 1236 1272 nuntiis.
1247 1205 1643 1273 Clamavimushactenus

403 1312 423 1377 si
440 1315 520 1377 tuba
536 1313 756 1377 exaltavimus
771 1333 892 1378 vocem
907 1319 1067 1391 nostram,
1077 1311 1239 1378 dilectum
1255 1311 1360 1377 filium
1375 1311 1524 1376 nobilem
1536 1307 1643 1372 virum

403 1436 467 1481 zum
483 1415 653 1495 comitem,
669 1416 832 1497 scabinos,
847 1415 1129 1500 burgemagistros
1144 1436 1183 1482 ac
1198 1415 1423 1481 comunitates
1434 1422 1470 1480 et
1485 1410 1643 1479 universi-

404 1520 536 1584 illarum
552 1529 587 1585 et
611 1520 763 1585 locorum
789 1520 969 1585 comitatus
986 1518 1152 1600 Flandrie,
1168 1541 1258 1585 nunc
1284 1519 1413 1601 litteris,
1430 1538 1519 1583 nunc
1535 1517 1643 1583 solen-

404 1623 527 1705 1untiis,
542 1623 712 1688 retrahere
728 1631 920 1707 satagentes
935 1625 977 1689 ab
994 1623 1086 1687 invio
1102 1630 1137 1688 et
1153 1623 1195 1689 ad
1211 1623 1302 1688 viam
1316 1623 1474 1689 reducere
1484 1619 1644 1703 tranquil-

403 1736 433 1791 et
449 1726 551 1812 pacis.
566 1726 826 1812 Expectavimus
842 1748 961 1813 pacem
978 1729 1042 1808 vel,
1053 1735 1089 1792 ut
1101 1729 1277 1812 loquamur
1286 1726 1405 1808 verius,
1415 1724 1507 1812 pacis
1518 1723 1644 1794 dudum

403 1833 471 1895 lare
487 1830 649 1895 memorie
667 1830 870 1916 Philippum,
886 1852 999 1916 regem
1017 1830 1045 1894 F
1046 1831 1167 1912 rancie,
1184 1852 1223 1897 ac
1245 1831 1352 1916 ipsum
1368 1829 1527 1896 comitem
1554 1847 1645 1893 suos·

404 1935 584 2000 andrenses
599 1934 811 2000 concorditer
827 1934 908 2000 inite
924 1935 1066 2001 solidam
1082 1935 1275 2000 firmitatem
1292 1958 1300 2014 ;
1317 1935 1377 2000 sed
1391 1935 1562 2017 hucusque
1577 1950 1645 1996 non

403 2038 528 2103 eisdem
544 2038 668 2103 comite
683 2058 722 2103 ac
739 2037 996 2104 Flandrensibus
1023 2040 1170 2104 salubres
1197 2039 1366 2105 suasiones
1392 2045 1522 2103 nostras
1544 2038 1646 2101 obau-

403 2162 451 2207 ›us
477 2149 512 2207 et
532 2142 776 2207 declinantibus
801 2142 844 2207 ad
868 2142 1078 2208 dissidiorum
1103 2143 1291 2224 incomoda,
1316 2140 1494 2209 concordie
1520 2138 1647 2205 semitis

403 2237 461 2302 tis.
478 2236 691 2320 Quesivimus
707 2240 796 2302 bona
811 2258 877 2302 una
902 2259 978 2303 cum
1004 2238 1105 2323 ipsius
1131 2239 1263 2305 comitis
1278 2259 1318 2305 ac
1345 2236 1589 2305 comunitatum
1613 2242 1648 2299 et

403 2341 537 2406 sitatum
553 2340 680 2406 nuntiis
696 2341 730 2405 in
746 2350 860 2407 nostra
875 2342 1085 2427 presentibus
1100 2343 1200 2423 curia,
1216 2343 1287 2408 vias
1310 2350 1346 2408 et
1368 2341 1488 2407 modos
1511 2338 1647 2404 investi-

411 2444 541 2511 solicite
557 2445 675 2529 quibus
691 2444 763 2529 ipsa
778 2452 851 2510 tute
867 2453 981 2530 posset
996 2444 1129 2510 solidari
1145 2445 1325 2512 concordia
1333 2453 1552 2527 nostrumque
1562 2442 1649 2508 circa

406 2558 478 2613 ates
494 2569 593 2634 super
607 2549 673 2613 hoc
689 2548 766 2614 hinc
782 2547 859 2613 inde
875 2549 1072 2634 prestandas
1083 2550 1226 2616 salutare
1242 2549 1417 2616 consilium
1427 2546 1649 2630 multadiges-

403 2652 568 2717 ratuntate
584 2652 778 2738 prebendo;
805 2660 856 2717 set
872 2652 944 2738 ipso
961 2653 1085 2718 comite
1110 2675 1149 2720 ac
1174 2653 1437 2719 comunitatibus
1461 2658 1496 2717 et
1520 2650 1649 2715 univer-

403 2777 440 2821 us
450 2755 628 2821 antedictis
641 2756 732 2841 pacis
742 2756 879 2821 consilia
889 2756 972 2821 inire
987 2758 1190 2840 nolentibus,
1200 2758 1312 2844 potius
1327 2756 1471 2824 occurrit
1485 2755 1649 2820 hactenus

403 2859 580 2938 ,turbatio
597 2879 696 2944 quam
722 2859 865 2924 arriserit
886 2868 1002 2945 optate
1022 2861 1265 2946 pacificationis
1288 2862 1487 2947 applausus;
1512 2864 1547 2923 et
1570 2855 1650 2921 licet

403 2983 509 3029 :omes
525 2972 602 3048 post
618 2964 681 3028 hec
691 2963 757 3028 suis
773 2963 869 3028 nobis
884 2963 1003 3029 litteris
1019 2966 1186 3052 scripserit
1196 2966 1287 3050 quod
1301 2965 1392 3051 pacis
1407 2962 1561 3029 habende
1573 2980 1650 3027 cum

403 3087 459 3130 mo
476 3066 508 3129 in
526 3066 661 3132 Christo
678 3066 746 3131 filio
762 3075 879 3132 nostro
895 3066 1062 3153 Philippo,
1073 3090 1150 3154 rege
1164 3067 1305 3134 Francie
1315 3078 1350 3134 et
1361 3066 1512 3133 Navarre
1522 3062 1649 3143 illustri,

405 3191 462 3233 um
492 3170 619 3234 exitum
651 3173 804 3255 sperabat
835 3172 958 3235 habere
988 3172 1152 3255 votivum,
1177 3181 1212 3238 et
1236 3173 1377 3239 dilectus
1407 3171 1492 3237 filius
1522 3169 1649 3254 Symon

403 3295 428 3355 r,
446 3273 615 3338 familiaris
631 3275 711 3359 ejus,
727 3283 807 3339 tunc
824 3276 856 3338 in
873 3276 962 3341 curia
977 3284 1092 3342 nostra
1107 3297 1253 3362 presenS,
1270 3277 1321 3343 cui
1339 3296 1453 3342 comes
1469 3275 1539 3359 ipse
1554 3293 1651 3357 super

404 3378 544 3462 ripserat
561 3386 595 3442 et
611 3378 654 3443 ad
670 3379 762 3462 cujus
778 3379 978 3444 relationem
994 3400 1056 3446 nos
1082 3381 1223 3466 proinde
1248 3382 1385 3462 remisit,
1401 3380 1528 3445 litteras
1551 3377 1652 3463 ipsius

403 3503 418 3546 s
435 3482 495 3545 sibi
513 3482 628 3547 missas
643 3482 740 3547 nobis
756 3483 954 3563 exhibuerit,
971 3505 1111 3568 quarum
1135 3486 1236 3550 series
1251 3486 1358 3571 ipsum
1375 3483 1525 3549 ostendit
1549 3481 1651 3546 comi-

406 3584 574 3650 udabilem
591 3585 712 3650 habere
729 3586 771 3651 ad
787 3607 904 3671 pacem
921 3588 1267 3668 affectum“,nondum
1284 3598 1409 3668 tamen,
1419 3587 1461 3653 de
1478 3605 1544 3670 quo
1560 3584 1652 3650 dole-

403 3689 525 3769 rdubie,
542 3709 601 3774 per
622 3690 774 3754 amabilis
791 3691 998 3756 executionis
1019 3692 1188 3774 effectum,
1204 3714 1256 3757 res
1271 3692 1431 3758 successit
1446 3690 1515 3776 spei
1532 3687 1651 3753 exinde

404 3801 452 3858 >te
469 3816 476 3872 ;
495 3793 584 3857 unde
600 3793 756 3857 nimirum
773 3803 945 3879 stupemus
969 3794 1011 3860 de
1037 3796 1147 3862 abisso
1171 3796 1273 3861 divini
1287 3796 1401 3880 judicii
1426 3817 1446 3859 a
1472 3814 1537 3878 qua
1561 3791 1652 3877 pacis

406 3896 543 3960 humani
560 3897 690 3980 generis
703 3897 849 3977 inimic0,
861 3906 956 3962 tanta
969 3909 1020 3964 est
1030 3899 1190 3984 permissa
1200 3908 1350 3985 potestas
1360 3898 1451 3984 pacis
1464 3893 1652 3980 hujusmodi

403 3999 471 4063 lum
487 4000 704 4084 perturbandi
719 4024 726 4080 ;
745 4021 860 4066 verum
878 4003 1048 4085 quoniam,
1065 4003 1151 4068 sicut
1166 4004 1311 4068 letanter
1325 4003 1522 4081 audivimus,
1538 4008 1653 4084 treuge

404 4111 479 4168 nter
505 4124 617 4188 regem
643 4104 750 4189 ipsum
779 4125 818 4169 ac
845 4105 989 4170 eundem
1014 4107 1174 4172 comitem
1205 4116 1401 4191 ceterosque
1433 4105 1654 4170 Flandrenses

409 4208 451 4272 ad
469 4205 598 4272 Pascha
614 4208 803 4292 proximum
820 4209 901 4273 inite
918 4212 977 4273 sub
994 4231 1053 4295 spe
1068 4211 1163 4295 pacis
1178 4210 1322 4290 interim,
1342 4219 1478 4276 auctore
1496 4208 1654 4287 Domino

403 4311 473 4390 nde,
490 4332 588 4395 super
604 4333 671 4394 quo
687 4312 728 4375 de
751 4313 884 4376 comuni
913 4334 1077 4378 consensu
1102 4326 1194 4380 certa
1209 4314 1279 4380 dies
1303 4323 1354 4381 est
1372 4315 1538 4399 assignata
1555 4312 1655 4378 Com-

408 4415 544 4498 ,quibus
556 4414 653 4479 dicet
672 4418 747 4480 loco
765 4417 910 4501 ipsorum
922 4418 1064 4499 comitis,
1077 4419 1654 4504 scabinorum,burgemagistrorum,

404 4519 537 4583 litatum
554 4527 588 4582 et
605 4520 858 4584 universitatum
875 4530 1107 4606 procuratores
1122 4544 1180 4588 seu
1196 4524 1304 4588 nuntii
1321 4524 1447 4588 debent
1470 4543 1546 4587 cum
1565 4543 1656 4607 rega·

404 4623 519 4687 runtiis
535 4624 727 4703 convenire,
745 4646 806 4689 nos
822 4625 931 4690 adhuc
944 4626 976 4689 in
994 4626 1217 4711 qualicunque
1233 4627 1324 4711 pacis
1344 4626 1506 4692 firmande
1526 4626 1655 4707 fiducia,

404 4725 472 4806 ¹uod
489 4726 585 4805 absit,
603 4748 661 4811 per
678 4728 784 4811 ipsum
802 4730 962 4793 comitem
979 4739 1037 4795 aut
1052 4730 1220 4816 predictos
1245 4740 1476 4817 procuratores
1499 4752 1557 4795 seu
1573 4751 1656 4794 nun-

403 4831 514 4911 ‚eterit,
531 4830 741 4916 respirantes,
753 4853 812 4915 per
822 4832 901 4898 alias
917 4842 1046 4899 nostras
1057 4835 1139 4901 certi
1152 4836 1278 4909 tenoris
1290 4836 1418 4906 litteras
1431 4836 1477 4923 (1)
1488 4834 1656 4922 predictos

404 4987 484 5029 ectum
499 4998 549 5045 rap,
559 4984 613 5031 110.

403 5189 435 5235 ΟΣ.
447 5192 471 5228 n.
484 5181 531 5226 638
543 5187 567 5227 ct
581 5182 636 5232 639.
