4409 6017
923 719 1069 800 septime
1088 719 1192 785 annea
1671 720 1734 785 118

372 868 614 954 promulgavit,
630 889 650 935 a
665 889 731 955 qua
746 889 808 955 pro
822 876 918 955 parte
932 878 991 935 tua
1006 868 1066 935 fuit
1088 868 1132 935 ad
1147 868 1268 936 Sedem
1290 870 1512 956 apostolicam
1529 869 1735 955 appellatum

372 977 505 1060 n'osque
521 974 555 1040 in
572 994 671 1040 causa
684 973 934 1060 vappellationis
948 973 1140 1059 hujusmodi
1166 983 1202 1040 et
1224 974 1352 1060 negotii
1366 973 1557 1061 principalis
1573 973 1734 1039 dilectum

372 1078 481 1143 filium
501 1078 698 1162 magistrum
715 1076 939 1159 Bertrandum
962 1077 1005 1144 de
1028 1077 1153 1144 Sancto
1168 1077 1326 1160 Genesi0,
1348 1080 1559 1163 capellanum
1581 1085 1733 1143 nostrum

370 1189 409 1247 et
435 1180 623 1247 auditorem
643 1194 817 1247 causarum
843 1181 960 1267 palatii
984 1181 1099 1263 nostri,
1126 1180 1280 1248 dedimus
1305 1181 1495 1268 specialiter
1524 1180 1731 1258 auditorem3

370 1307 488 1351 coram
512 1306 590 1370 quo,
615 1270 703 1351 inter
728 1293 763 1351 te
786 1294 821 1351 et
850 1285 979 1352 dictum
1006 1285 1224 1352 Guillelmum
1249 1286 1440 1371 hujusmodi
1469 1287 1529 1351 lite
1552 1284 1732 1372 pendente,

370 1390 464 1456 idem
493 1388 702 1470 Guillelmus,
732 1389 787 1473 qui
818 1389 1021 1475 possessioni
1052 1389 1203 1475 ejusdem
1237 1390 1408 1476 prebende
1441 1390 1667 1477 incumbebat,
1699 1388 1733 1451 in

369 1492 438 1558 illis
452 1493 601 1578 partibus
615 1492 705 1559 viam
721 1492 784 1559 fuit
804 1492 959 1558 universe
985 1493 1094 1559 carnis
1114 1494 1291 1579 ingressus.
1316 1493 1428 1578 Quare
1443 1493 1541 1560 nobis
1563 1492 1734 1558 humiliter

367 1597 566 1683 supplicasti
583 1604 630 1680 ut,
645 1618 722 1666 cum
737 1606 775 1664 tu
790 1618 925 1663 causam
940 1598 1131 1683 hujusmodi
1147 1597 1385 1664 nichilominus
1407 1598 1451 1665 sis
1466 1605 1600 1684 paratus
1621 1618 1733 1682 prose-

367 1701 427 1786 qui
454 1721 494 1767 ac
514 1701 650 1768 interim
675 1701 766 1768 dicta
781 1702 951 1787 prebenda
966 1722 1026 1787 per
1043 1702 1146 1768 alium
1162 1722 1262 1788 quam
1278 1722 1337 1788 per
1352 1722 1415 1768 nos
1437 1700 1480 1767 de
1497 1701 1571 1786 jure
1591 1700 1732 1766 conferri

367 1826 440 1871 303
462 1806 578 1891 possit,
605 1806 782 1892 providere
810 1806 872 1872 tibi
896 1806 941 1872 de
966 1805 1057 1872 dicta
1078 1805 1250 1892 prebenda
1269 1805 1312 1872 de
1334 1806 1485 1892 ejusdem
1506 1804 1601 1871 Sedis
1624 1804 1733 1870 muni·

369 1909 508 1975 ficentia
522 1910 744 1995 dignaremur.
767 1908 842 1976 Nos
866 1909 979 1995 itaque
994 1910 1151 1975 volentes
1171 1930 1349 1995 personam
1374 1920 1480 1993 tuam,
1495 1908 1732 1996 premissorum

367 2014 570 2081 meritorum
585 2022 721 2080 tuorum
736 2013 870 2096 intuitu,
886 2014 1098 2101 prerogativa
1113 2015 1269 2101 prosequi
1284 2016 1390 2101 gratie
1413 2012 1577 2100 specialis,
1595 2011 1732 2078 canoni-

367 2126 485 2184 catum
507 2127 542 2184 et
564 2118 770 2205 prebendam
792 2117 973 2205 predictos,
998 2117 1131 2183 etiamsi
1156 2117 1305 2184 redditus
1328 2127 1363 2185 et
1383 2125 1568 2205 proventus
1582 2115 1731 2201 ejusdem

366 2222 540 2308 prebende
570 2221 758 2309 predictam
788 2242 954 2288 summam
984 2221 1162 2303 excedant,
1198 2243 1274 2288 cum
1304 2221 1489 2289 secundum
1521 2220 1731 2286 taxationem

366 2325 510 2410 antique
524 2325 655 2392 decime
671 2325 891 2411 quadraginta
906 2345 964 2391 sex
980 2325 1037 2391 lib.
1047 2333 1112 2391 tur.
1127 2345 1221 2411 prov,
1236 2326 1386 2392 valorem
1402 2344 1553 2391 annuum
1569 2324 1732 2390 excedere

366 2429 510 2495 minime
525 2428 843 2510 dinoscuntur,...de
855 2449 945 2496 novo
957 2428 1160 2495 conferimus
1171 2437 1206 2495 et
1217 2428 1260 2495 de
1276 2429 1340 2495 illis
1355 2429 1457 2495 etiam
1472 2428 1728 2514 providemus...

367 2534 452 2600 Dat.
467 2533 568 2598 Avin.
586 2554 603 2617 3
620 2531 688 2598 kal.
700 2533 785 2618 junii
801 2553 891 2598 anno
908 2552 937 2618 7.
954 2554 972 2596 1)

413 2637 455 2703 In
471 2658 501 2704 e.
517 2659 561 2704 m.
578 2637 738 2724 episcopo
753 2636 913 2704 Trecensi
928 2646 963 2704 et
979 2638 1217 2705 archidiacono
1229 2637 1405 2704 Parisiensi
1420 2658 1460 2704 ac
1472 2637 1601 2704 cantori
1619 2636 1732 2703 Petra·

366 2743 553 2829 goricensis
569 2741 795 2808 ecclesiarum.
1157 2746 1161 2752 ’

405 2871 467 2933 neg.
480 2873 529 2921 xv.
545 2871 948 2933 19,t.201;vat.75,t.8cv,n.
968 2874 1039 2923 1131.

417 3022 554 3108 1182.
1439 3043 1687 3127 1323,31moi.

413 3141 580 3229 Magistro
596 3142 779 3211 Genselino
791 3144 833 3211 de
850 3144 1041 3228 Cassanhis,
1055 3146 1222 3214 canonico
1233 3148 1375 3214 ecclesie
1391 3148 1422 3214 S.
1440 3146 1534 3213 Pauli
1550 3146 1592 3211 de
1609 3143 1730 3210 Fenol·

362 3247 516 3328 hedesi0,
528 3247 716 3315 Electensis
727 3248 881 3331 diocesis,
894 3250 1071 3336 capellano
1086 3271 1185 3337 pape,
1195 3260 1383 3318 reservatur
1397 3250 1730 3337 archipresbiteratus

361 3352 408 3419 de
426 3351 613 3437 Rupeforti,
637 3350 868 3420 Narbonensis
882 3353 1035 3435 diocesis,
1052 3354 1086 3419 in
1101 3356 1194 3420 brevi
1217 3363 1394 3422 vacaturus
1409 3376 1469 3442 per
1484 3355 1729 3422 assecutionem

362 3477 384 3521 a
410 3455 571 3541 magistro
590 3455 741 3522 Arnaldo
768 3456 870 3543 Regis
890 3458 1013 3524 factam
1035 3457 1078 3523 de
1101 3462 1304 3526 canonicatu
1326 3467 1361 3536 et
1376 3459 1547 3546 prebenda
1567 3480 1607 3524 ac
1623 3458 1729 3524 archi·

361 3560 549 3627 diaconatu
565 3561 707 3627 ecclesie
724 3560 985 3629 Cameracensis.

412 3665 617 3731 Litterarum
635 3665 824 3732 scientia...

412 3770 492 3834 Dat.
511 3769 611 3835 Avin.
626 3790 642 3833 2
660 3768 726 3834 kal.
742 3770 826 3855 junii
848 3790 939 3836 anno
958 3790 987 3856 7.

412 3870 454 3936 ln
469 3892 498 3936 e.
515 3893 559 3936 m.
575 3870 829 3940 Lemovicensis
852 3883 886 3939 et
909 3872 1121 3941 Lodovensis
1136 3875 1303 3962 episcopis
1330 3897 1370 3943 ac
1398 3878 1557 3960 magistro
1580 3877 1731 3943 Oliverio

365 3977 410 4043 de
427 3975 580 4057 Cerzeto,
604 3978 768 4043 canonico
787 3977 946 4058 Eduensi,
963 3980 1141 4064 capellano
1164 4000 1262 4066 pape.

402 4109 464 4168 ch.
477 4109 525 4154 Av.
537 4109 573 4167 111,
586 4107 604 4155 f.
618 4109 685 4166 1151,
700 4122 724 4156 n.
739 4109 800 4156 1088
812 4124 817 4164 ;
831 4108 889 4158 Vat.
905 4112 944 4168 75,
957 4110 975 4158 f.
990 4111 1028 4178 89,
1042 4124 1067 4157 n.
1082 4110 1153 4159 1087.

415 4266 552 4351 1183.
1442 4287 1687 4366 1323,31mor'.

411 4383 431 4462 J
434 4385 561 4450 ohanni
572 4383 719 4470 Nicolay
730 4384 882 4451 Mutonis
891 4385 934 4450 de
945 4384 1056 4451 Fonte
1068 4385 1237 4451 confertur
1247 4386 1464 4452 canonicatus
1475 4387 1617 4452 ecclesie
1629 4387 1731 4453 snu-

365 4487 474 4554 moldi
493 4486 731 4570 Maeliniensis,
748 4488 1000 4555 Cameracensis
1015 4489 1168 4571 diocesis,
1184 4492 1244 4555 sub
1261 4490 1497 4576 expectatione
1513 4491 1693 4576 prebende.

412 4590 634 4676 Suffragantia
649 4593 754 4659 tibi...

411 4694 493 4758 Dat.
509 4695 610 4761 Avin.
628 4717 645 4760 2
659 4695 725 4761 kal.
739 4696 823 4782 junii
839 4718 929 4763 anno
947 4716 975 4782 7.

412 4796 454 4863 ln
471 4819 500 4864 e.
516 4820 561 4864 m.
577 4801 689 4864 abbati
707 4800 900 4865 monasterii
926 4801 957 4865 S.
973 4800 1090 4879 Jacobi
1118 4801 1312 4867 Leodiensis
1337 4811 1371 4866 et
1399 4800 1597 4882 Bertrand0,
1623 4802 1728 4866 archi·

364 4904 513 4971 diacono
544 4902 744 4984 Vastinensi,
770 4904 983 4986 Senonensis,
1009 4926 1049 4970 ac
1077 4904 1228 4969 Roberto
1252 4906 1294 4969 de
1318 4905 1541 4986 Pinchebeke,
1564 4905 1728 4971 canonico

366 5006 595 5075 Eboracensis
610 5008 836 5073 ecclesiarum.

399 5142 463 5201 neg.
479 5139 537 5188 vat.
556 5141 593 5198 11,
608 5140 626 5187 r.
638 5141 714 5196 assu
729 5140 786 5188 vat.
799 5143 839 5199 75,
854 5141 870 5188 f.
887 5141 952 5188 rssv.
965 5155 989 5187 n.
1008 5141 1077 5190 naa
