4409 6017
419 683 475 747 210
956 678 1112 744 Deuxieme
1134 680 1235 744 annea.

461 831 1485 916 5341
1511 842 1556 904 18
1603 862 1619 903 1
1637 839 1723 904 avril.

464 949 606 1016 Nunciis
621 948 815 1036 apostolicis
830 946 983 1013 scribitur
998 948 1058 1011 sub
1075 945 1181 1010 sonna
1197 945 1350 1031 ampliori
1366 946 1410 1012 de
1430 835 1709 1011 eildimLconsilio
1725 945 1752 1006 ab

422 1055 550 1119 eisdem
566 1054 689 1119 comite
706 1062 740 1118 et
756 1050 1018 1120 comunitatibus
1033 1050 1281 1134 amplectendo

466 1274 483 1313 r<
501 1250 641 1315 Dilectis
657 1250 732 1314 filiis
750 1249 903 1314 fratribus
919 1245 1022 1310 Petro
1045 1245 1087 1310 de
1104 1244 1240 1327 Palude,
1262 1246 1421 1331 magistro
1445 1246 1478 1310 in
1501 1245 1680 1330 theologia,
1700 1244 1752 1307 Pro

364 1364 372 1381 ·
420 1353 618 1435 dicatorum,
646 1353 818 1439 Stephano
840 1351 882 1416 de
911 1348 1058 1414 Neriaco
1085 1357 1120 1413 et
1146 1347 1328 1413 Guillelmo
1352 1350 1394 1414 de
1417 1349 1592 1430 Gandavo,
1612 1347 1752 1413 Minorun

422 1458 557 1522 fratrum
575 1456 739 1537 ordinum,
755 1454 882 1520 nuntiis
897 1452 1031 1518 nostris.
1049 1450 1143 1516 Illius
1159 1451 1213 1536 qui
1235 1452 1299 1534 via,
1321 1453 1445 1519 veritas
1468 1462 1520 1519 est
1538 1461 1573 1518 et
1599 1452 1667 1518 vita
1681 1453 1752 1517 vices

421 1561 500 1626 licet
527 1560 694 1641 immeriti,
718 1568 871 1645 gerentes
899 1558 932 1621 in
957 1557 1063 1635 terriS,
1093 1576 1309 1640 processuum
1334 1558 1509 1642 presertim
1535 1565 1716 1622 nostrorum
1737 1578 1752 1615 e

421 1673 556 1729 actuum
573 1663 751 1727 veritatem
768 1664 936 1728 interdum
954 1663 987 1727 in
1004 1664 1114 1732 lucem
1127 1662 1274 1745 pandere
1290 1661 1451 1742 ducimur,
1467 1670 1504 1726 ut
1516 1683 1576 1747 per
1588 1661 1751 1746 patefactio

423 1790 499 1832 uem
517 1768 603 1832 illius
621 1768 766 1852 pellatur
782 1766 918 1846 falsitas,
935 1766 1078 1831 varietas
1102 1767 1215 1838 lateat,
1235 1774 1341 1830 cesset
1358 1765 1546 1850 duplicitas,
1568 1764 1709 1829 mendax
1726 1783 1752 1827 as

422 1872 524 1937 sertio
539 1871 726 1936 delirescat.
744 1871 829 1935 Sane
845 1870 972 1935 dudum
989 1878 1044 1933 etc.
1063 1877 1099 1933 ut
1115 1870 1147 1931 in
1158 1870 1270 1954 prima
1286 1875 1390 1955 sopra
1407 1890 1511 1953 usqree
1525 1868 1570 1933 ibi
1588 1868 1671 1933 facie
1692 1888 1752 1931 reve

424 1979 492 2040 lata
507 1974 707 2060 pandantur,
724 1982 761 2038 ut
777 1974 880 2038 etiam
897 1994 997 2058 quarn
1015 1971 1207 2057 expediens,
1224 1993 1322 2056 quam
1340 1974 1470 2037 salubre
1486 1971 1548 2037 sibi
1565 1980 1752 2037 censeature

423 2080 505 2145 utile
523 2081 629 2164 ipsum
646 2087 798 2143 nostrum
815 2086 993 2163 acceptare
1022 2076 1208 2155 consilium,
1236 2077 1325 2161 quod
1353 2077 1469 2161 utique
1494 2097 1588 2141 more
1613 2077 1657 2162 pii
1682 2075 1752 2162 patri

426 2184 567 2248 liliorum
584 2181 727 2247 comoda
743 2180 976 2265 prosequentis
990 2188 1024 2244 et
1041 2180 1198 2244 evitantis
1215 2180 1404 2262 incomoda,
1417 2201 1478 2265 pro
1490 2181 1680 2246 securitatis
1688 2188 1751 2245 caut

424 2286 581 2368 suffragio
596 2285 749 2350 dedimus
765 2296 788 2365 ⁶,
805 2293 919 2349 vestro
935 2284 982 2349 eis
997 2283 1182 2348 ministerio
1203 2284 1342 2369 patefiat
1357 2294 1539 2369 nostraque
1563 2285 1651 2350 circa
1674 2285 1706 2349 id
1725 2284 1752 2347 sil

427 2392 534 2455 finalis
562 2390 707 2454 intentio
734 2390 929 2475 explicetur,
953 2411 1015 2455 vos
1040 2397 1073 2453 et
1099 2397 1249 2453 vestrum
1273 2389 1457 2474 quemlibet
1482 2396 1538 2453 etc.
1563 2410 1669 2473 usque
1694 2410 1752 2453 aco

426 2497 554 2573 dentes,
572 2495 700 2558 litteras
714 2502 931 2573 nostrastam
949 2514 1006 2558 eas
1021 2493 1179 2558 videlicet
1196 2514 1260 2577 que
1276 2514 1374 2579 super
1390 2492 1492 2577 ipsius
1501 2492 1639 2557 datione
1650 2493 1749 2558 consil

428 2620 527 2684 quam
544 2619 600 2662 eas
616 2617 680 2682 que
695 2594 706 2630 ⁶
721 2618 820 2682 super
835 2596 1071 2683 premissorum
1088 2596 1238 2661 omnium
1254 2597 1479 2681 patefactione
1496 2617 1554 2661 seu
1564 2597 1751 2681 explicatior

429 2701 587 2787 predictis
613 2701 728 2766 comiti
754 2710 788 2766 et
813 2700 1075 2766 comunitatibus
1100 2699 1294 2783 diriguntur,
1317 2720 1378 2785 pro
1398 2708 1493 2785 parte
1514 2708 1630 2764 nostra
1652 2700 1751 2765 indila

430 2805 630 2892 presentetis
647 2805 784 2882 eisdem,
802 2814 835 2868 et
853 2804 1006 2889 exposita
1027 2805 1074 2868 eis
1098 2803 1217 2888 prelati
1242 2804 1384 2868 veritate
1408 2802 1547 2884 consilii,
1560 2804 1656 2887 juxta
1677 2805 1751 2868 data

433 2910 527 2974 vobis
548 2930 567 2973 a
593 2909 668 2972 Deo
694 2908 906 2993 prudentiam
932 2907 1115 2972 efficaciter
1139 2907 1301 2971 studeatis
1322 2907 1382 2971 sibi
1409 2927 1582 2990 suggerere
1606 2915 1644 2971 ut
1667 2928 1752 2992 pone

432 3014 536 3077 velint
552 3013 585 3076 in
602 3020 693 3077 recta
709 3021 833 3076 statera
849 3012 1034 3076 animarum
1059 3011 1215 3095 pericula,
1239 3031 1425 3095 corporum·
1439 3011 1549 3091 cedes,
1571 3031 1752 3096 expensaru

431 3117 614 3200 voragines
631 3116 776 3200 dampna
792 3136 901 3180 rerum
918 3135 982 3198 que
998 3115 1122 3178 nedum
1139 3115 1195 3193 cis,
1207 3123 1257 3179 set
1269 3115 1360 3198 quasi
1374 3114 1437 3178 toti
1453 3114 1582 3179 mundo
1598 3116 1751 3181 miserabi

430 3229 481 3284 ter
507 3218 620 3283 intulit
647 3217 858 3282 Flandreusis
883 3238 999 3302 guerre
1025 3217 1221 3297 commotio,
1238 3225 1271 3281 et
1299 3218 1435 3302 insuper
1457 3217 1701 3304 impedimenta
1725 3243 1752 3284 m

431 3324 518 3389 levia
542 3343 606 3406 que
627 3322 690 3406 piis
717 3321 780 3385 Dei
806 3322 950 3406 negotiis
975 3331 1008 3386 et
1030 3321 1219 3406 specialiter
1236 3322 1451 3385 ultramarino
1467 3324 1622 3407 passagio
1638 3333 1752 3408 patent

432 3426 579 3510 ingessit,
596 3434 629 3489 et
649 3446 713 3507 que
734 3424 885 3508 graviora
910 3425 1030 3489 inferre
1054 3446 1094 3489 ac
1118 3425 1265 3508 ingerere
1288 3426 1373 3489 illius
1397 3426 1617 3506 continuatio,
1644 3429 1682 3508 si,
1704 3449 1752 3512 qu

431 3530 527 3609 absit,
545 3529 628 3593 forte
645 3528 851 3613 procederet,
866 3528 1073 3593 formidatur.
1096 3528 1140 3592 Et
1164 3551 1182 3591 e
1202 3528 1599 3593 diversoconsideranter
1616 3531 1752 3596 adverta

432 3641 515 3718 quot
531 3643 565 3697 et
581 3640 706 3716 quauta
721 3634 809 3695 bona
826 3633 1054 3696 universaliter
1076 3633 1251 3716 provenire
1275 3641 1448 3716 sperantur
1472 3654 1512 3696 ex
1537 3654 1630 3717 pace,
1655 3657 1751 3719 quon

372 3767 378 3778 ·
433 3737 587 3821 equidem
604 3738 769 3799 bonorum
786 3734 871 3799 sicut
889 3744 1048 3820 poterunt
1064 3735 1252 3819 predictum
1269 3736 1479 3820 acceptando
1494 3739 1672 3803 consilium
1695 3762 1752 3826 par

433 3841 525 3926 cipes
540 3839 638 3917 effici,
655 3839 702 3903 sic
719 3848 763 3916 et,
781 3839 819 3918 si,
836 3840 926 3922 quod
943 3861 1009 3902 uon
1028 3839 1192 3903 credimus
1216 3860 1278 3903 nec
1298 3841 1470 3921 vellemus,
1495 3842 1671 3908 consilium
1688 3846 1751 3931 ipsr

433 3944 589 4022 abiciant,
605 3942 776 4008 debebunt
792 3947 942 4010 omnium
959 3946 1208 4030 dispendiorum
1224 3946 1347 4030 pariter
1360 3949 1566 4011 etmalorum
1578 3970 1643 4033 que
1656 3971 1752 4036 seque

434 4059 487 4113 tur
503 4068 543 4111 ex
559 4066 675 4130 guerre
692 4068 848 4131 processu
865 4059 995 4114 actores
1012 4050 1132 4114 merito
1153 4054 1307 4135 reputari.
1325 4049 1544 4115 Considerent
1569 4053 1672 4117 etiam
1697 4077 1752 4138 qu(

436 4173 512 4218 cum
537 4151 780 4216 conventiones
805 4173 865 4237 pro
896 4174 1034 4237 quarum
1057 4154 1291 4219 observatione
1314 4153 1474 4218 securitas
1498 4155 1623 4239 petitur
1642 4167 1676 4223 et
1701 4180 1752 4243 sur

436 4256 529 4340 cujus
553 4254 739 4319 securitatis
764 4258 970 4339 prestatione
997 4268 1148 4323 nostrum
1176 4259 1337 4343 processit
1358 4259 1543 4339 consilium,
1568 4270 1604 4326 ut
1626 4263 1748 4346 pret‘ert

437 4360 505 4425 sint
520 4358 714 4442 simpliciter
729 4359 808 4424 hinc
832 4362 909 4425 iude
923 4363 1031 4446 jurate
1052 4362 1185 4436 servari,
1202 4363 1249 4426 eis
1272 4364 1431 4447 derogare
1456 4384 1521 4426 non
1548 4378 1700 4448 possunt,
1721 4389 1752 4449 qr

438 4473 473 4529 et
495 4463 687 4545 religionem
710 4462 918 4547 jurisjurandi
946 4466 977 4528 in
1005 4486 1120 4530 eorum
1147 4467 1274 4531 animas
1304 4468 1433 4551 prestiti
1466 4487 1533 4530 non
1559 4471 1685 4553 absque
1710 4492 1752 4551 gr:

440 4576 521 4633 nota
546 4577 737 4652 pretereant
760 4580 794 4632 et
810 4569 950 4652 proinde
976 4570 1123 4634 divinam
1150 4572 1360 4654 majestatem
1383 4570 1565 4636 offendant.
1591 4573 1751 4637 Attendar

440 4693 572 4758 quoque
589 4671 678 4754 quod
695 4693 734 4733 ex
752 4674 1033 4738 conventionibus
1056 4674 1136 4759 ipsis
1161 4677 1259 4757 longe
1281 4678 1398 4739 melior
1423 4699 1521 4759 quam
1539 4676 1581 4740 de
1598 4697 1681 4759 pace
1698 4678 1752 4761 prii

440 4789 492 4843 est
508 4798 621 4841 earum
638 4776 724 4841 facta
749 4777 907 4857 conditio,
933 4779 1186 4862 propterquod
1212 4779 1253 4843 ad
1281 4781 1504 4844 inviolabilem
1531 4782 1752 4844 observatioru

440 4881 571 4946 illarum
596 4888 630 4943 et
657 4880 699 4944 ad
724 4881 993 4965 acceptationem
1021 4882 1092 4946 dati
1123 4904 1181 4967 per
1204 4904 1266 4947 uos
1294 4906 1391 4968 super
1415 4884 1595 4949 securitate
1620 4886 1707 4950 circa
1730 4886 1749 4948 il

473 5123 498 5154 u.
509 5104 627 5152 dedimus·
640 5118 747 5165 moraque
760 5118 810 5164 req.
823 5104 876 5151 110.
890 5131 921 5138 -
934 5105 955 5151 d.
970 5120 1020 5165 quc
1034 5119 1142 5167 aruaque
1155 5122 1203 5168 rep.
1219 5108 1229 5151 l
1236 5108 1272 5154 lo.
1291 5133 1320 5138 --
1331 5125 1351 5154 r.
1363 5106 1485 5153 occulant
1501 5122 1550 5170 rep.
1564 5109 1619 5157 110.
