4409 6017
520 722 573 786 112
1063 718 1209 784 Premi‘ere
1231 717 1333 783 annio.

522 871 565 936 ad
581 890 645 954 que
661 876 819 934 tenentur
835 867 945 933 eidem
961 876 998 932 ut
1014 867 1162 948 domino,
1179 886 1238 952 per
1254 861 1608 931 excommunicationis
1623 861 1658 926 in
1673 880 1831 948 personas
1844 867 1870 925 et
1893 869 1907 876 ‘

523 974 690 1040 interdicti
707 972 890 1038 sententias
907 972 939 1036 in
954 980 1059 1037 terras
1075 979 1110 1036 et
1127 970 1283 1036 ecclesias
1306 989 1432 1049 eorum,
1448 988 1488 1034 ac
1501 987 1562 1053 per
1576 965 1802 1053 privationem
1815 962 1871 1029 feu·
1890 977 1895 1064 s

523 1077 873 1157 dorum,locationum,
881 1076 1065 1141 ofliciorum
1075 1084 1110 1141 et
1124 1094 1407 1160 quorumcumque
1417 1071 1658 1138 beneficiorum
1667 1068 1872 1156 spiritualium
1891 1081 1895 1086 '

522 1182 605 1247 citra
620 1181 936 1266 archiepiscopalem
952 1189 986 1246 et
1006 1180 1230 1266 episcopalem
1249 1179 1457 1264 dignitatem,
1479 1185 1514 1242 et
1531 1173 1769 1261 temporalium
1785 1172 1873 1239 etiam
1893 1183 1907 1194 “’

522 1306 586 1369 que
601 1306 621 1349 a
637 1284 897 1369 quibuscumque
913 1284 1060 1351 ecclesiis
1076 1284 1341 1365 obtinebunt,·ut
1360 1282 1407 1348 sic
1430 1281 1533 1346 libere
1543 1280 1598 1344 illa
1615 1278 1660 1344 ad
1677 1279 1766 1364 ipsas
1781 1278 1874 1343 eoele-
1896 1303 1899 1308 ·

522 1388 586 1453 sias
601 1396 811 1453 revertantur
821 1387 910 1472 quod
926 1388 1043 1473 prelati
1055 1395 1089 1453 et
1106 1396 1253 1453 rectores
1269 1407 1381 1452 earum
1395 1394 1430 1450 et
1440 1385 1494 1450 alii
1506 1384 1549 1449 ad
1558 1403 1642 1479 quos
1652 1382 1687 1448 id
1695 1379 1875 1468 pertinebit,

522 1490 564 1557 de
575 1491 637 1556 illis
646 1511 707 1577 pro
716 1511 774 1557 sua
784 1494 958 1556 voluntate
968 1490 1199 1576 disponant,ac
1209 1512 1267 1576 per
1277 1488 1578 1556 inhabilitationem
1589 1495 1660 1552 tam
1669 1504 1876 1573 personarum
1898 1477 1904 1532 ’ἵ

523 1596 666 1681 ipsarum
682 1596 988 1676 ecclesiasticarum,
1000 1596 1256 1681 archiepiscopis
1271 1604 1306 1661 et
1322 1593 1494 1680 episcopis,
1506 1600 1542 1658 ut
1550 1587 1878 1678 prefertur,exceptis,
1898 1573 1907 1728 ἱ

524 1719 623 1783 quam
640 1699 791 1781 liliorum,
808 1708 970 1785 nepotum
983 1708 1018 1764 et
1034 1700 1173 1764 aliorum
1189 1698 1464 1765 descendentium
1479 1701 1521 1762 ab
1532 1696 1609 1783 ipsis
1618 1693 1881 1761 inobedientibus
1904 1733 1907 1746 ·

524 1812 559 1869 et
567 1804 744 1868 rebellibus
754 1802 844 1868 laicis
854 1824 957 1887 usque
968 1802 1010 1868 ad
1020 1802 1202 1868 secundum
1212 1802 1410 1888 gradum,ad
1419 1801 1535 1886 quevis
1543 1799 1707 1865 beneficia
1716 1796 1881 1865 ecclesias·
1906 1791 1907 1800 ’

523 1906 590 1972 tica
605 1906 797 1986 obtinenda,
808 1915 842 1971 et
852 1906 987 1991 insuper
996 1927 1056 1992 per
1065 1907 1129 1971 alia
1136 1907 1217 1991 juris
1226 1905 1382 1986 remedia,
1394 1904 1436 1970 de
1446 1904 1565 1988 quibus
1576 1911 1611 1968 et
1620 1911 1721 1989 prout
1730 1900 1883 1988 expedire

525 2009 682 2092 videritis,
698 2009 924 2095 appellatione
945 2018 1084 2092 remota,
1101 2011 1236 2094 cogatis,
1266 2030 1334 2074 non
1356 2008 1565 2075 obstantibus
1585 2007 1611 2073 si
1632 2007 1681 2073 eis
1701 2015 1760 2072 aut
1784 2005 1884 2072 cuivis

526 2134 641 2179 eorum
658 2135 677 2179 a
693 2112 778 2179 Sede
794 2114 977 2199 apostolica
992 2114 1035 2179 sit
1052 2114 1216 2179 indultum
1227 2113 1317 2198 quod
1332 2112 1612 2179 excommunicari
1627 2120 1685 2177 aut
1700 2109 1791 2176 terre
1803 2110 1884 2197 ipso

526 2238 599 2283 rum
615 2218 669 2282 vel
684 2217 824 2283 ecclesie
842 2218 1067 2283 ecclesiastico
1085 2216 1265 2283 interdicto
1287 2217 1428 2303 supponi
1450 2217 1664 2302 nonpossint
1683 2236 1745 2302 per
1762 2215 1886 2281 litteras

526 2322 620 2388 Sedis
635 2321 783 2406 ejusdem
796 2342 863 2386 non
875 2321 1036 2387 facientes
1051 2323 1186 2408 plenam
1203 2329 1237 2386 et
1253 2342 1443 2408 expressam
1459 2321 1556 2387 aede
1571 2323 1675 2387 verbo
1690 2320 1734 2388 ad
1749 2320 1886 2384 verbum

526 2426 568 2491 de
585 2426 714 2492 indulto
729 2426 916 2509 hujusmodi
932 2426 1151 2506 mentionem,
1168 2435 1201 2490 et
1218 2427 1364 2510 qualibet
1380 2426 1444 2491 alia
1464 2425 1553 2491 dicte
1571 2426 1668 2492 Sedis
1683 2423 1888 2510 indulgentia

526 2528 672 2611 generali
682 2529 736 2593 vel
747 2530 891 2614 speciali,
901 2530 1138 2614 cujuscumque
1148 2529 1273 2595 tenoris
1283 2531 1336 2595 vel
1350 2529 1571 2615 expressionis
1580 2528 1713 2610 existat,
1719 2548 1782 2614 per
1791 2548 1887 2613 quam

527 2632 735 2718 presentibus
750 2654 818 2698 uon
829 2654 1017 2719 expressam
1034 2636 1089 2699 vel
1100 2634 1250 2699 totaliter
1266 2655 1333 2699 non
1350 2635 1508 2699 insertam
1529 2632 1669 2699 effectus
1683 2632 1887 2719 presentium

529 2735 678 2821 impediri
697 2737 801 2822 possit
817 2740 871 2803 vel
887 2738 1139 2822 quomodolibet
1154 2737 1322 2803 retardari.
1341 2737 1501 2803 Volumus
1519 2731 1652 2823 insuper
1668 2746 1705 2803 ut
1721 2757 1842 2803 ornnes
1855 2745 1889 2802 et

529 2837 675 2923 singulos
684 2840 738 2924 qui
750 2840 875 2905 eisdem
886 2841 1152 2907 inobedientibus
1162 2850 1197 2907 et
1209 2842 1385 2907 rebellibus
1395 2849 1452 2906 aut
1464 2862 1579 2906 eorum
1591 2841 1689 2907 alicui
1698 2841 1889 2926 juramento

532 2942 700 3007 fidelitatis
714 2951 874 3009 tenentur
888 2945 1023 3026 astricti,
1034 2967 1053 3010 a
1066 2945 1257 3030 juramento
1274 2946 1354 3030 ipso,
1368 2945 1526 3029 quamdiu
1535 2944 1596 3030 ipsi
1608 2944 1842 3011 inobedientes
1856 2954 1889 3009 et

532 3047 673 3111 rebelles
686 3046 717 3110 in
730 3048 955 3114 inobedientia
965 3056 999 3114 et
1010 3049 1190 3113 rebellione
1201 3049 1348 3135 predicta
1369 3049 1583 3134 perstiterint,
1596 3050 1772 3113 absolvere
1782 3050 1890 3116 valea·

532 3149 587 3229 tis;
605 3149 742 3235 dignum
757 3161 808 3216 est
824 3153 950 3216 etenim
961 3161 996 3217 ut
1007 3153 1054 3217 eis
1066 3152 1256 3218 obedientia
1266 3151 1449 3238 denegetur
1464 3175 1482 3217 a
1499 3152 1647 3232 subditis
1658 3152 1713 3237 qui
1724 3173 1787 3219 suo
1796 3172 1889 3238 supe·

532 3253 607 3318 riori
631 3253 744 3320 debite
769 3255 903 3321 obedire
930 3257 1112 3321 temerariis
1136 3257 1268 3321 ausibus
1292 3257 1534 3322 contradicunt.
1558 3257 1635 3322 Dat.
1661 3257 1762 3322 :lvin
1786 3277 1803 3341 3
1826 3256 1889 3322 kal.

533 3357 610 3423 maii
627 3359 684 3442 (¹).
702 3380 719 3421 r>

579 3557 594 3594 u
615 3532 760 3598 Eisdem.
778 3533 921 3599 Probate
936 3542 993 3599 etc.
1011 3541 1163 3620 utsupra
1182 3556 1285 3618 usqne
1300 3534 1491 3599 facultatem
1511 3541 1567 3617 (ἦ).
1584 3533 1662 3599 Dat.
1678 3539 1744 3600 etc.
1762 3556 1780 3596 n

567 3670 626 3732 fleg.
640 3670 698 3719 Vat.
713 3674 765 3730 lud,
778 3673 795 3720 f.
808 3673 846 3728 la,
859 3686 884 3720 n.
898 3674 943 3719 luo
955 3681 981 3720 ut
992 3686 1016 3719 u.
1028 3674 1089 3728 lum
1104 3671 1161 3719 liat.
1176 3674 1228 3720 llll.
1241 3686 1299 3734 pars
1313 3673 1331 3728 l,
1344 3673 1362 3719 f.
1373 3675 1423 3731 2¹1⁸,
1436 3686 1461 3720 n.
1475 3674 1513 3719 ill.
1526 3699 1558 3706 --
1570 3672 1677 3731 Coulon,
1691 3686 1718 3720 u.
1730 3675 1778 3720 203
1790 3673 1892 3735 (anal).

577 3849 690 3934 325.
1547 3861 1678 3948 [1317],
1695 3882 1737 3947 29
1753 3862 1852 3928 avril.

580 3966 777 4051 Raynaudo,
794 3967 1044 4053 archiepiscopo
1060 3966 1269 4047 Bituricensi,
1283 3974 1317 4031 et
1330 3966 1419 4031 fratri
1436 3965 1638 4051 Berengario
1652 3966 1695 4031 de
1711 3965 1892 4040 Landorra,

534 4072 694 4157 magistro
716 4071 839 4137 ordinis
854 4071 1116 4148 Predicatorunr,
1132 4070 1257 4135 nuntiis
1281 4070 1482 4156 apostolicis,
1497 4070 1671 4153 negotium
1695 4071 1788 4157 pacis
1810 4069 1895 4135 inter

535 4176 704 4255 Odonem,
732 4174 852 4240 ducem
869 4174 1068 4260 Burgmrdie,
1082 4174 1301 4253 Ludovicum,
1327 4174 1486 4239 comitem
1503 4172 1761 4254 Niveruensem,
1784 4174 1894 4260 alliga-

535 4287 655 4363 tosque
680 4279 860 4344 comitatus
876 4278 1059 4364 Campanis
1084 4286 1118 4342 et
1143 4278 1343 4363 Philippum,
1370 4298 1482 4358 regem
1510 4276 1660 4356 Francie,
1685 4277 1893 4343 reformande

536 4382 730 4448 committit.

582 4569 599 4608 u.
616 4543 806 4610 Venerabili
823 4544 912 4609 fratri
932 4544 1128 4629 Raynaudo,
1145 4544 1398 4629 archiepiscopo
1414 4543 1624 4625 Bituricensi,
1637 4553 1671 4610 et
1687 4545 1813 4611 dilecto
1828 4545 1891 4609 filio

536 4649 626 4715 fratri
652 4647 853 4733 Berengario
879 4648 920 4713 de
942 4646 1107 4728 Laudora,
1135 4647 1293 4732 magistro
1320 4647 1445 4712 ordinis
1470 4649 1605 4713 fratrum
1634 4647 1891 4715 Predicatorum.

537 4751 681 4819 Probate
705 4752 780 4817 fidei
798 4759 907 4818 vestre
923 4751 1147 4817 constantiam
1165 4760 1199 4815 et
1219 4760 1356 4836 experte
1373 4752 1549 4836 probitatis
1565 4750 1764 4818 industriam
1789 4760 1892 4819 atten-

536 4855 665 4938 dentes
681 4877 721 4922 ea
741 4877 805 4940 que
820 4855 941 4920 nostris
957 4876 1024 4920 non
1041 4854 1159 4920 leviter
1175 4855 1329 4919 inherent
1345 4856 1519 4920 affectibus
1536 4855 1656 4922 fiducia
1671 4859 1770 4923 vobis
1784 4876 1893 4924 secura

466 4950 469 4957 ’
538 4960 790 5039 committimus,
820 4967 993 5044 sperantes
1024 4959 1079 5022 illa
1110 4979 1169 5044 per
1197 4979 1258 5024 vos
1285 4960 1436 5024 sollicitis
1466 4958 1583 5025 studiis
1610 4960 1820 5044 exequenda.
1845 4958 1893 5025 Ad

538 5098 692 5105 -——-
716 5100 724 5103 -
747 5100 755 5103 ..

577 5171 595 5215 l.
612 5170 675 5215 l'om·
687 5168 713 5216 la
724 5169 790 5226 «lure,
806 5184 862 5230 roy.
876 5184 899 5217 u.
913 5172 967 5218 ala.
982 5174 1041 5217 note
1056 5171 1075 5216 l.
1132 5171 1154 5215 ’2.
1169 5168 1231 5227 l'op.
1245 5168 1302 5229 plus
1312 5168 1381 5225 baut,
1395 5182 1419 5230 p.
1434 5168 1566 5226 111,l.27.
