4409 6017
971 681 1128 748 Neuvieme
1148 681 1267 748 anne.-
1317 784 1321 790 .
1735 688 1796 754 598

412 833 565 918 capella
581 833 623 897 de
639 834 773 913 Delbui,
790 834 862 899 sine
875 852 964 913 cura,
979 841 1037 898 tue
1052 832 1205 914 diocesis,
1215 832 1301 899 adeo
1317 842 1368 899 est
1383 834 1569 920 propinqua
1583 846 1618 902 et
1634 836 1798 904 adherens

414 934 614 1003 fortellicio
630 937 728 1004 castri
745 945 780 1003 et
791 938 911 1004 domus
923 937 1012 1021 regie
1027 935 1069 1002 de
1085 936 1218 1019 Delbui,
1235 937 1325 1022 quod
1341 937 1403 1025 ipsi
1416 937 1594 1006 sortellicio
1613 942 1798 1028 prejudicat

419 1049 461 1104 et
482 1041 770 1126 impedimentum
786 1042 890 1108 etiam
917 1041 1172 1108 sumministrat.
1185 1041 1296 1126 Quare
1322 1041 1412 1108 idem
1434 1063 1492 1108 rex
1515 1044 1613 1111 nobis
1628 1045 1800 1112 humiliter

418 1145 637 1232 supplicavit
653 1155 690 1212 ut
713 1166 791 1213 cum
807 1145 879 1232 ipse
894 1147 995 1211 aliam
1010 1147 1175 1232 capellam
1191 1147 1267 1211 loco
1282 1146 1353 1232 ejus
1369 1149 1428 1213 sub
1445 1146 1566 1214 eodem
1581 1152 1748 1216 vocabulo
1764 1159 1799 1217 et

419 1249 650 1315 melioratam
673 1249 764 1336 prius
778 1249 813 1315 iu
832 1248 1033 1316 condecenti
1057 1250 1134 1316 loco
1157 1249 1309 1334 ejusdem
1323 1249 1390 1315 loci
1406 1250 1448 1317 de
1464 1251 1587 1318 Delbui
1605 1263 1798 1320 construere

421 1353 474 1418 sit
492 1362 642 1438 paratus,
666 1354 727 1420 sibi
754 1352 949 1420 removendi
971 1353 1097 1420 dictam
1114 1354 1279 1440 capellam
1295 1352 1337 1419 de
1360 1355 1436 1421 loco
1462 1355 1518 1421 ubi
1545 1376 1633 1423 nunc
1649 1366 1710 1437 est,
1733 1357 1798 1423 alia

423 1457 528 1542 prius
545 1458 578 1522 in
595 1458 661 1523 alio
683 1457 817 1524 decenti
833 1459 910 1524 loco
933 1457 1083 1543 ejusdem
1110 1457 1175 1523 loci
1202 1457 1244 1523 de
1268 1457 1390 1523 Delbui
1407 1466 1611 1541 constructa,
1627 1460 1798 1526 licentiam

425 1562 625 1627 concedere
647 1562 868 1646 dignaremur.
884 1562 972 1646 Quia
993 1561 1092 1647 igitur
1107 1561 1149 1628 de
1176 1561 1267 1628 lacto
1292 1561 1481 1648 hujusmodi
1507 1571 1543 1630 et
1566 1565 1637 1650 ejus
1660 1564 1800 1630 circum-

426 1665 570 1732 stantiis
600 1665 758 1731 notitiam
788 1686 859 1732 uon
895 1666 1068 1747 habemus,
1100 1665 1298 1730 batemitati
1329 1674 1398 1746 tue,
1434 1666 1476 1732 de
1506 1688 1571 1753 qua
1600 1669 1735 1754 plenam
1764 1666 1799 1734 in

428 1769 589 1835 Domino
604 1769 761 1836 fiduciam
770 1771 925 1856 gerimus,
935 1770 1141 1856 presentium
1157 1778 1276 1835 tenore
1288 1770 1531 1837 committimus
1543 1781 1577 1838 et
1601 1772 1800 1840 mandamus

428 1881 603 1958 quatenus
619 1872 661 1939 de
677 1873 846 1962 premissis
861 1882 895 1940 te
911 1874 1088 1961 diligenter
1103 1873 1296 1955 informans,
1310 1873 1337 1940 si
1357 1873 1525 1943 inveneris
1547 1875 1674 1943 dictam
1690 1879 1801 1962 capel·

429 1979 504 2042 larn
533 1998 631 2064 posse
656 1980 775 2045 obesse
804 1978 984 2045 fortellicio
1011 1977 1204 2066 supradicto
1231 1997 1271 2044 ac
1306 1998 1347 2042 ex
1374 1979 1564 2045 mutatione
1591 1979 1694 2066 ipsius
1718 1982 1801 2047 nulli

429 2082 657 2167 prejudicium
679 2083 840 2169 generari,
864 2083 974 2149 eidem
995 2083 1065 2168 regi
1092 2081 1234 2149 faciendi
1250 2082 1367 2169 petita,
1383 2082 1481 2169 prius.
1498 2090 1612 2149 tamen
1639 2105 1699 2171 per
1722 2105 1799 2150 eum

429 2207 527 2253 nova
542 2188 672 2253 meliori
689 2190 818 2274 capella
832 2188 867 2253 in
883 2190 959 2254 loco
975 2186 1109 2253 decenti
1132 2195 1336 2266 constructa,
1353 2187 1554 2253 auctoritate
1569 2195 1684 2254 nostra
1698 2188 1799 2255 licen·

430 2292 520 2357 tiam
548 2293 726 2359 concedas.
742 2292 905 2359 Volumus
928 2299 1043 2358 tamen
1070 2291 1160 2377 quod
1186 2311 1245 2377 per
1271 2290 1337 2357 hoc
1363 2312 1474 2376 neque
1503 2291 1625 2359 rectori
1650 2292 1800 2379 ejusdem

432 2397 579 2482 capelle,
595 2417 706 2482 neque
722 2397 876 2481 cuiquam
892 2395 947 2462 alii
962 2394 1181 2482 prejudicium
1204 2394 1339 2478 aliquod
1365 2404 1552 2480 generetur,
1568 2396 1627 2462 sed
1648 2396 1730 2462 illud
1748 2398 1802 2482 jus

431 2501 499 2566 sibi
524 2509 559 2566 et
583 2501 656 2566 aliis
681 2502 715 2565 in
742 2521 832 2567 nova
857 2501 987 2587 capella
1012 2505 1196 2586 competat,
1229 2498 1319 2583 quod
1345 2499 1393 2564 eis
1419 2499 1452 2564 in
1479 2499 1628 2587 predicta
1664 2500 1801 2585 antiqua

432 2605 570 2691 capella
586 2608 812 2693 competebat.
825 2606 904 2671 Dat.
920 2604 1019 2671 Avin.
1041 2625 1076 2688 13
1093 2603 1160 2678 kal.
1176 2602 1305 2687 augusti
1318 2622 1408 2669 anno
1421 2624 1479 2684 9.»

469 2778 531 2839 Reg.
545 2781 592 2826 ΔΥ.
604 2780 642 2837 23,
655 2778 673 2829 f.
686 2781 733 2827 400
744 2795 750 2835 ;
763 2778 821 2828 Vct.
834 2780 872 2840 79,
884 2779 902 2828 i.
916 2779 969 2838 3³8,
982 2792 1008 2828 n.
1019 2780 1091 2828 2196.

487 2995 625 3078 1616.
1464 3026 1558 3092 1325,
1575 3028 1618 3073 20
1635 3006 1719 3090 juill
1736 3016 1757 3075 t.

482 3105 749 3200 Archiepiscopo
776 3111 973 3178 Treverensi
1000 3113 1180 3180 mandatur
1215 3111 1258 3178 ad
1284 3111 1485 3199 petitionem
1509 3109 1684 3195 Johannis,
1715 3113 1802 3196 regis

437 3217 590 3298 Boemie,
607 3227 773 3302 quatenus
788 3216 1094 3302 incorporationem
1110 3217 1326 3284 ecclesiarum
1354 3215 1385 3280 S.
1404 3213 1582 3282 Michaelis
1598 3215 1632 3280 in
1659 3214 1802 3282 Lucem·

436 3321 544 3388 borch
560 3331 596 3387 et
619 3322 661 3386 de
689 3320 802 3386 Villari
828 3341 928 3407 supra
951 3321 1091 3406 Symoy,
1116 3341 1173 3387 sue
1198 3319 1351 3399 diocesis,
1372 3319 1578 3385 monasterio
1604 3319 1801 3386 monialium

437 3426 545 3493 Vallis
571 3426 694 3491 Sancte
733 3424 840 3491 Marie
863 3426 959 3510 juxta
996 3424 1229 3491 Lucemborch
1256 3426 1297 3490 ab
1333 3424 1408 3510 ipso
1434 3423 1570 3506 factam,
1600 3424 1802 3490 auctoritate

436 3530 628 3617 apostolica
643 3530 831 3596 continuet.

483 3634 691 3719 Significavit
706 3633 844 3700 nobis...

484 3739 565 3804 Dat.
580 3738 680 3804 Avin.
702 3759 738 3822 13
754 3736 821 3804 kal.
838 3738 967 3823 augusti
983 3758 1074 3804 anno
1092 3759 1121 3819 9.

469 3906 588 3967 Origine}
600 3920 654 3955 aux
665 3905 789 3953 Archivee
799 3905 834 3953 du
847 3905 1033 3954 mand-dume
1044 3905 1077 3954 de
1086 3906 1392 3969 Luxembourg.-Oopie
1401 3905 1574 3966 ibidem,daus
1586 3906 1609 3956 le
1619 3907 1763 3956 cartulaire
1771 3907 1803 3956 de

438 3988 607 4047 Murientbal,
616 3995 647 4035 n⁰
659 3990 682 4047 8,
694 3989 713 4037 f.
729 3989 783 4037 191.
798 4016 829 4022 -
841 3989 901 4049 ch.
917 3991 965 4038 Ar.
981 3990 1020 4049 23,
1032 3988 1050 4039 l.
1065 3989 1126 4036 400*
1139 4004 1144 4046 ;
1157 3989 1216 4037 Vat.
1225 3990 1264 4049 79,
1276 3989 1295 4037 f.
1305 3989 1372 4048 338v‚
1385 4002 1411 4036 n.
1423 3989 1535 4037 219r.-
1548 3989 1582 4038 Μ.
1600 3988 1655 4037 Van
1668 3990 1801 4050 Werveke,

440 4069 592 4120 Curlulaire
603 4069 639 4117 du
651 4068 758 4132 prieur&
775 4069 806 4117 dc
818 4069 986 4131 lraruntlal,
999 4073 1025 4118 2ε
1038 4070 1099 4128 vol,
1113 4069 1179 4118 daus
1191 4070 1227 4118 les
1240 4069 1419 4117 Publimtionu
1431 4068 1461 4116 dc
1473 4068 1598 4117 tranunt
1612 4071 1805 4134 Rogat-aranu

436 4152 518 4200 ducul
535 4152 566 4200 de
584 4151 768 4214 Luzerrrburrrq,
781 4157 800 4200 t.
813 4151 937 4200 XXXIX
950 4152 1048 4214 (1891),
1060 4166 1086 4216 p.
1099 4154 1127 4201 31
1142 4152 1248 4215 (texte).
1276 4217 1279 4222 ,

486 4366 620 4449 1617·
1471 4402 1566 4464 1325,
1584 4403 1627 4446 20
1635 4382 1761 4466 jurllet.

482 4485 642 4565 Johanni,
669 4493 751 4548 nato
778 4482 949 4568 quondam
977 4484 1147 4549 Guillelmi
1179 4485 1221 4550 de
1248 4484 1385 4564 Ofelise,
1409 4486 1607 4570 presbitero,
1633 4484 1804 4551 confertur

436 4590 657 4658 canonicatus
673 4588 813 4654 ecclesie
841 4587 871 4652 S.
889 4587 1031 4653 Dionisii
1057 4586 1254 4655 Leodiensis
1276 4591 1336 4654 sub
1359 4589 1596 4674 expectatione
1624 4588 1804 4675 prebende,

436 4716 509 4761 non
526 4698 682 4760 obstante
698 4692 788 4776 quod
804 4690 1047 4777 parrochialem
1071 4692 1248 4758 ecclesiam
1273 4691 1315 4757 de
1332 4692 1468 4772 Darseo,
1485 4690 1679 4759 Leodiensis
1694 4693 1805 4758 dioce-

437 4803 496 4877 sis,
513 4800 655 4865 obtinet.

485 4902 776 4969 Probitatistue...

484 5006 564 5074 Dat.
580 5008 680 5072 Avin.
702 5027 737 5090 13
753 5006 818 5072 kal.
835 5007 964 5091 augusti
981 5026 1070 5071 anno
1088 5027 1117 5086 9.

485 5110 526 5175 In
551 5132 580 5176 e.
609 5132 652 5176 m.
677 5111 789 5176 abbati
813 5111 1006 5176 monasterii
1033 5110 1064 5176 S.
1092 5108 1200 5175 Marie
1227 5108 1557 5193 LuccemburgensiS,
1589 5108 1806 5175 Treverensis

494 5249 597 5288 Analecta
606 5247 803 5299 vaticano-belgica.
817 5249 846 5289 11.
1730 5249 1753 5297 3⁸
