<?xml version="1.0" encoding="UTF-8"?>
<!DOCTYPE html PUBLIC "-//W3C//DTD XHTML 1.0 Transitional//EN"
    "http://www.w3.org/TR/xhtml1/DTD/xhtml1-transitional.dtd">
<html xmlns="http://www.w3.org/1999/xhtml" xml:lang="en" lang="en">
 <head>
  <title>
</title>
<meta http-equiv="Content-Type" content="text/html;charset=utf-8" />
  <meta name='ocr-system' content='tesseract 3.04.00' />
  <meta name='ocr-capabilities' content='ocr_page ocr_carea ocr_par ocr_line ocrx_word'/>
</head>
<body>
  <div class='ocr_page' id='page_1' title='image "./lettresdejeanxx00xxiigoog_0568.png"; bbox 0 0 4409 6017; ppageno 0'>
   <div class='ocr_carea' id='block_1_1' title="bbox 521 701 1332 771">
    <p class='ocr_par' dir='ltr' id='par_1_1' title="bbox 521 701 1332 771">
     <span class='ocr_line' id='line_1_1' title="bbox 521 701 1332 771; baseline 0.007 -6"><span class='ocrx_word' id='word_1_1' title='bbox 521 701 583 766; x_wconf 83' lang='lat'>482</span> <span class='ocrx_word' id='word_1_2' title='bbox 1061 703 1208 771; x_wconf 74' lang='lat' dir='ltr'>Huitil‘me</span> <span class='ocrx_word' id='word_1_3' title='bbox 1229 705 1332 771; x_wconf 70' lang='lat' dir='ltr'>annea.</span> 
     </span>
    </p>
   </div>
   <div class='ocr_carea' id='block_1_2' title="bbox 521 850 1868 1356">
    <p class='ocr_par' dir='ltr' id='par_1_2' title="bbox 569 850 942 920">
     <span class='ocr_line' id='line_1_2' title="bbox 569 850 942 920; baseline 0.008 -4"><span class='ocrx_word' id='word_1_4' title='bbox 569 850 620 916; x_wconf 84' lang='lat' dir='ltr'>Ex</span> <span class='ocrx_word' id='word_1_5' title='bbox 636 859 693 917; x_wconf 89' lang='lat' dir='ltr'>tue</span> <span class='ocrx_word' id='word_1_6' title='bbox 708 851 942 920; x_wconf 88' lang='lat' dir='ltr'>devotionis...</span> 
     </span>
    </p>

    <p class='ocr_par' dir='ltr' id='par_1_3' title="bbox 566 956 1134 1042">
     <span class='ocr_line' id='line_1_3' title="bbox 566 956 1134 1042; baseline 0.005 -20"><span class='ocrx_word' id='word_1_7' title='bbox 566 957 646 1024; x_wconf 89' lang='lat' dir='ltr'>Dat.</span> <span class='ocrx_word' id='word_1_8' title='bbox 661 957 761 1023; x_wconf 83' lang='lat' dir='ltr'>Avin.</span> <span class='ocrx_word' id='word_1_9' title='bbox 778 975 797 1042; x_wconf 91' lang='lat'><strong><em>7</em></strong></span> <span class='ocrx_word' id='word_1_10' title='bbox 813 956 857 1025; x_wconf 90' lang='lat' dir='ltr'>id.</span> <span class='ocrx_word' id='word_1_11' title='bbox 873 959 982 1025; x_wconf 88' lang='lat' dir='ltr'>martii</span> <span class='ocrx_word' id='word_1_12' title='bbox 997 979 1088 1025; x_wconf 89' lang='lat' dir='ltr'>anno</span> <span class='ocrx_word' id='word_1_13' title='bbox 1105 961 1134 1025; x_wconf 89' lang='lat'>8.</span> 
     </span>
    </p>

    <p class='ocr_par' dir='ltr' id='par_1_4' title="bbox 521 1057 1868 1356">
     <span class='ocr_line' id='line_1_4' title="bbox 567 1057 1868 1152; baseline 0.008 -28"><span class='ocrx_word' id='word_1_14' title='bbox 567 1059 606 1125; x_wconf 91' lang='lat' dir='ltr'>In</span> <span class='ocrx_word' id='word_1_15' title='bbox 623 1081 652 1126; x_wconf 89' lang='lat' dir='ltr'>e.</span> <span class='ocrx_word' id='word_1_16' title='bbox 668 1081 714 1126; x_wconf 90' lang='lat' dir='ltr'>m.</span> <span class='ocrx_word' id='word_1_17' title='bbox 730 1060 762 1126; x_wconf 91' lang='lat' dir='ltr'>S.</span> <span class='ocrx_word' id='word_1_18' title='bbox 778 1060 913 1128; x_wconf 84' lang='lat' dir='ltr'>Andree</span> <span class='ocrx_word' id='word_1_19' title='bbox 925 1063 1021 1147; x_wconf 89' lang='lat' dir='ltr'>juxta</span> <span class='ocrx_word' id='word_1_20' title='bbox 1036 1062 1155 1148; x_wconf 87' lang='lat' dir='ltr'>Brugis</span> <span class='ocrx_word' id='word_1_21' title='bbox 1170 1072 1205 1129; x_wconf 88' lang='lat' dir='ltr'>et</span> <span class='ocrx_word' id='word_1_22' title='bbox 1221 1063 1263 1130; x_wconf 92' lang='lat' dir='ltr'>de</span> <span class='ocrx_word' id='word_1_23' title='bbox 1275 1065 1481 1148; x_wconf 83' lang='lat' dir='ltr'>Dulcevalle,</span> <span class='ocrx_word' id='word_1_24' title='bbox 1493 1057 1868 1152; x_wconf 46' lang='lat' dir='ltr'>Tornacensisdiooss</span> 
     </span>
     <span class='ocr_line' id='line_1_5' title="bbox 521 1163 1868 1252; baseline 0.008 -23"><span class='ocrx_word' id='word_1_25' title='bbox 521 1164 801 1230; x_wconf 82' lang='lat' dir='ltr'>monasteriorum</span> <span class='ocrx_word' id='word_1_26' title='bbox 815 1166 991 1232; x_wconf 88' lang='lat' dir='ltr'>abbatibus</span> <span class='ocrx_word' id='word_1_27' title='bbox 1014 1187 1055 1232; x_wconf 92' lang='lat' dir='ltr'>ac</span> <span class='ocrx_word' id='word_1_28' title='bbox 1078 1167 1225 1234; x_wconf 88' lang='lat' dir='ltr'>Geraldo</span> <span class='ocrx_word' id='word_1_29' title='bbox 1240 1169 1282 1234; x_wconf 90' lang='lat' dir='ltr'>de</span> <span class='ocrx_word' id='word_1_30' title='bbox 1299 1168 1392 1250; x_wconf 88' lang='lat' dir='ltr'>Lalo,</span> <span class='ocrx_word' id='word_1_31' title='bbox 1409 1172 1581 1238; x_wconf 90' lang='lat' dir='ltr'>canonico</span> <span class='ocrx_word' id='word_1_32' title='bbox 1605 1163 1868 1252; x_wconf 68' lang='lat' dir='ltr'>claromonten,</span> 
     </span>
     <span class='ocr_line' id='line_1_6' title="bbox 521 1271 807 1356; baseline 0.003 -22"><span class='ocrx_word' id='word_1_33' title='bbox 521 1271 696 1356; x_wconf 85' lang='lat' dir='ltr'>capellano</span> <span class='ocrx_word' id='word_1_34' title='bbox 710 1289 807 1356; x_wconf 88' lang='lat' dir='ltr'>pape.</span> 
     </span>
    </p>
   </div>
   <div class='ocr_carea' id='block_1_3' title="bbox 554 1406 1174 1468">
    <p class='ocr_par' dir='ltr' id='par_1_5' title="bbox 554 1406 1174 1468">
     <span class='ocr_line' id='line_1_7' title="bbox 554 1406 1174 1468; baseline 0.008 -15"><span class='ocrx_word' id='word_1_35' title='bbox 554 1407 614 1468; x_wconf 73' lang='lat' dir='ltr'>neg.</span> <span class='ocrx_word' id='word_1_36' title='bbox 626 1409 674 1455; x_wconf 75' lang='lat' dir='ltr'>av.</span> <span class='ocrx_word' id='word_1_37' title='bbox 687 1409 726 1466; x_wconf 77' lang='lat' dir='ltr'>ao,</span> <span class='ocrx_word' id='word_1_38' title='bbox 738 1406 756 1455; x_wconf 85' lang='lat' dir='ltr'>r.</span> <span class='ocrx_word' id='word_1_39' title='bbox 768 1408 843 1464; x_wconf 54' lang='lat' dir='ltr'>essu</span> <span class='ocrx_word' id='word_1_40' title='bbox 859 1406 916 1457; x_wconf 71' lang='lat' dir='ltr'>vat.</span> <span class='ocrx_word' id='word_1_41' title='bbox 929 1409 966 1465; x_wconf 83' lang='lat' dir='ltr'>ro,</span> <span class='ocrx_word' id='word_1_42' title='bbox 980 1408 999 1457; x_wconf 91' lang='lat' dir='ltr'>r.</span> <span class='ocrx_word' id='word_1_43' title='bbox 1014 1409 1068 1467; x_wconf 75' lang='lat' dir='ltr'>ros,</span> <span class='ocrx_word' id='word_1_44' title='bbox 1082 1422 1107 1457; x_wconf 83' lang='lat' dir='ltr'>n.</span> <span class='ocrx_word' id='word_1_45' title='bbox 1119 1410 1174 1458; x_wconf 76' lang='lat' dir='ltr'>seo.</span> 
     </span>
    </p>
   </div>
   <div class='ocr_carea' id='block_1_4' title="bbox 518 1577 1873 2509">
    <p class='ocr_par' dir='ltr' id='par_1_6' title="bbox 566 1577 1845 1692">
     <span class='ocr_line' id='line_1_8' title="bbox 566 1577 1845 1692; baseline 0.008 -35"><span class='ocrx_word' id='word_1_46' title='bbox 566 1577 707 1663; x_wconf 80' lang='lat'>1302·</span> <span class='ocrx_word' id='word_1_47' title='bbox 1422 1681 1428 1688; x_wconf 87' lang='lat'><strong>.</strong></span> <span class='ocrx_word' id='word_1_48' title='bbox 1488 1678 1493 1688; x_wconf 34' lang='grc' dir='ltr'>Ι</span> <span class='ocrx_word' id='word_1_49' title='bbox 1548 1617 1659 1683; x_wconf 71' lang='lat'><em>1324,</em></span> <span class='ocrx_word' id='word_1_50' title='bbox 1687 1621 1732 1665; x_wconf 91' lang='lat'>11</span> <span class='ocrx_word' id='word_1_51' title='bbox 1757 1621 1845 1692; x_wconf 77' lang='lat' dir='ltr'>mors</span> 
     </span>
    </p>

    <p class='ocr_par' dir='ltr' id='par_1_7' title="bbox 518 1696 1872 2098">
     <span class='ocr_line' id='line_1_9' title="bbox 562 1696 1871 1786; baseline 0.008 -24"><span class='ocrx_word' id='word_1_52' title='bbox 562 1696 733 1764; x_wconf 73' lang='lat' dir='ltr'>Ademaro</span> <span class='ocrx_word' id='word_1_53' title='bbox 749 1697 906 1764; x_wconf 89' lang='lat' dir='ltr'>Richardi</span> <span class='ocrx_word' id='word_1_54' title='bbox 923 1698 1142 1764; x_wconf 87' lang='lat' dir='ltr'>conferuntur</span> <span class='ocrx_word' id='word_1_55' title='bbox 1157 1698 1377 1765; x_wconf 84' lang='lat' dir='ltr'>canonicatus</span> <span class='ocrx_word' id='word_1_56' title='bbox 1389 1709 1424 1766; x_wconf 92' lang='lat' dir='ltr'>et</span> <span class='ocrx_word' id='word_1_57' title='bbox 1435 1701 1617 1786; x_wconf 85' lang='lat' dir='ltr'>prebenda</span> <span class='ocrx_word' id='word_1_58' title='bbox 1632 1704 1787 1772; x_wconf 84' lang='lat' dir='ltr'><strong>ecclesie</strong></span> <span class='ocrx_word' id='word_1_59' title='bbox 1797 1701 1871 1772; x_wconf 73' lang='lat' dir='ltr'>Mel</span> 
     </span>
     <span class='ocr_line' id='line_1_10' title="bbox 519 1801 1872 1888; baseline 0.009 -23"><span class='ocrx_word' id='word_1_60' title='bbox 519 1801 642 1883; x_wconf 86' lang='lat' dir='ltr'>nensis,</span> <span class='ocrx_word' id='word_1_61' title='bbox 659 1801 692 1867; x_wconf 91' lang='lat' dir='ltr'>in</span> <span class='ocrx_word' id='word_1_62' title='bbox 707 1802 800 1867; x_wconf 85' lang='lat' dir='ltr'>brevi</span> <span class='ocrx_word' id='word_1_63' title='bbox 818 1802 966 1868; x_wconf 86' lang='lat' dir='ltr'>vacaturi</span> <span class='ocrx_word' id='word_1_64' title='bbox 981 1823 1043 1888; x_wconf 91' lang='lat' dir='ltr'>per</span> <span class='ocrx_word' id='word_1_65' title='bbox 1059 1802 1348 1869; x_wconf 84' lang='lat' dir='ltr'>consecrationem</span> <span class='ocrx_word' id='word_1_66' title='bbox 1364 1804 1505 1885; x_wconf 87' lang='lat' dir='ltr'>Alberti,</span> <span class='ocrx_word' id='word_1_67' title='bbox 1521 1805 1633 1871; x_wconf 89' lang='lat' dir='ltr'>electi</span> <span class='ocrx_word' id='word_1_68' title='bbox 1652 1806 1872 1887; x_wconf 53' lang='lat' dir='ltr'>Laudunm?</span> 
     </span>
     <span class='ocr_line' id='line_1_11' title="bbox 518 1906 1872 1998; baseline 0.007 -27"><span class='ocrx_word' id='word_1_69' title='bbox 518 1927 587 1972; x_wconf 93' lang='lat' dir='ltr'>non</span> <span class='ocrx_word' id='word_1_70' title='bbox 604 1909 762 1973; x_wconf 88' lang='lat' dir='ltr'>obstante</span> <span class='ocrx_word' id='word_1_71' title='bbox 778 1907 868 1992; x_wconf 90' lang='lat' dir='ltr'>quod</span> <span class='ocrx_word' id='word_1_72' title='bbox 883 1907 917 1972; x_wconf 92' lang='lat' dir='ltr'>in</span> <span class='ocrx_word' id='word_1_73' title='bbox 933 1908 1076 1974; x_wconf 90' lang='lat' dir='ltr'>ecclesia</span> <span class='ocrx_word' id='word_1_74' title='bbox 1097 1908 1141 1973; x_wconf 90' lang='lat' dir='ltr'>de</span> <span class='ocrx_word' id='word_1_75' title='bbox 1165 1906 1293 1974; x_wconf 90' lang='lat' dir='ltr'>Vicano</span> <span class='ocrx_word' id='word_1_76' title='bbox 1309 1910 1547 1975; x_wconf 88' lang='lat' dir='ltr'>canonicatum</span> <span class='ocrx_word' id='word_1_77' title='bbox 1565 1919 1604 1977; x_wconf 89' lang='lat' dir='ltr'>et</span> <span class='ocrx_word' id='word_1_78' title='bbox 1620 1914 1836 1998; x_wconf 82' lang='lat' dir='ltr'>prebendam</span> <span class='ocrx_word' id='word_1_79' title='bbox 1848 1933 1872 1980; x_wconf 80' lang='lat' dir='ltr'>rr</span> 
     </span>
     <span class='ocr_line' id='line_1_12' title="bbox 519 1997 1746 2098; baseline 0.006 -21"><span class='ocrx_word' id='word_1_80' title='bbox 519 2010 761 2098; x_wconf 84' lang='lat' dir='ltr'>parrochialem</span> <span class='ocrx_word' id='word_1_81' title='bbox 777 1997 954 2077; x_wconf 87' lang='lat' dir='ltr'>ecclesiam</span> <span class='ocrx_word' id='word_1_82' title='bbox 969 2011 1012 2076; x_wconf 92' lang='lat' dir='ltr'>de</span> <span class='ocrx_word' id='word_1_83' title='bbox 1029 2009 1163 2096; x_wconf 87' lang='lat' dir='ltr'>Fajolis,</span> <span class='ocrx_word' id='word_1_84' title='bbox 1180 2011 1393 2079; x_wconf 89' lang='lat' dir='ltr'>Caturcensis</span> <span class='ocrx_word' id='word_1_85' title='bbox 1407 2013 1564 2095; x_wconf 66' lang='lat' dir='ltr'>diocesis</span> <span class='ocrx_word' id='word_1_86' title='bbox 1582 2017 1746 2084; x_wconf 91' lang='lat' dir='ltr'>obtinet.</span> 
     </span>
    </p>

    <p class='ocr_par' dir='ltr' id='par_1_8' title="bbox 561 2114 1047 2200">
     <span class='ocr_line' id='line_1_13' title="bbox 561 2114 1047 2200; baseline 0 -20"><span class='ocrx_word' id='word_1_87' title='bbox 561 2115 616 2182; x_wconf 78' lang='lat' dir='ltr'>Ad</span> <span class='ocrx_word' id='word_1_88' title='bbox 631 2115 764 2180; x_wconf 90' lang='lat' dir='ltr'>illorum</span> <span class='ocrx_word' id='word_1_89' title='bbox 778 2114 1047 2200; x_wconf 84' lang='lat' dir='ltr'><strong>provisionem...</strong></span> 
     </span>
    </p>

    <p class='ocr_par' dir='ltr' id='par_1_9' title="bbox 563 2218 1134 2304">
     <span class='ocr_line' id='line_1_14' title="bbox 563 2218 1134 2304; baseline 0 -19"><span class='ocrx_word' id='word_1_90' title='bbox 563 2220 641 2285; x_wconf 90' lang='lat' dir='ltr'>Dat.</span> <span class='ocrx_word' id='word_1_91' title='bbox 657 2218 758 2285; x_wconf 79' lang='lat' dir='ltr'>Avin.</span> <span class='ocrx_word' id='word_1_92' title='bbox 776 2240 793 2304; x_wconf 86' lang='lat'>5</span> <span class='ocrx_word' id='word_1_93' title='bbox 810 2218 854 2286; x_wconf 92' lang='lat' dir='ltr'>id.</span> <span class='ocrx_word' id='word_1_94' title='bbox 869 2220 981 2285; x_wconf 85' lang='lat' dir='ltr'>martii</span> <span class='ocrx_word' id='word_1_95' title='bbox 997 2240 1089 2285; x_wconf 93' lang='lat' dir='ltr'>anno</span> <span class='ocrx_word' id='word_1_96' title='bbox 1105 2223 1134 2285; x_wconf 82' lang='lat'>8.</span> 
     </span>
    </p>

    <p class='ocr_par' dir='ltr' id='par_1_10' title="bbox 519 2321 1873 2509">
     <span class='ocr_line' id='line_1_15' title="bbox 564 2321 1873 2411; baseline 0.009 -23"><span class='ocrx_word' id='word_1_97' title='bbox 564 2323 604 2388; x_wconf 92' lang='lat' dir='ltr'>In</span> <span class='ocrx_word' id='word_1_98' title='bbox 620 2343 649 2389; x_wconf 93' lang='lat' dir='ltr'>e.</span> <span class='ocrx_word' id='word_1_99' title='bbox 665 2343 711 2388; x_wconf 91' lang='lat' dir='ltr'>m.</span> <span class='ocrx_word' id='word_1_100' title='bbox 726 2321 982 2409; x_wconf 86' lang='lat' dir='ltr'>archiepiscopo</span> <span class='ocrx_word' id='word_1_101' title='bbox 1003 2323 1155 2409; x_wconf 82' lang='lat' dir='ltr'>Aquensi</span> <span class='ocrx_word' id='word_1_102' title='bbox 1178 2332 1213 2389; x_wconf 89' lang='lat' dir='ltr'>et</span> <span class='ocrx_word' id='word_1_103' title='bbox 1234 2324 1408 2411; x_wconf 89' lang='lat' dir='ltr'>preposito</span> <span class='ocrx_word' id='word_1_104' title='bbox 1430 2323 1472 2391; x_wconf 93' lang='lat' dir='ltr'>de</span> <span class='ocrx_word' id='word_1_105' title='bbox 1496 2322 1631 2409; x_wconf 85' lang='lat' dir='ltr'><strong>Insula,</strong></span> <span class='ocrx_word' id='word_1_106' title='bbox 1652 2328 1873 2398; x_wconf 66' lang='lat' dir='ltr'>cavallicans</span> 
     </span>
     <span class='ocr_line' id='line_1_16' title="bbox 519 2424 1783 2509; baseline 0.007 -16"><span class='ocrx_word' id='word_1_107' title='bbox 519 2427 673 2507; x_wconf 88' lang='lat' dir='ltr'>diocesis,</span> <span class='ocrx_word' id='word_1_108' title='bbox 688 2445 728 2492; x_wconf 88' lang='lat' dir='ltr'>ac</span> <span class='ocrx_word' id='word_1_109' title='bbox 744 2424 897 2492; x_wconf 73' lang='lat' dir='ltr'>Amaldo</span> <span class='ocrx_word' id='word_1_110' title='bbox 911 2425 954 2492; x_wconf 94' lang='lat' dir='ltr'>de</span> <span class='ocrx_word' id='word_1_111' title='bbox 970 2425 1116 2509; x_wconf 88' lang='lat' dir='ltr'>Petrilia,</span> <span class='ocrx_word' id='word_1_112' title='bbox 1132 2428 1296 2495; x_wconf 88' lang='lat' dir='ltr'>canonico</span> <span class='ocrx_word' id='word_1_113' title='bbox 1310 2428 1515 2495; x_wconf 82' lang='lat' dir='ltr'>Turonensis</span> <span class='ocrx_word' id='word_1_114' title='bbox 1530 2431 1783 2502; x_wconf 84' lang='lat' dir='ltr'>ecclesiarum.</span> 
     </span>
    </p>
   </div>
   <div class='ocr_carea' id='block_1_5' title="bbox 555 2562 1182 2626">
    <p class='ocr_par' dir='ltr' id='par_1_11' title="bbox 555 2562 1182 2626">
     <span class='ocr_line' id='line_1_17' title="bbox 555 2562 1182 2626; baseline 0.003 -15"><span class='ocrx_word' id='word_1_115' title='bbox 555 2565 614 2626; x_wconf 72' lang='lat' dir='ltr'>Reg.</span> <span class='ocrx_word' id='word_1_116' title='bbox 630 2567 677 2612; x_wconf 81' lang='lat' dir='ltr'>Ar.</span> <span class='ocrx_word' id='word_1_117' title='bbox 689 2565 728 2614; x_wconf 78' lang='lat'>20.</span> <span class='ocrx_word' id='word_1_118' title='bbox 740 2563 758 2611; x_wconf 87' lang='lat' dir='ltr'>f.</span> <span class='ocrx_word' id='word_1_119' title='bbox 770 2565 818 2611; x_wconf 73' lang='lat'>546</span> <span class='ocrx_word' id='word_1_120' title='bbox 830 2578 837 2619; x_wconf 82' lang='lat'><em>3</em></span> <span class='ocrx_word' id='word_1_121' title='bbox 850 2562 909 2613; x_wconf 69' lang='lat' dir='ltr'>Vnt.</span> <span class='ocrx_word' id='word_1_122' title='bbox 925 2566 962 2615; x_wconf 75' lang='lat' dir='ltr'>iti.</span> <span class='ocrx_word' id='word_1_123' title='bbox 975 2565 994 2614; x_wconf 81' lang='lat' dir='ltr'>i.</span> <span class='ocrx_word' id='word_1_124' title='bbox 1008 2566 1076 2616; x_wconf 70' lang='lat'><strong>314¹.</strong></span> <span class='ocrx_word' id='word_1_125' title='bbox 1088 2579 1114 2613; x_wconf 92' lang='lat' dir='ltr'>n.</span> <span class='ocrx_word' id='word_1_126' title='bbox 1127 2567 1182 2614; x_wconf 82' lang='lat'><strong>955.</strong></span> 
     </span>
    </p>
   </div>
   <div class='ocr_carea' id='block_1_6' title="bbox 515 2733 1879 3854">
    <p class='ocr_par' dir='ltr' id='par_1_12' title="bbox 567 2733 1849 2841">
     <span class='ocr_line' id='line_1_18' title="bbox 567 2733 1849 2841; baseline 0.005 -26"><span class='ocrx_word' id='word_1_127' title='bbox 567 2733 711 2819; x_wconf 87' lang='grc'><strong>1303.</strong></span> <span class='ocrx_word' id='word_1_128' title='bbox 815 2835 819 2841; x_wconf 26' lang='lat'>¹</span> <span class='ocrx_word' id='word_1_129' title='bbox 1564 2771 1714 2838; x_wconf 66' lang='lat'><em>&#39;3²42&#39;</em></span> <span class='ocrx_word' id='word_1_130' title='bbox 1754 2775 1849 2823; x_wconf 81' lang='lat' dir='ltr'>mors.</span> 
     </span>
    </p>

    <p class='ocr_par' dir='ltr' id='par_1_13' title="bbox 517 2777 1878 3355">
     <span class='ocr_line' id='line_1_19' title="bbox 562 2777 1877 2936; baseline 0.008 -18"><span class='ocrx_word' id='word_1_131' title='bbox 562 2853 674 2935; x_wconf 88' lang='lat' dir='ltr'>Petro,</span> <span class='ocrx_word' id='word_1_132' title='bbox 681 2862 764 2918; x_wconf 86' lang='lat' dir='ltr'>nato</span> <span class='ocrx_word' id='word_1_133' title='bbox 779 2850 964 2917; x_wconf 85' lang='lat' dir='ltr'>Goedanen</span> <span class='ocrx_word' id='word_1_134' title='bbox 973 2850 1016 2917; x_wconf 90' lang='lat' dir='ltr'>de</span> <span class='ocrx_word' id='word_1_135' title='bbox 1028 2849 1155 2933; x_wconf 86' lang='lat' dir='ltr'>Brugis,</span> <span class='ocrx_word' id='word_1_136' title='bbox 1168 2851 1291 2917; x_wconf 88' lang='lat' dir='ltr'>clerico</span> <span class='ocrx_word' id='word_1_137' title='bbox 1300 2852 1480 2936; x_wconf 86' lang='lat' dir='ltr'>conjugato</span> <span class='ocrx_word' id='word_1_138' title='bbox 1491 2777 1740 2927; x_wconf 59' lang='lat' dir='ltr'>Tornacensi}</span> <span class='ocrx_word' id='word_1_139' title='bbox 1748 2858 1877 2936; x_wconf 58' lang='lat' dir='ltr'>diones</span> 
     </span>
     <span class='ocr_line' id='line_1_20' title="bbox 518 2953 1878 3038; baseline 0.004 -14"><span class='ocrx_word' id='word_1_140' title='bbox 518 2959 639 3025; x_wconf 88' lang='lat' dir='ltr'>clerico</span> <span class='ocrx_word' id='word_1_141' title='bbox 662 2966 698 3023; x_wconf 91' lang='lat' dir='ltr'>et</span> <span class='ocrx_word' id='word_1_142' title='bbox 723 2954 871 3022; x_wconf 82' lang='lat' dir='ltr'>familiari</span> <span class='ocrx_word' id='word_1_143' title='bbox 900 2953 1050 3034; x_wconf 89' lang='lat' dir='ltr'>Roberti,</span> <span class='ocrx_word' id='word_1_144' title='bbox 1076 2954 1162 3038; x_wconf 87' lang='lat' dir='ltr'>regis</span> <span class='ocrx_word' id='word_1_145' title='bbox 1187 2955 1310 3035; x_wconf 87' lang='lat' dir='ltr'>Sicilie,</span> <span class='ocrx_word' id='word_1_146' title='bbox 1331 2963 1520 3021; x_wconf 86' lang='lat' dir='ltr'>reservatur</span> <span class='ocrx_word' id='word_1_147' title='bbox 1548 2958 1817 3034; x_wconf 84' lang='lat' dir='ltr'>administratio</span> <span class='ocrx_word' id='word_1_148' title='bbox 1836 2982 1878 3032; x_wconf 78' lang='lat' dir='ltr'>ser</span> 
     </span>
     <span class='ocr_line' id='line_1_21' title="bbox 517 3057 1878 3139; baseline 0.001 -11"><span class='ocrx_word' id='word_1_149' title='bbox 517 3062 690 3128; x_wconf 79' lang='lat' dir='ltr'>servitium</span> <span class='ocrx_word' id='word_1_150' title='bbox 717 3059 788 3125; x_wconf 80' lang='lat' dir='ltr'>sire</span> <span class='ocrx_word' id='word_1_151' title='bbox 812 3057 960 3125; x_wconf 89' lang='lat' dir='ltr'>officium</span> <span class='ocrx_word' id='word_1_152' title='bbox 987 3058 1263 3139; x_wconf 90' lang='lat' dir='ltr'>ecclesiasticum,</span> <span class='ocrx_word' id='word_1_153' title='bbox 1294 3069 1493 3125; x_wconf 89' lang='lat' dir='ltr'>consuetum</span> <span class='ocrx_word' id='word_1_154' title='bbox 1521 3061 1664 3132; x_wconf 77' lang='lat' dir='ltr'>clericis</span> <span class='ocrx_word' id='word_1_155' title='bbox 1693 3071 1878 3137; x_wconf 60' lang='lat' dir='ltr'>secularibus</span> 
     </span>
     <span class='ocr_line' id='line_1_22' title="bbox 517 3160 1877 3251; baseline 0.004 -19"><span class='ocrx_word' id='word_1_156' title='bbox 517 3165 705 3251; x_wconf 83' lang='lat' dir='ltr'>conjugatis</span> <span class='ocrx_word' id='word_1_157' title='bbox 727 3164 782 3227; x_wconf 83' lang='lat' dir='ltr'>rel</span> <span class='ocrx_word' id='word_1_158' title='bbox 808 3161 902 3227; x_wconf 88' lang='lat' dir='ltr'>laicis</span> <span class='ocrx_word' id='word_1_159' title='bbox 928 3160 1098 3245; x_wconf 87' lang='lat' dir='ltr'>assignari,</span> <span class='ocrx_word' id='word_1_160' title='bbox 1126 3162 1159 3225; x_wconf 92' lang='lat' dir='ltr'>in</span> <span class='ocrx_word' id='word_1_161' title='bbox 1186 3162 1298 3246; x_wconf 89' lang='lat' dir='ltr'>aliqua</span> <span class='ocrx_word' id='word_1_162' title='bbox 1327 3163 1468 3229; x_wconf 89' lang='lat' dir='ltr'>ecclesia</span> <span class='ocrx_word' id='word_1_163' title='bbox 1498 3184 1559 3231; x_wconf 85' lang='lat' dir='ltr'>seu</span> <span class='ocrx_word' id='word_1_164' title='bbox 1594 3174 1817 3242; x_wconf 87' lang='lat' dir='ltr'>monasterio</span> <span class='ocrx_word' id='word_1_165' title='bbox 1841 3175 1877 3238; x_wconf 80' lang='lat' dir='ltr'>rel</span> 
     </span>
     <span class='ocr_line' id='line_1_23' title="bbox 517 3264 1312 3355; baseline -0.004 -21"><span class='ocrx_word' id='word_1_166' title='bbox 517 3268 674 3355; x_wconf 85' lang='lat' dir='ltr'>hospitali</span> <span class='ocrx_word' id='word_1_167' title='bbox 691 3266 837 3333; x_wconf 77' lang='lat' dir='ltr'>ciritatis</span> <span class='ocrx_word' id='word_1_168' title='bbox 853 3266 906 3330; x_wconf 80' lang='lat' dir='ltr'>vel</span> <span class='ocrx_word' id='word_1_169' title='bbox 921 3264 1064 3331; x_wconf 90' lang='lat' dir='ltr'>diocesis</span> <span class='ocrx_word' id='word_1_170' title='bbox 1079 3264 1312 3332; x_wconf 90' lang='lat' dir='ltr'>Tornacensis.</span> 
     </span>
    </p>

    <p class='ocr_par' dir='ltr' id='par_1_14' title="bbox 559 3369 908 3458">
     <span class='ocr_line' id='line_1_24' title="bbox 559 3369 908 3458; baseline -0.014 -21"><span class='ocrx_word' id='word_1_171' title='bbox 559 3371 757 3458; x_wconf 74' lang='lat' dir='ltr'>Apostolice</span> <span class='ocrx_word' id='word_1_172' title='bbox 774 3369 908 3435; x_wconf 87' lang='lat' dir='ltr'>Sedis...</span> 
     </span>
    </p>

    <p class='ocr_par' dir='ltr' id='par_1_15' title="bbox 562 3472 1131 3541">
     <span class='ocr_line' id='line_1_25' title="bbox 562 3472 1131 3541; baseline -0.004 0"><span class='ocrx_word' id='word_1_173' title='bbox 562 3476 639 3541; x_wconf 86' lang='lat' dir='ltr'>Dat.</span> <span class='ocrx_word' id='word_1_174' title='bbox 656 3474 757 3539; x_wconf 71' lang='lat' dir='ltr'>Asin.</span> <span class='ocrx_word' id='word_1_175' title='bbox 775 3493 792 3537; x_wconf 88' lang='lat'>2</span> <span class='ocrx_word' id='word_1_176' title='bbox 809 3472 853 3538; x_wconf 89' lang='lat' dir='ltr'>id.</span> <span class='ocrx_word' id='word_1_177' title='bbox 869 3473 978 3538; x_wconf 88' lang='lat' dir='ltr'>martii</span> <span class='ocrx_word' id='word_1_178' title='bbox 995 3493 1085 3538; x_wconf 86' lang='lat' dir='ltr'>anno</span> <span class='ocrx_word' id='word_1_179' title='bbox 1102 3476 1131 3539; x_wconf 88' lang='lat'>8.</span> 
     </span>
    </p>

    <p class='ocr_par' dir='ltr' id='par_1_16' title="bbox 515 3578 1879 3854">
     <span class='ocr_line' id='line_1_26' title="bbox 560 3578 1879 3679; baseline 0.009 -33"><span class='ocrx_word' id='word_1_180' title='bbox 560 3580 600 3646; x_wconf 93' lang='lat' dir='ltr'>In</span> <span class='ocrx_word' id='word_1_181' title='bbox 630 3603 661 3647; x_wconf 89' lang='lat' dir='ltr'>e.</span> <span class='ocrx_word' id='word_1_182' title='bbox 687 3602 732 3647; x_wconf 84' lang='lat' dir='ltr'>nr.</span> <span class='ocrx_word' id='word_1_183' title='bbox 757 3581 789 3645; x_wconf 77' lang='lat' dir='ltr'>S.</span> <span class='ocrx_word' id='word_1_184' title='bbox 815 3580 1045 3646; x_wconf 87' lang='lat' dir='ltr'>Bartholomei</span> <span class='ocrx_word' id='word_1_185' title='bbox 1073 3579 1116 3644; x_wconf 92' lang='lat' dir='ltr'>de</span> <span class='ocrx_word' id='word_1_186' title='bbox 1142 3578 1273 3645; x_wconf 87' lang='lat' dir='ltr'>Ecoute</span> <span class='ocrx_word' id='word_1_187' title='bbox 1299 3579 1330 3644; x_wconf 93' lang='lat' dir='ltr'>in</span> <span class='ocrx_word' id='word_1_188' title='bbox 1358 3581 1476 3666; x_wconf 88' lang='lat' dir='ltr'>Brugis</span> <span class='ocrx_word' id='word_1_189' title='bbox 1499 3591 1536 3647; x_wconf 86' lang='lat' dir='ltr'>et</span> <span class='ocrx_word' id='word_1_190' title='bbox 1560 3583 1597 3649; x_wconf 87' lang='lat' dir='ltr'>S.</span> <span class='ocrx_word' id='word_1_191' title='bbox 1623 3589 1777 3658; x_wconf 81' lang='lat' dir='ltr'>Andree</span> <span class='ocrx_word' id='word_1_192' title='bbox 1803 3595 1879 3679; x_wconf 72' lang='lat' dir='ltr'>Juxta</span> 
     </span>
     <span class='ocr_line' id='line_1_27' title="bbox 517 3682 1879 3769; baseline 0.012 -21"><span class='ocrx_word' id='word_1_193' title='bbox 517 3682 871 3769; x_wconf 86' lang='lat' dir='ltr'>Brugis,Tornacensis</span> <span class='ocrx_word' id='word_1_194' title='bbox 880 3684 1032 3762; x_wconf 85' lang='lat' dir='ltr'>diocesis,</span> <span class='ocrx_word' id='word_1_195' title='bbox 1044 3683 1325 3748; x_wconf 87' lang='lat' dir='ltr'>monasteriorum</span> <span class='ocrx_word' id='word_1_196' title='bbox 1336 3685 1513 3751; x_wconf 88' lang='lat' dir='ltr'>abbatibus</span> <span class='ocrx_word' id='word_1_197' title='bbox 1524 3705 1566 3751; x_wconf 92' lang='lat' dir='ltr'>ac</span> <span class='ocrx_word' id='word_1_198' title='bbox 1576 3685 1742 3761; x_wconf 81' lang='lat' dir='ltr'>Nicolao</span> <span class='ocrx_word' id='word_1_199' title='bbox 1754 3694 1879 3763; x_wconf 74' lang='lat' dir='ltr'>Nicolri.</span> 
     </span>
     <span class='ocr_line' id='line_1_28' title="bbox 515 3787 950 3854; baseline -0.005 0"><span class='ocrx_word' id='word_1_200' title='bbox 515 3791 679 3854; x_wconf 88' lang='lat' dir='ltr'>canonico</span> <span class='ocrx_word' id='word_1_201' title='bbox 696 3787 950 3853; x_wconf 81' lang='lat' dir='ltr'>Beneventano</span> 
     </span>
    </p>
   </div>
   <div class='ocr_carea' id='block_1_7' title="bbox 551 3925 1312 3978">
    <p class='ocr_par' dir='ltr' id='par_1_17' title="bbox 551 3925 1312 3978">
     <span class='ocr_line' id='line_1_29' title="bbox 551 3925 1312 3978; baseline 0.003 -6"><span class='ocrx_word' id='word_1_202' title='bbox 551 3928 608 3976; x_wconf 72' lang='lat' dir='ltr'>lice.</span> <span class='ocrx_word' id='word_1_203' title='bbox 622 3931 668 3974; x_wconf 68' lang='lat' dir='ltr'>Ar.</span> <span class='ocrx_word' id='word_1_204' title='bbox 687 3930 726 3978; x_wconf 76' lang='lat'>⁶21.</span> <span class='ocrx_word' id='word_1_205' title='bbox 741 3928 759 3974; x_wconf 85' lang='lat' dir='ltr'>i.</span> <span class='ocrx_word' id='word_1_206' title='bbox 773 3931 826 3975; x_wconf 62' lang='lat' dir='ltr'>llll.</span> <span class='ocrx_word' id='word_1_207' title='bbox 841 3942 865 3973; x_wconf 90' lang='lat' dir='ltr'>n.</span> <span class='ocrx_word' id='word_1_208' title='bbox 880 3929 956 3973; x_wconf 68' lang='lat' dir='ltr'>lllrltl:</span> <span class='ocrx_word' id='word_1_209' title='bbox 970 3925 1028 3972; x_wconf 81' lang='lat' dir='ltr'>l&#39;nr.</span> <span class='ocrx_word' id='word_1_210' title='bbox 1040 3927 1076 3971; x_wconf 77' lang='lat'>:.&#39;.</span> <span class='ocrx_word' id='word_1_211' title='bbox 1091 3926 1108 3971; x_wconf 83' lang='lat' dir='ltr'>i.</span> <span class='ocrx_word' id='word_1_212' title='bbox 1121 3927 1188 3976; x_wconf 56' lang='lat' dir='ltr'>:itta</span> <span class='ocrx_word' id='word_1_213' title='bbox 1203 3940 1228 3972; x_wconf 92' lang='lat' dir='ltr'>n.</span> <span class='ocrx_word' id='word_1_214' title='bbox 1243 3928 1312 3974; x_wconf 64' lang='lat'>1⁹1⁸.</span> 
     </span>
    </p>
   </div>
   <div class='ocr_carea' id='block_1_8' title="bbox 557 4097 1877 4298">
    <p class='ocr_par' dir='ltr' id='par_1_18' title="bbox 557 4097 1877 4298">
     <span class='ocr_line' id='line_1_30' title="bbox 560 4097 1846 4190; baseline 0.007 -12"><span class='ocrx_word' id='word_1_215' title='bbox 560 4097 704 4183; x_wconf 76' lang='grc'>1304.</span> <span class='ocrx_word' id='word_1_216' title='bbox 1556 4134 1577 4177; x_wconf 90' lang='lat'><em>1</em></span> <span class='ocrx_word' id='word_1_217' title='bbox 1604 4136 1626 4180; x_wconf 91' lang='lat'>2</span> <span class='ocrx_word' id='word_1_218' title='bbox 1682 4142 1707 4185; x_wconf 87' lang='lat'><em>2</em></span> <span class='ocrx_word' id='word_1_219' title='bbox 1747 4146 1846 4190; x_wconf 80' lang='lat' dir='ltr'>mors.</span> 
     </span>
     <span class='ocr_line' id='line_1_31' title="bbox 557 4134 1877 4298; baseline 0.008 -20"><span class='ocrx_word' id='word_1_220' title='bbox 557 4215 746 4280; x_wconf 78' lang='lat' dir='ltr'>Conr&#39;essori</span> <span class='ocrx_word' id='word_1_221' title='bbox 773 4215 858 4296; x_wconf 70' lang='lat' dir='ltr'>regis</span> <span class='ocrx_word' id='word_1_222' title='bbox 887 4213 1026 4278; x_wconf 87' lang='lat' dir='ltr'>Francie</span> <span class='ocrx_word' id='word_1_223' title='bbox 1053 4213 1232 4278; x_wconf 79' lang='lat' dir='ltr'>innodatur</span> <span class='ocrx_word' id='word_1_224' title='bbox 1258 4229 1424 4298; x_wconf 82' lang='lat' dir='ltr'>quatenns</span> <span class='ocrx_word' id='word_1_225' title='bbox 1449 4134 1609 4284; x_wconf 48' lang='lat' dir='ltr'>absolvajt</span> <span class='ocrx_word' id='word_1_226' title='bbox 1626 4138 1877 4292; x_wconf 45' lang='lat' dir='ltr'>{olienumde</span> 
     </span>
    </p>
   </div>
   <div class='ocr_carea' id='block_1_9' title="bbox 511 4316 1876 4609">
    <p class='ocr_par' dir='ltr' id='par_1_19' title="bbox 511 4316 1876 4609">
     <span class='ocr_line' id='line_1_32' title="bbox 514 4316 1876 4402; baseline 0.01 -22"><span class='ocrx_word' id='word_1_227' title='bbox 514 4319 679 4387; x_wconf 87' lang='lat' dir='ltr'>l&#39;ernone.</span> <span class='ocrx_word' id='word_1_228' title='bbox 705 4318 904 4383; x_wconf 62' lang='lat' dir='ltr'>canonicum</span> <span class='ocrx_word' id='word_1_229' title='bbox 925 4317 1064 4383; x_wconf 84' lang='lat' dir='ltr'>ecclesie</span> <span class='ocrx_word' id='word_1_230' title='bbox 1090 4317 1121 4381; x_wconf 81' lang='lat' dir='ltr'>S.</span> <span class='ocrx_word' id='word_1_231' title='bbox 1148 4316 1237 4381; x_wconf 86' lang='lat' dir='ltr'>Petri</span> <span class='ocrx_word' id='word_1_232' title='bbox 1264 4319 1423 4396; x_wconf 68' lang='lat' dir='ltr'>Ariensis</span> <span class='ocrx_word' id='word_1_233' title='bbox 1449 4317 1665 4392; x_wconf 85' lang='lat' dir='ltr'>Morinensis</span> <span class='ocrx_word' id='word_1_234' title='bbox 1689 4329 1876 4402; x_wconf 85' lang='lat' dir='ltr'>diocesis‚a</span> 
     </span>
     <span class='ocr_line' id='line_1_33' title="bbox 513 4421 1875 4504; baseline 0.007 -17"><span class='ocrx_word' id='word_1_235' title='bbox 513 4421 1055 4487; x_wconf 83' lang='lat' dir='ltr'>sententiisexcommunicationis</span> <span class='ocrx_word' id='word_1_236' title='bbox 1076 4435 1110 4483; x_wconf 87' lang='lat' dir='ltr'>et</span> <span class='ocrx_word' id='word_1_237' title='bbox 1127 4421 1352 4504; x_wconf 81' lang='lat' dir='ltr'>suspensionis</span> <span class='ocrx_word' id='word_1_238' title='bbox 1367 4424 1409 4486; x_wconf 89' lang='lat' dir='ltr'>ab</span> <span class='ocrx_word' id='word_1_239' title='bbox 1425 4443 1467 4487; x_wconf 90' lang='lat' dir='ltr'>eo</span> <span class='ocrx_word' id='word_1_240' title='bbox 1482 4423 1627 4493; x_wconf 89' lang='lat' dir='ltr'>incursis</span> <span class='ocrx_word' id='word_1_241' title='bbox 1642 4433 1696 4497; x_wconf 92' lang='lat' dir='ltr'>ob</span> <span class='ocrx_word' id='word_1_242' title='bbox 1712 4454 1784 4500; x_wconf 93' lang='lat' dir='ltr'>non</span> <span class='ocrx_word' id='word_1_243' title='bbox 1803 4435 1875 4499; x_wconf 77' lang='lat' dir='ltr'>soln</span> 
     </span>
     <span class='ocr_line' id='line_1_34' title="bbox 511 4523 1579 4609; baseline 0.002 -18"><span class='ocrx_word' id='word_1_244' title='bbox 511 4541 581 4591; x_wconf 86' lang='lat' dir='ltr'>tarn</span> <span class='ocrx_word' id='word_1_245' title='bbox 597 4526 763 4591; x_wconf 78' lang='lat' dir='ltr'>decimani</span> <span class='ocrx_word' id='word_1_246' title='bbox 779 4525 822 4589; x_wconf 88' lang='lat' dir='ltr'>de</span> <span class='ocrx_word' id='word_1_247' title='bbox 839 4525 997 4589; x_wconf 69' lang='lat' dir='ltr'>fructibus</span> <span class='ocrx_word' id='word_1_248' title='bbox 1013 4523 1181 4609; x_wconf 87' lang='lat' dir='ltr'>prebende</span> <span class='ocrx_word' id='word_1_249' title='bbox 1197 4545 1255 4588; x_wconf 88' lang='lat' dir='ltr'>sue</span> <span class='ocrx_word' id='word_1_250' title='bbox 1272 4524 1411 4590; x_wconf 87' lang='lat' dir='ltr'>indicta</span> <span class='ocrx_word' id='word_1_251' title='bbox 1427 4528 1579 4593; x_wconf 89' lang='lat' dir='ltr'>ecclesia.</span> 
     </span>
    </p>
   </div>
   <div class='ocr_carea' id='block_1_10' title="bbox 513 4691 1873 5197">
    <p class='ocr_par' dir='ltr' id='par_1_20' title="bbox 513 4691 1873 5197">
     <span class='ocr_line' id='line_1_35' title="bbox 558 4691 1873 4790; baseline 0.011 -38"><span class='ocrx_word' id='word_1_252' title='bbox 558 4731 571 4752; x_wconf 76' lang='lat'>..</span> <span class='ocrx_word' id='word_1_253' title='bbox 594 4692 727 4758; x_wconf 80' lang='lat' dir='ltr'>Dilecto</span> <span class='ocrx_word' id='word_1_254' title='bbox 752 4693 854 4756; x_wconf 87' lang='lat' dir='ltr'>lilio..</span> <span class='ocrx_word' id='word_1_255' title='bbox 879 4691 1059 4757; x_wconf 76' lang='lat' dir='ltr'>consessori</span> <span class='ocrx_word' id='word_1_256' title='bbox 1077 4692 1237 4756; x_wconf 81' lang='lat' dir='ltr'>carissirni</span> <span class='ocrx_word' id='word_1_257' title='bbox 1255 4693 1286 4755; x_wconf 92' lang='lat' dir='ltr'>in</span> <span class='ocrx_word' id='word_1_258' title='bbox 1305 4692 1440 4757; x_wconf 87' lang='lat' dir='ltr'>Christo</span> <span class='ocrx_word' id='word_1_259' title='bbox 1455 4693 1513 4758; x_wconf 89' lang='lat' dir='ltr'>filii</span> <span class='ocrx_word' id='word_1_260' title='bbox 1530 4700 1639 4762; x_wconf 80' lang='lat' dir='ltr'>nostri</span> <span class='ocrx_word' id='word_1_261' title='bbox 1659 4703 1790 4786; x_wconf 78' lang='lat' dir='ltr'>Caroli,</span> <span class='ocrx_word' id='word_1_262' title='bbox 1804 4706 1873 4790; x_wconf 81' lang='lat' dir='ltr'>regis</span> 
     </span>
     <span class='ocr_line' id='line_1_36' title="bbox 515 4794 1871 4886; baseline 0.007 -25"><span class='ocrx_word' id='word_1_263' title='bbox 515 4795 653 4861; x_wconf 79' lang='lat' dir='ltr'>Francie</span> <span class='ocrx_word' id='word_1_264' title='bbox 670 4811 703 4861; x_wconf 88' lang='lat' dir='ltr'>et</span> <span class='ocrx_word' id='word_1_265' title='bbox 721 4796 872 4861; x_wconf 77' lang='lat' dir='ltr'>Nararre</span> <span class='ocrx_word' id='word_1_266' title='bbox 888 4796 1033 4866; x_wconf 84' lang='lat' dir='ltr'>illustris.</span> <span class='ocrx_word' id='word_1_267' title='bbox 1047 4796 1201 4859; x_wconf 85' lang='lat' dir='ltr'>salutern.</span> <span class='ocrx_word' id='word_1_268' title='bbox 1211 4794 1368 4859; x_wconf 82' lang='lat' dir='ltr'>Exhibita</span> <span class='ocrx_word' id='word_1_269' title='bbox 1383 4797 1481 4862; x_wconf 85' lang='lat' dir='ltr'>nobis</span> <span class='ocrx_word' id='word_1_270' title='bbox 1495 4818 1559 4883; x_wconf 91' lang='lat' dir='ltr'>pro</span> <span class='ocrx_word' id='word_1_271' title='bbox 1573 4817 1680 4886; x_wconf 86' lang='lat' dir='ltr'>parte</span> <span class='ocrx_word' id='word_1_272' title='bbox 1697 4808 1813 4876; x_wconf 88' lang='lat' dir='ltr'>dilecti</span> <span class='ocrx_word' id='word_1_273' title='bbox 1827 4807 1871 4873; x_wconf 90' lang='lat' dir='ltr'>filii</span> 
     </span>
     <span class='ocr_line' id='line_1_37' title="bbox 516 4898 1869 4979; baseline 0.008 -15"><span class='ocrx_word' id='word_1_274' title='bbox 516 4900 651 4964; x_wconf 75' lang='lat' dir='ltr'>Rnberti</span> <span class='ocrx_word' id='word_1_275' title='bbox 669 4900 711 4964; x_wconf 89' lang='lat' dir='ltr'>de</span> <span class='ocrx_word' id='word_1_276' title='bbox 729 4900 894 4966; x_wconf 79' lang='lat' dir='ltr'>l&#39;ernone.</span> <span class='ocrx_word' id='word_1_277' title='bbox 911 4898 1062 4963; x_wconf 62' lang='lat' dir='ltr'>canonici</span> <span class='ocrx_word' id='word_1_278' title='bbox 1079 4898 1221 4962; x_wconf 83' lang='lat' dir='ltr'>ecclesie</span> <span class='ocrx_word' id='word_1_279' title='bbox 1238 4899 1273 4963; x_wconf 81' lang='lat' dir='ltr'>S.</span> <span class='ocrx_word' id='word_1_280' title='bbox 1292 4898 1379 4962; x_wconf 87' lang='lat' dir='ltr'>Petri</span> <span class='ocrx_word' id='word_1_281' title='bbox 1396 4900 1555 4972; x_wconf 60' lang='lat' dir='ltr'>,iriensis</span> <span class='ocrx_word' id='word_1_282' title='bbox 1581 4902 1801 4979; x_wconf 80' lang='lat' dir='ltr'>Morinensis</span> <span class='ocrx_word' id='word_1_283' title='bbox 1813 4911 1869 4977; x_wconf 80' lang='lat' dir='ltr'>dio</span> 
     </span>
     <span class='ocr_line' id='line_1_38' title="bbox 513 5002 1868 5102; baseline 0.007 -34"><span class='ocrx_word' id='word_1_284' title='bbox 513 5005 606 5070; x_wconf 73' lang='lat' dir='ltr'>oesis.</span> <span class='ocrx_word' id='word_1_285' title='bbox 622 5004 742 5089; x_wconf 71' lang='lat' dir='ltr'>petitio</span> <span class='ocrx_word' id='word_1_286' title='bbox 758 5004 953 5068; x_wconf 71' lang='lat' dir='ltr'>continebat</span> <span class='ocrx_word' id='word_1_287' title='bbox 971 5002 1060 5085; x_wconf 87' lang='lat' dir='ltr'>qnod</span> <span class='ocrx_word' id='word_1_288' title='bbox 1071 5002 1142 5086; x_wconf 85' lang='lat' dir='ltr'>ipse</span> <span class='ocrx_word' id='word_1_289' title='bbox 1152 5002 1290 5066; x_wconf 82' lang='lat' dir='ltr'>credens</span> <span class='ocrx_word' id='word_1_290' title='bbox 1301 5004 1522 5070; x_wconf 78' lang='lat' dir='ltr'>verisimiliter</span> <span class='ocrx_word' id='word_1_291' title='bbox 1532 5009 1628 5090; x_wconf 84' lang='lat' dir='ltr'>quod</span> <span class='ocrx_word' id='word_1_292' title='bbox 1641 5062 1670 5077; x_wconf 90' lang='lat'>..</span> <span class='ocrx_word' id='word_1_293' title='bbox 1686 5023 1868 5102; x_wconf 80' lang='lat' dir='ltr'>procurator</span> 
     </span>
     <span class='ocr_line' id='line_1_39' title="bbox 514 5105 1866 5197; baseline 0.009 -27"><span class='ocrx_word' id='word_1_294' title='bbox 514 5111 583 5191; x_wconf 82' lang='lat' dir='ltr'>ejus</span> <span class='ocrx_word' id='word_1_295' title='bbox 610 5109 664 5191; x_wconf 79' lang='lat' dir='ltr'>qui</span> <span class='ocrx_word' id='word_1_296' title='bbox 691 5107 896 5193; x_wconf 86' lang='lat' dir='ltr'>percipiebat</span> <span class='ocrx_word' id='word_1_297' title='bbox 923 5105 1047 5170; x_wconf 80' lang='lat' dir='ltr'>rinctus</span> <span class='ocrx_word' id='word_1_298' title='bbox 1077 5106 1246 5190; x_wconf 86' lang='lat' dir='ltr'>prebende</span> <span class='ocrx_word' id='word_1_299' title='bbox 1276 5127 1334 5172; x_wconf 85' lang='lat' dir='ltr'>sue</span> <span class='ocrx_word' id='word_1_300' title='bbox 1361 5127 1461 5192; x_wconf 82' lang='lat' dir='ltr'>quam</span> <span class='ocrx_word' id='word_1_301' title='bbox 1487 5108 1522 5174; x_wconf 91' lang='lat' dir='ltr'>in</span> <span class='ocrx_word' id='word_1_302' title='bbox 1546 5113 1712 5197; x_wconf 81' lang='lat' dir='ltr'>predicta</span> <span class='ocrx_word' id='word_1_303' title='bbox 1738 5117 1866 5188; x_wconf 79' lang='lat' dir='ltr'>ecclesia</span> 
     </span>
    </p>
   </div>
   <div class='ocr_carea' id='block_1_11' title="bbox 0 0 2210 6017">
    <p class='ocr_par' dir='ltr' id='par_1_21' title="bbox 0 0 2210 6017">
     <span class='ocr_line' id='line_1_40' title="bbox 0 0 2210 6017; baseline 0 2"><span class='ocrx_word' id='word_1_304' title='bbox 0 0 2210 6017; x_wconf 95' lang='lat' dir='ltr'> </span> 
     </span>
    </p>
   </div>
  </div>
 </body>
</html>
