4409 6017
936 687 1119 758 romulam
1295 723 1299 736 ·
1629 686 1732 757 XLVII

403 839 504 893 nestcia
535 839 736 893 ecclesiastica
764 854 817 901 per
843 836 954 898 obitum
980 851 1227 900 quorumcumque
1244 835 1426 890 familiarium
1444 847 1471 891 et
1488 836 1655 891 officialium
1672 855 1734 892 nos

403 937 472 975 imm
491 919 672 984 ubicumque
690 920 893 973 decedentium
911 927 980 972 tunc
1000 917 1132 971 vacantia
1149 927 1176 971 et
1194 917 1378 982 imposterum
1394 923 1528 972 vacatura
1545 920 1687 973 collationi
1706 931 1733 973 et

403 1001 544 1066 spositioni
562 1011 662 1054 nostre
682 1011 709 1053 et
727 998 810 1053 Sedis
828 998 983 1062 apostolice
1001 997 1163 1061 specialiter
1180 1008 1367 1065 reservantes,
1386 998 1563 1054 decrevimus
1584 1011 1685 1053 extunc
1702 1001 1734 1055 ir-

403 1093 458 1136 tum
472 1092 501 1136 et
515 1083 613 1143 inane,
631 1082 655 1134 si
671 1097 754 1134 secus
770 1097 856 1145 super
871 1079 925 1133 hiis
940 1096 959 1133 a
977 1095 1125 1143 quoquam
1145 1078 1244 1143 quavis
1263 1081 1431 1133 auctoritate
1452 1080 1574 1134 scienter
1595 1082 1638 1133 vel
1659 1082 1735 1136 iano

403 1173 466 1217 tuter
486 1162 667 1226 contingeret
691 1162 863 1226 attemptari.

419 1245 470 1300 llos
485 1244 616 1299 volentes
635 1243 688 1297 tibi
704 1245 826 1307 gratiam
842 1244 939 1296 facere
958 1242 1121 1307 specialem,
1144 1242 1345 1297 canonicatum
1368 1254 1395 1296 et
1418 1244 1594 1307 prebendam
1617 1262 1650 1298 ac
1674 1262 1736 1298 catt-

403 1326 477 1380 oriam
495 1326 639 1391 predictos
661 1326 703 1378 sic
724 1335 866 1387 vacantes,
889 1340 955 1377 cum
977 1323 1155 1387 plenitudine
1176 1323 1245 1385 juris
1268 1325 1396 1379 canonici
1419 1342 1452 1377 ac
1474 1324 1606 1378 omnibus
1628 1326 1736 1389 juribus

403 1407 598 1474 etpertirtentiis
616 1407 683 1469 suis,
701 1416 782 1459 motu
800 1405 923 1472 proprio,
941 1421 1000 1458 nort
1017 1405 1056 1458 ad
1075 1416 1155 1458 tuam
1170 1405 1216 1458 vel
1234 1404 1349 1459 alterius
1365 1423 1418 1471 pro
1434 1415 1463 1458 te
1481 1406 1563 1460 nobis
1578 1407 1674 1461 oblate
1692 1426 1737 1472 pe·

403 1483 483 1539 itione
500 1486 671 1552 instantiam,
691 1486 745 1540 sed
763 1487 800 1540 de
819 1495 916 1539 nostra
934 1501 1015 1539 mera
1036 1484 1214 1549 liberalitate,
1236 1486 1393 1550 apostolica
1414 1486 1465 1541 tibi
1486 1487 1654 1541 auotoritate
1674 1502 1737 1540 cott-

403 1565 496 1620 ferimus
513 1578 540 1621 et
560 1567 744 1633 providemus
763 1568 801 1621 de
819 1567 882 1629 illis,
904 1567 1098 1628 decernentes,
1125 1576 1208 1631 prout
1232 1576 1282 1634 est,
1307 1567 1417 1621 irritum
1441 1576 1469 1621 et
1492 1567 1586 1631 inane,
1610 1567 1633 1621 si
1657 1584 1738 1621 secus

403 1664 466 1712 super
483 1649 534 1702 hiis
555 1666 574 1701 a
593 1665 738 1714 quoquam
759 1650 857 1712 quavis
879 1647 1055 1710 auctoritate,
1075 1646 1199 1701 scienter
1214 1648 1260 1700 val
1279 1649 1450 1713 ignoranter,
1469 1655 1668 1711 attemptatum
1684 1648 1738 1702 for·

405 1746 444 1782 satt
462 1742 500 1784 est
524 1730 662 1783 hactenus
688 1729 733 1782 vel
759 1729 909 1792 oontigerit
936 1730 1124 1792 imposterum
1138 1728 1308 1793 attemptari
1642 1751 1644 1755 ⁴

431 1827 477 1864 non
499 1811 678 1865 obstantibus
705 1810 931 1875 quibuscumque
959 1808 1072 1863 statutis
1092 1819 1121 1862 et
1143 1809 1395 1864 consuetudinibus
1418 1812 1565 1866 contrariis
1587 1811 1674 1876 ipsius
1698 1829 1739 1865 ec-

406 1893 469 1945 clesie
493 1892 670 1969 bforinensis,
698 1892 868 1957 juramento,
897 1890 1115 1944 confirmatione
1131 1890 1213 1944 Sedis
1229 1891 1385 1955 apostolice
1399 1893 1444 1945 vel
1460 1909 1639 1956 quacumque
1655 1894 1739 1948 firmi-

407 1980 449 2025 nte
460 1973 510 2026 alia
526 1974 675 2035 roboratis,
692 1990 744 2026 seu
760 1974 784 2026 si
802 1972 888 2037 aliqui
904 1989 989 2037 super
1005 1973 1215 2037 provisionibus
1235 1973 1289 2027 sibi
1310 1972 1448 2027 faciendis
1469 1975 1505 2028 de
1527 1975 1740 2029 canonicatibus

408 2054 577 2117 etprebendis
596 2072 630 2108 ac
648 2055 789 2117 cantoriis,
808 2053 1002 2119 dignitatibus,
1022 2053 1221 2117 personatibus
1253 2054 1299 2108 vel
1330 2055 1433 2109 officiis
1465 2056 1494 2109 in
1523 2057 1587 2120 ipsa
1620 2056 1739 2110 ecclesia

408 2134 524 2200 suoeiales,
550 2137 596 2197 vel
623 2136 660 2189 de
685 2135 834 2190 beneficiis
860 2134 1058 2189 ecclesiasticis
1079 2135 1109 2187 in
1125 2136 1179 2189 illis
1197 2136 1324 2200 partibus
1340 2137 1490 2200 generales
1506 2137 1581 2190 dicte
1599 2137 1680 2192 Sedis
1695 2139 1740 2191 vel

411 2213 541 2277 laganum
567 2217 629 2280 ejus
657 2217 765 2270 litteras
791 2216 976 2281 impetrarint,
1002 2216 1093 2270 etiam
1112 2216 1137 2270 si
1156 2234 1207 2281 per
1227 2234 1276 2271 eas
1296 2218 1335 2270 ad
1354 2218 1558 2282 inhibitionem,
1580 2222 1742 2275 reservatio·

409 2311 455 2351 uem
473 2310 498 2353 et
517 2301 666 2355 decretum
685 2300 729 2354 vel
752 2299 823 2353 alias
845 2297 1060 2363 quomodolibet
1079 2296 1116 2350 sit
1144 2314 1315 2363 processum,
1344 2308 1392 2351 aut
1421 2299 1444 2351 si
1472 2298 1557 2363 aliqui
1585 2301 1740 2364 apostolica

411 2378 440 2430 tel
452 2381 500 2434 alia
515 2382 616 2446 quavis
632 2382 800 2436 auctoritate
817 2382 847 2437 in
865 2380 967 2434 eadem
981 2379 1105 2434 ecclesia
1125 2380 1153 2432 in
1176 2381 1327 2433 canonicos
1348 2382 1403 2434 sint
1424 2381 1530 2446 recepti
1561 2382 1606 2434 vel
1626 2393 1656 2435 ut
1677 2382 1742 2434 reci-

412 2459 496 2521 piantur
511 2464 649 2526 insistant,
668 2463 771 2527 quibus
786 2461 919 2516 omnibus
937 2471 966 2515 te
983 2461 1013 2515 in
1029 2460 1209 2514 assecutione
1240 2461 1380 2515 dictorum
1411 2464 1593 2515 canonicatus
1625 2474 1651 2515 et
1682 2480 1742 2528 pre-

411 2539 479 2597 bade
498 2562 531 2598 ac
555 2545 683 2599 cantorie
707 2546 837 2597 volumus
860 2543 1003 2606 anteferri,
1029 2542 1083 2596 sed
1098 2543 1209 2595 nullum
1227 2559 1279 2606 per
1293 2543 1347 2596 hoc
1365 2542 1405 2596 eis
1423 2545 1518 2608 quoad
1534 2546 1744 2598 assecutionem

413 2622 502 2679 diuum
520 2627 741 2680 canonicatuum
764 2637 791 2679 et
812 2625 1022 2690 prebendarum
1044 2641 1079 2677 ae
1098 2622 1277 2687 dignitatum,
1297 2635 1500 2689 personatuum
1519 2626 1564 2678 vel
1583 2626 1744 2680 officiorum

414 2706 571 2768 prejudicium
588 2709 730 2772 generari,
750 2724 802 2760 seu
820 2709 843 2761 si
862 2705 1018 2761 venerabili
1037 2705 1120 2759 fratri
1136 2714 1250 2759 nostro..
1268 2705 1402 2769 episcopo
1418 2717 1446 2759 et
1463 2706 1572 2759 dilectis
1588 2708 1655 2762 filiis
1671 2710 1744 2771 capi·

414 2786 453 2841 tulo
468 2788 619 2843 florinensi
639 2789 685 2842 vel
704 2789 848 2853 quibusvis
868 2787 929 2841 aliis
949 2785 1139 2841 communiter
1155 2785 1200 2839 vel
1219 2786 1329 2840 divisim
1346 2803 1364 2839 a
1383 2787 1458 2845 Sede
1476 2787 1510 2840 sit
1528 2788 1670 2842 indultum
1684 2807 1744 2854 pre-

414 2865 466 2922 ἀίω
482 2872 557 2935 quod
578 2871 617 2924 ad
639 2870 832 2935 receptionem
853 2869 898 2922 vel
920 2867 1113 2933 provisionem
1137 2866 1256 2929 alicujus
1282 2868 1398 2920 minime
1424 2879 1575 2922 teneantur
1599 2882 1627 2924 et
1653 2872 1692 2924 ad
1716 2872 1744 2926 id

415 2952 515 3015 conpelli
534 2969 592 3006 nort
612 2952 729 3015 possint,
749 2951 883 3015 quodque
903 2952 940 3004 de
960 2948 1176 3003 canonicatibus
1194 2960 1221 3003 et
1240 2949 1401 3014 prebendis,
1419 2951 1604 3012 dignitatibus
1622 2953 1667 3005 vel
1686 2970 1745 3017 per-

415 3032 530 3086 sonatibus
552 3033 684 3096 ejusdem
707 3034 827 3086 ecclesie
848 3032 892 3087 vel
916 3029 1064 3085 beneficiis
1085 3030 1282 3084 ecclesiasticis
1308 3030 1346 3083 ad
1371 3047 1471 3083 eorum
1484 3032 1675 3086 collationem
1700 3036 1744 3087 vel

416 3111 475 3167 iliam
492 3132 700 3181 quamcumque
723 3115 938 3179 dispositionem
959 3112 1134 3176 conjunctim
1155 3113 1199 3164 vel
1222 3114 1375 3176 separatim
1395 3113 1589 3177 spectantibus
1611 3111 1680 3164 nulli
1702 3128 1746 3163 va·

417 3190 453 3247 lat
471 3197 605 3261 provideri
628 3213 679 3260 per
704 3195 810 3248 litteras
833 3194 1002 3258 apostolicas
1025 3211 1085 3247 nort
1105 3194 1242 3246 facientes
1268 3195 1384 3258 plenam
1410 3204 1436 3247 et
1461 3210 1624 3256 expressam
1650 3209 1684 3245 ac
1709 3192 1746 3245 de

416 3275 477 3330 urbo
490 3278 526 3331 ad
540 3279 662 3331 verbum
677 3279 713 3331 de
731 3277 841 3330 indulto
858 3276 1020 3339 hujusmodi
1035 3276 1219 3336 mentionem,
1242 3287 1269 3329 et
1290 3276 1417 3339 qualibet
1437 3276 1492 3328 alia
1512 3275 1587 3328 dicte
1608 3273 1690 3328 Sedis
1709 3274 1746 3327 in-

416 3354 531 3421 dulgentia
560 3359 690 3423 generali
719 3358 764 3411 vel
792 3357 917 3422 speciali,
948 3357 1153 3420 cujuscumque
1175 3357 1279 3409 tenoris
1303 3357 1410 3419 existat,
1433 3374 1484 3421 per
1506 3373 1591 3420 quam
1614 3355 1746 3419 presenti·

417 3434 453 3489 bus
465 3456 513 3492 nort
529 3457 692 3505 expressam
716 3440 761 3492 vel
778 3438 902 3493 totaliter
918 3456 976 3492 nort
990 3438 1135 3496 insertam,
1156 3438 1276 3490 effectus
1295 3437 1457 3500 hujusmodi
1476 3449 1571 3490 nostre
1591 3438 1681 3500 gratie
1700 3437 1747 3489 im-

418 3519 484 3578 ltdiri
498 3522 588 3574 valeat
607 3521 822 3585 quomodolibet
839 3521 883 3573 vel
902 3519 1019 3583 differri,
1040 3530 1067 3574 et
1087 3520 1125 3571 de
1142 3537 1198 3583 qua
1214 3520 1350 3582 cujusque
1366 3530 1425 3573 toto
1442 3530 1540 3573 tenore
1556 3520 1592 3572 de
1608 3520 1695 3573 verbo
1710 3520 1747 3572 ad

418 3600 509 3655 tubum
527 3603 661 3656 habenda
684 3603 719 3655 sit
741 3603 770 3655 in
793 3603 895 3655 nostris
918 3601 1017 3654 litteris
1037 3600 1148 3653 mentio
1170 3600 1307 3664 specialis
1330 3610 1378 3653 aut
1399 3601 1423 3654 si
1444 3618 1561 3664 presens
1582 3618 1640 3654 non
1661 3600 1748 3653 fueris

417 3678 445 3730 td
455 3685 625 3745 prestandum
640 3685 677 3737 de
691 3683 877 3737 observandis
892 3683 1003 3735 statutis
1020 3694 1048 3734 et
1068 3682 1321 3734 consuetudinibus
1338 3682 1425 3747 ipsius
1445 3682 1563 3736 ecclesie
1580 3680 1694 3735 solitum
1709 3682 1748 3745 ju·

418 3775 553 3831 nitentum,
575 3766 733 3819 dummodo
755 3765 785 3819 itt
807 3765 936 3818 absentia
958 3774 1007 3817 tua
1030 3779 1082 3827 per
1101 3774 1315 3826 procuratorem
1336 3763 1487 3826 ydoneum,
1512 3776 1539 3816 et
1561 3781 1625 3817 curn
1648 3765 1684 3816 ad
1708 3780 1748 3816 ec-

418 3840 509 3899 clesiam
530 3847 621 3912 ipsam
647 3847 802 3900 accesseris
827 3845 1012 3918 corporaliter
1038 3844 1111 3897 illud
1131 3854 1248 3908 prestes,

446 3939 485 3976 seu
503 3929 575 3991 quod
596 3929 626 3981 in
648 3928 769 3982 ecclesia
793 3926 974 3979 Narbonensi
996 3927 1048 3980 sub
1070 3926 1267 3990 expectatione
1291 3936 1425 3979 vacature
1451 3927 1604 3991 prebende,
1630 3928 1748 3990 integre,

420 4002 494 4069 libere,
513 4027 566 4064 non
589 4010 783 4076 sacerdotalis,
807 4011 974 4063 auctoritate
999 4008 1156 4073 apostolica
1181 4010 1210 4061 in
1234 4009 1403 4062 canonicum
1427 4027 1457 4062 es
1482 4020 1620 4074 receptus,

449 4102 489 4139 seu
504 4092 574 4155 quod
592 4092 697 4156 pateris
718 4091 747 4145 in
767 4101 842 4143 etate
862 4090 1013 4148 delectum,
1034 4106 1101 4142 oum
1116 4090 1145 4142 in
1159 4089 1293 4143 vicesimo
1305 4090 1433 4143 secundo
1449 4091 1529 4143 etatis
1544 4101 1593 4143 tue
1607 4108 1690 4153 annu,
1704 4092 1748 4144 vel

421 4164 477 4219 Circa
499 4171 577 4235 illum
606 4172 775 4225 constitutus
806 4171 923 4234 existas;
951 4188 1003 4223 nos
1033 4170 1111 4223 enim
1129 4182 1230 4233 tecum,
1251 4182 1281 4223 ut
1299 4171 1461 4233 hujusmodi
1481 4189 1537 4224 non
1557 4173 1687 4226 obstante
1705 4174 1750 4226 de·

421 4248 482 4303 lectu
497 4256 576 4317 possis
597 4256 763 4317 cantoriam,
784 4255 981 4307 canonicatum
1002 4262 1030 4306 et
1050 4253 1228 4317 prebendam
1242 4253 1332 4306 libere
1348 4255 1474 4319 recipere
1489 4265 1516 4308 et
1530 4255 1606 4309 licite
1621 4257 1750 4320 retinere,

424 4326 588 4391 lateranensis
609 4337 721 4391 concilii
744 4349 771 4389 et
791 4335 918 4401 qualibet
939 4335 994 4388 alia
1016 4335 1263 4389 constitutionibus
1281 4336 1427 4389 contrariis
1444 4354 1626 4401 nequaquam
1641 4341 1751 4393 obstan-

423 4407 488 4475 tibus,
502 4417 531 4470 de
549 4420 663 4484 speciali
682 4421 759 4473 dono
776 4419 867 4482 gratie
886 4417 1093 4482 dispensamus,
1114 4417 1227 4481 proviso
1252 4418 1330 4481 quod
1355 4418 1489 4482 cantoria,
1515 4418 1698 4470 canonicatus
1725 4426 1750 4467 et

424 4492 539 4552 prebenda
559 4500 678 4565 predicti
701 4500 805 4553 debitis
827 4498 970 4562 obsequiis
994 4516 1052 4551 nort
1072 4499 1239 4552 fraudentur
1266 4509 1292 4551 et
1320 4499 1479 4551 animarum
1503 4515 1571 4551 cura
1598 4499 1626 4550 in
1653 4499 1701 4558 εἰς,
1728 4498 1750 4550 si

426 4568 468 4623 illis
487 4575 622 4642 immineat,
651 4582 813 4634 nullatenus
838 4580 1007 4642 negligatur.

454 4651 515 4711 Nulli
536 4675 582 4718 etc.
610 4673 707 4717 nostre
733 4662 899 4724 collationis,
926 4659 1104 4725 provisionis,
1125 4662 1331 4714 constitutionis
1353 4671 1380 4713 et
1399 4660 1616 4725 dispensationis
1637 4662 1716 4723 [ctcl.

455 4732 539 4796 Duum
562 4747 703 4799 Avinione
731 4746 758 4797 Il
787 4760 854 4797 non.
881 4743 1004 4795 octobris
1031 4759 1110 4795 anno
1132 4742 1266 4796 secundo.

461 4898 487 4950 ln
500 4909 606 4962 eundem
621 4910 739 4961 modum
756 4907 866 4961 dilectis
884 4905 949 4959 filiis
962 4949 976 4961 ..
989 4905 1230 4959 Claromentensis
1246 4916 1272 4958 et
1285 4947 1299 4959 ..
1314 4904 1457 4958 Albiensis
1471 4905 1620 4969 prepositis
1642 4922 1676 4958 ac
1687 4950 1701 4962 ,,
1713 4922 1754 4957 ar-

436 4975 565 5042 chidiacono
581 4990 735 5050 Gandensi,
750 4987 939 5041 Tomacensis
955 4986 1148 5042 ecclesiarum.
1168 4988 1245 5039 Dum
1261 4986 1437 5040 conditiones
1455 4996 1507 5042 etc.
1524 5004 1614 5050 usque
1630 4987 1755 5048 negliga-

435 5066 477 5112 fur.

466 5140 574 5206 Quocirca
593 5153 762 5206 mandamus
784 5164 924 5216 quatenus
944 5169 994 5205 vos
1014 5152 1058 5205 vel
1078 5153 1138 5205 duo
1157 5161 1204 5203 aut
1223 5167 1295 5203 unus
1315 5162 1446 5212 vestrum,
1467 5170 1518 5216 per
1536 5168 1585 5203 vos
1605 5152 1649 5203 vel
1669 5154 1755 5211 alium
