4409 6017
499 663 560 728 536
1036 672 1193 739 Neuvieme
1214 676 1316 741 annes.

498 834 604 882 unum
623 817 737 883 locum
758 819 852 887 dicto
874 821 981 888 ordini
1005 823 1156 889 oblatum
1179 846 1200 891 a
1224 827 1367 909 Matildi,
1384 827 1559 896 comitissa
1575 830 1865 914 Atrebatensi,in

498 917 580 985 villa
603 940 662 986 sua
687 922 729 987 de
753 924 881 991 Sancto
903 926 1109 1008 Andomaro,
1127 926 1333 998 Morinensis
1348 932 1501 1016 diocesis,
1518 934 1639 1021 ibique
1658 940 1867 1007 construendi

499 1022 620 1090 domos
645 1033 681 1091 et
707 1029 872 1114 capellam
909 1051 968 1095 seu
1000 1032 1193 1116 oratorium,
1220 1033 1292 1101 sine
1321 1036 1402 1122 juris
1432 1038 1622 1125 prejudicio
1654 1044 1867 1129 parrochialis

499 1127 641 1194 ecclesie
657 1129 747 1196 dicte
763 1132 853 1199 ville.

544 1231 638 1298 Inter
652 1235 938 1304 ecclesiasticos...

544 1336 623 1405 Dat.
638 1340 738 1408 Avin.
756 1358 774 1425 7
790 1341 857 1408 kal.
873 1344 1066 1411 novembris
1081 1366 1172 1413 anno
1189 1368 1220 1428 9.

534 1477 595 1541 Reg.
608 1481 656 1528 Av.
668 1482 706 1540 22,
719 1480 737 1529 l.
750 1482 781 1529 92
794 1497 799 1538 ;
813 1481 871 1529 Vnt.
884 1484 922 1538 78,
936 1483 954 1530 f.
968 1486 1005 1542 to,
1018 1499 1043 1532 u.
1056 1486 1102 1532 221
1113 1496 1125 1519 ⁶
1139 1501 1144 1534 :
1163 1488 1209 1535 Av.
1226 1488 1266 1547 22,
1281 1487 1299 1535 l.
1311 1490 1369 1545 535;
1382 1490 1441 1538 Vol.
1454 1492 1492 1549 78,
1505 1492 1524 1541 l.
1539 1493 1596 1551 333,
1609 1506 1638 1541 n.
1653 1495 1719 1544 975.

548 1644 690 1727 1442.
1513 1662 1677 1751 1324,'27
1694 1669 1837 1735 octobre.

545 1763 714 1830 Ademaro
728 1764 876 1847 Richart,
882 1768 1047 1834 canonico
1058 1766 1255 1851 Morinensi,
1264 1768 1453 1856 indulgetur
1463 1778 1500 1835 ut
1509 1769 1640 1837 fructus
1652 1773 1870 1839 canonicatu

502 1876 537 1933 et
552 1868 722 1954 prebende
738 1890 822 1954 quos
838 1869 872 1934 in
890 1868 1076 1938 Morinensi
1092 1873 1234 1939 ecclesia
1250 1873 1381 1940 obtinet
1404 1882 1439 1940 et
1460 1874 1604 1941 aliorum
1626 1876 1871 1944 beneficiorum
1899 1907 1902 1912 ·

502 1991 638 2037 suorum
653 1975 779 2058 absque
793 1973 974 2040 residentia
991 1975 1033 2041 ad
1048 1977 1230 2042 triennium
1247 1977 1420 2064 percipere
1435 1979 1559 2045 valeat.

547 2074 742 2143 Laudabilia
757 2086 856 2143 tue...

546 2178 627 2245 Dat.
643 2181 743 2247 Avin.
762 2187 780 2247 6
796 2181 862 2247 kal.
879 2183 1073 2249 novembris
1088 2205 1179 2250 anno
1196 2206 1225 2266 9.

546 2282 587 2349 In
608 2305 636 2351 e.
660 2306 705 2351 m.
728 2285 858 2352 decano
882 2287 913 2352 S.
937 2286 1098 2374 Stephani
1126 2289 1168 2355 de
1193 2288 1346 2356 Tescone
1372 2290 1613 2357 Montisalbani
1637 2298 1678 2357 et
1703 2294 1871 2381 preposito

504 2385 754 2474 Mirapiscensis
769 2410 809 2456 ac
824 2391 974 2458 Amaldo
997 2392 1040 2458 de
1065 2392 1213 2475 Petrilia,
1230 2393 1397 2461 canonico
1411 2393 1620 2461 Turonensis
1635 2398 1871 2465 ecclesiarum.

536 2526 597 2588 lug.
607 2530 654 2576 Av.
664 2530 703 2586 22,
716 2528 735 2577 i.
752 2529 809 2576 217ν
823 2544 829 2585 ;
848 2529 906 2578 Vat.
919 2531 958 2589 78,
971 2531 989 2579 f.
1003 2532 1058 2590 115,
1072 2545 1097 2579 n.
1111 2533 1165 2580 :tou

548 2667 693 2752 1443.
1512 2707 1610 2772 1324,
1628 2706 1676 2772 27
1692 2692 1836 2758 octobre.

546 2790 671 2854 Abbati
687 2791 880 2856 monasterii
897 2791 939 2858 de
951 2790 1126 2857 Virziliaco
1141 2789 1320 2855 mandatur
1329 2797 1493 2875 quatenus
1504 2790 1547 2857 ad
1557 2793 1777 2877 presentiam
1793 2815 1870 2883 pape

504 2914 540 2959 se
556 2894 717 2961 conferat.

549 3047 703 3113 «Abbati
721 3048 913 3114 monasterii
927 3049 969 3114 de
982 3048 1168 3131 Virziliaco,
1185 3048 1227 3115 Ο.
1243 3049 1275 3113 S.
1292 3047 1342 3130 Β,
1360 3048 1526 3115 Eduensis
1541 3049 1703 3120 diocesis.
1715 3052 1807 3122 Cum
1816 3075 1867 3121 nos

504 3152 603 3219 certis
630 3174 671 3218 ex
694 3155 800 3219 causis
838 3175 982 3240 persona
1008 3164 1066 3220 tua
1091 3175 1259 3239 egeamus,
1286 3154 1478 3220 discretioni
1503 3162 1561 3220 tue
1594 3176 1655 3241 per
1684 3161 1866 3245 apostolica
1901 3157 1903 3166 ’

504 3258 627 3345 scripta
652 3258 684 3322 in
711 3258 835 3324 virtute
857 3267 974 3325 sancte
999 3259 1191 3326 obedientie
1216 3259 1396 3325 districtius
1423 3259 1643 3346 precipiendo
1670 3265 1865 3331 mandamus

504 3370 668 3446 quatenus
689 3362 733 3428 ad
760 3371 909 3429 nostram
925 3364 1129 3450 presentiam
1156 3369 1228 3431 sine
1251 3367 1467 3433 cunctatione
1491 3367 1627 3434 studeas
1647 3373 1865 3456 personaliter

503 3475 538 3533 te
554 3467 714 3533 conferre.
734 3467 815 3534 Dat.
832 3475 982 3555 utsupra
1008 3468 1126 3555 [Avin.
1147 3476 1164 3536 6
1181 3470 1247 3537 kal.
1264 3471 1457 3537 novembris
1472 3492 1561 3537 anno
1579 3472 1628 3559 9].
1646 3495 1665 3537 n

537 3606 598 3668 Ηυξ.
614 3607 671 3657 l'at.
687 3608 742 3667 113,
755 3608 773 3656 f.
789 3610 810 3666 3,
824 3621 849 3654 n.
862 3609 900 3655 21.

548 3776 697 3858 1444.
1515 3813 1531 3854 r
1557 3813 1577 3854 2
1627 3814 1648 3855 2
1687 3799 1826 3862 octobre.

547 3895 688 3961 Decano
704 3894 844 3961 ecclesie
861 3895 1082 3961 Nivemensis
1097 3893 1278 3960 mandatur
1293 3902 1459 3979 quatenus
1480 3811 1738 3965 ceriadlitderas
1757 3898 1860 3966 abbati

505 3998 729 4064 Virziliacensi
745 3999 888 4065 directas
905 3999 998 4065 dicto
1014 3999 1126 4065 abbati
1143 4006 1336 4086 presentare
1353 3998 1464 4066 saciat.

549 4159 719 4225 «Decano
744 4157 883 4224 ecclesie
900 4156 1130 4222 Nivemensis.
1143 4156 1228 4222 Cum
1244 4176 1306 4221 nos
1322 4155 1382 4220 tibi
1406 4155 1566 4239 quasdam
1582 4156 1715 4225 litteras
1738 4168 1860 4249 aposto

504 4263 586 4329 licas
601 4283 661 4349 per
676 4282 758 4346 quas
774 4262 934 4328 dilectum
962 4261 1066 4325 filium
1079 4311 1097 4325 ..
1114 4263 1272 4325 abbatem
1288 4259 1481 4325 monasterii
1499 4258 1540 4324 de
1568 4258 1761 4347 Virziliaco,
1782 4264 1821 4330 Ο.
1835 4263 1860 4327 S.

506 4367 555 4450 B„
574 4366 737 4433 Eduensis
753 4366 904 4446 diocesis,
921 4365 1021 4432 certis
1036 4385 1078 4429 ex
1094 4365 1202 4430 causis
1217 4364 1260 4430 ad
1282 4370 1431 4429 nostram
1451 4364 1656 4450 presentiam
1679 4387 1860 4446 evocamur,

506 4471 616 4538 eidem
628 4472 742 4537 abbati
754 4471 897 4537 directas
913 4490 952 4535 ac
968 4479 1071 4556 perte
1084 4468 1145 4534 sibi
1162 4466 1413 4555 presentandas,
1430 4489 1490 4554 per
1504 4469 1647 4534 latorem
1664 4473 1861 4555 presentium

419 4555 421 4559 Ι
505 4577 721 4657 destinemus,
737 4576 1003 4643 discretioni-tue
1025 4597 1084 4663 per
1112 4576 1298 4662 apostolica
1331 4574 1455 4661 scripta
1481 4574 1682 4642 mandamus
1706 4587 1862 4663 quatenus

505 4683 634 4749 litteras
650 4681 748 4767 ipsaS,
766 4690 917 4747 cessante
933 4681 1102 4748 dilationis
1118 4681 1304 4759 obstaculo,
1321 4679 1433 4744 abbati
1450 4688 1639 4745 memorato
1662 4691 1861 4766 presentans.

506 4785 548 4851 de
559 4785 809 4873 presentatione
824 4784 1013 4871 hujusmodi
1027 4784 1096 4849 fieri
1114 4783 1215 4850 facias
1230 4782 1401 4870 publicum
1418 4783 1691 4865 instrumentum,
1707 4786 1862 4871 predicta·

538 4998 767 5047 adamantinae
781 5000 902 5060 inpiae-cn,
916 5001 979 5045 relic
990 4995 1063 5044 utrm
1074 5001 1108 5045 cst
1122 4995 1221 5052 laruda
1234 5012 1263 5044 en
1278 5013 1379 5060 erenrpe:
1400 4996 1544 5045 cancellata
1564 4998 1615 5046 luit
1634 4998 1666 5046 tle
1685 5000 1811 5049 urendam
1826 5000 1860 5047 do

510 5084 573 5131 mini
588 5081 798 5130 vicecancellarii.
