4409 6017
504 687 567 752 352
1039 683 1209 766 cinqutne
1227 680 1332 749 aunbe

547 834 659 916 877.
1513 865 1615 928 1520,
1631 865 1680 909 12
1694 838 1822 909 octobre.

548 951 651 1018 Petro
665 952 774 1017 Alexii
790 950 833 1016 de
852 950 945 1017 L'rbe
961 950 1132 1017 confertur
1144 950 1362 1016 canonicatus
1383 949 1525 1015 ecclesie
1535 948 1570 1015 S.
1580 947 1747 1014 Rmuoldi
1756 945 1850 1012 Maeli

503 1055 639 1136 niensis
656 1055 911 1121 Cameracensis
926 1055 1082 1135 diocesis,
1097 1056 1159 1120 sub
1174 1054 1412 1139 expectatione
1426 1052 1611 1139 prebende.

448 1214 450 1218 .
546 1160 620 1225 Tue
634 1160 854 1246 probitatis...

547 1264 626 1330 Dat.
642 1264 743 1328 Asin.
759 1287 779 1348 4
796 1263 840 1329 id.
857 1264 1006 1329 octobris
1021 1282 1112 1329 anno
1130 1283 1158 1346 5.

548 1367 588 1433 In
603 1390 633 1434 e.
645 1389 691 1432 m.
702 1369 863 1454 magistro
873 1367 1084 1454 Neapoleoni
1097 1366 1140 1432 de
1153 1366 1228 1431 liliis
1240 1364 1331 1444 L'rsi,
1340 1364 1581 1431 archidiacono
1591 1366 1636 1432 de
1648 1363 1848 1451 Campiniain

503 1473 644 1540 ecclesia
663 1471 852 1552 Leodiensi,
871 1493 959 1559 pape
981 1472 1125 1552 notario,
1143 1481 1179 1536 et
1198 1472 1234 1535 S.
1251 1470 1346 1535 Pauli
1364 1470 1408 1536 de
1427 1468 1522 1536 L’rbe
1543 1490 1585 1535 ac
1607 1471 1646 1536 S.
1669 1468 1760 1535 Petri
1778 1467 1849 1533 Gau·
1894 1500 1898 1562 3

502 1578 624 1656 densis,
646 1576 871 1642 lomacensis
890 1576 1044 1656 diocesis,
1066 1574 1346 1641 monasteriorum
1368 1573 1555 1640 abbatibus.

536 1709 599 1768 lteg.
613 1709 661 1755 Av.
674 1709 711 1758 14.
723 1707 742 1755 i.
754 1709 803 1755 65:
819 1706 876 1754 t'at.
889 1708 927 1756 71.
941 1707 960 1754 i.
972 1708 1012 1764 91),
1025 1720 1049 1753 u.
1062 1708 1101 1753 nt.

547 1861 661 1943 878.
1516 1894 1615 1958 13²⁰,
1631 1895 1676 1940 12
1690 1874 1819 1941 octobre.

546 1978 693 2057 Johanni
718 1979 761 2045 de
782 1977 948 2043 Gandavo
973 1977 1066 2044 dicto
1088 1979 1132 2044 de
1158 1977 1266 2059 Mota,
1290 1979 1453 2062 magistro
1484 1979 1518 2043 in
1541 1978 1682 2060 artibus,
1702 1978 1852 2045 conternu

503 2085 721 2151 canonicatus
736 2083 878 2148 ecclesie
893 2082 925 2147 S.
943 2082 1036 2147 Pauli
1052 2082 1251 2150 Leodiensis
1266 2086 1327 2148 sub
1342 2082 1580 2169 expectatione
1594 2082 1781 2169 prebende.

547 2186 619 2252 Tue
635 2187 852 2273 probitatis...

547 2291 627 2356 Dat.
642 2290 744 2356 Asin.
759 2314 779 2375 4
796 2290 840 2356 id.
855 2289 1004 2356 octobris
1018 2311 1110 2357 anno
1131 2311 1161 2376 5.

547 2393 585 2460 In
602 2416 632 2461 e.
648 2416 693 2460 m.
709 2394 819 2460 abbati
832 2395 1024 2461 monasterii
1040 2395 1073 2460 S.
1090 2395 1180 2460 Petri
1197 2393 1389 2461 Gaudensis
1404 2414 1443 2461 ac
1457 2394 1632 2481 preposito
1648 2391 1854 2460 Massiliensis

502 2519 542 2564 ac
558 2498 688 2564 decano
704 2498 735 2564 S.
753 2496 891 2564 Martini
907 2497 1104 2565 leodiensis
1120 2499 1347 2566 ecclesiarum.
1397 2521 1400 2526 ·

536 2628 597 2690 ch.
610 2631 657 2677 Ar.
672 2631 709 2686 17,
721 2629 739 2677 i.
749 2631 815 2684 3ittv„
829 2643 854 2676 n.
869 2630 930 2678 16³8
944 2645 949 2686 ;
962 2627 1021 2678 Vnt.
1035 2632 1073 2686 ta,
1084 2630 1104 2678 l.
1116 2631 1172 2690 529,
1184 2631 1292 2678 n.1557.

548 2797 662 2881 879.
893 2875 900 2885 ,
1515 2829 1673 2893 1320,25
1687 2809 1823 2875 octobre.

547 2915 720 2981 Bemardo
735 2915 777 2981 de
794 2913 1064 2995 Monteralrano,
1089 2935 1176 3000 pape
1200 2915 1385 3001 capellano,
1404 2913 1623 2980 conferuntur
1648 2912 1858 2979 canonicatus

502 3027 536 3085 et
552 3018 721 3105 prebenda
736 3019 840 3083 libera
855 3019 998 3084 ecclesie
1011 3017 1290 3083 Cathalaunensis
1304 3027 1464 3084 vacantes
1479 3037 1539 3103 per
1560 3016 1825 3102 resignationem
1842 3035 1858 3080 a

502 3122 698 3205 Bertrando‚
714 3123 745 3187 S.
763 3121 871 3187 Mane
898 3122 930 3187 in
957 3123 1084 3206 Aquiro
1104 3121 1249 3187 diacono
1275 3121 1443 3200 cardinali,
1466 3120 1602 3200 factam,
1619 3141 1689 3185 non
1709 3122 1857 3186 obstante

502 3227 591 3311 quod
606 3227 915 3292 archidiaconatum
932 3225 1096 3290 Sicalonie
1122 3226 1155 3289 in
1182 3224 1393 3306 Bituricensi,
1413 3234 1448 3289 et
1473 3224 1712 3289 canonicatum
1736 3245 1778 3290 ac
1793 3243 1856 3310 pre·

500 3330 646 3394 bendum
663 3330 694 3393 in
713 3329 891 3394 Leodiensi
909 3329 1058 3394 ecclesiis
1076 3328 1135 3411 (de
1158 3349 1299 3412 quorum
1315 3327 1500 3394 redditibus
1517 3333 1558 3393 60
1574 3328 1632 3393 lib.
1653 3349 1749 3414 parv.
1759 3337 1821 3394 tur.
1829 3326 1856 3390 in
1896 3303 1898 3396 !

501 3433 650 3498 absentia
666 3454 735 3498 non
750 3434 893 3519 percipit
909 3432 1111 3516 annuatim),
1128 3454 1261 3497 necnon
1277 3433 1495 3497 medietatem
1511 3431 1642 3497 decime
1657 3432 1702 3497 de
1715 3430 1855 3504 Mototo,

501 3535 713 3603 Lectorensis
729 3537 881 3617 diocesis,
899 3536 1030 3602 obtinet
1056 3545 1092 3602 et
1117 3537 1150 3600 in
1179 3537 1298 3602 eadem
1326 3535 1523 3602 Bituricensi
1544 3556 1585 3600 ac
1609 3535 1643 3600 in
1667 3533 1854 3602 Lectorensi

500 3642 650 3706 ecclesiis
674 3642 705 3705 in
723 3642 924 3706 canonicum
940 3643 1001 3705 sub
1018 3640 1255 3726 expectatione
1271 3640 1515 3725 prebendarum
1530 3647 1581 3704 est
1596 3647 1764 3725 receptus.

547 3745 635 3808 llum
652 3744 847 3829 specialis...

547 3847 623 3913 ilat.
640 3848 741 3911 Avin.
759 3850 777 3911 8
794 3847 861 3913 kal.
879 3848 1072 3912 novembris
1087 3867 1178 3912 anno
1195 3866 1224 3930 5.

545 3949 585 4014 ln
612 3972 641 4014 e.
668 3971 712 4015 m.
743 3950 980 4017 archidiacono
1002 3950 1223 4015 Norionrensi
1245 3958 1280 4014 et
1301 3948 1436 4014 sacriste
1464 3947 1679 4014 Lectorensis
1703 3967 1743 4014 ac
1765 3946 1853 4012 Petro

502 4053 544 4118 de
560 4053 745 4136 'l'hofalhis,
769 4054 934 4120 canonico
949 4054 1162 4139 Agennensis
1177 4053 1406 4119 ecclesiarum.

536 4181 651 4241 licendis
666 4185 702 4243 ll,
714 4184 732 4231 f.
745 4187 776 4230 26
789 4199 795 4231 :
809 4183 866 4230 Vat.
881 4186 918 4232 il.
930 4185 947 4232 i.
960 4187 999 4242 96,
1012 4199 1036 4231 n.
1049 4187 1088 4231 79.

545 4341 665 4423 880.
1512 4376 1608 4438 1320,
1624 4359 1667 4421 26
1683 4356 1812 4421 octobre.

544 4459 563 4535 J
567 4459 689 4524 ohanni
706 4459 747 4525 de
764 4459 951 4524 Sconowen
969 4460 1137 4526 confertur
1152 4461 1371 4526 canonicatus
1386 4460 1527 4527 ecclesie
1543 4459 1582 4525 B.
1605 4458 1713 4525 Marie
1728 4461 1844 4542 Aquen-

501 4562 555 4642 sis,
572 4562 766 4627 Leodiensis
781 4563 935 4646 diocesis
952 4567 1012 4630 sub
1029 4566 1266 4651 expectatione
1282 4562 1462 4650 prebende.

546 4665 726 4731 Laudabile
742 4667 1015 4733 testimonium...

546 4769 624 4834 Dat.
640 4769 740 4835 Avin.
760 4788 776 4853 7
794 4768 860 4835 kal.
877 4771 1069 4838 novembris
1084 4791 1175 4837 anno
1193 4792 1221 4857 5.

546 4871 585 4936 ln
611 4895 640 4938 e.
661 4894 705 4937 m.
728 4873 758 4937 S.
781 4873 921 4938 Dionisii
945 4875 1139 4941 Leodiensis
1160 4884 1195 4941 et
1218 4874 1256 4941 B.
1282 4873 1390 4940 Marie
1408 4874 1643 4959 Trajectensis,
1668 4862 1836 4938 Leodicnffl's

502 4976 653 5056 diocesis,
669 4976 806 5041 decanis
822 4998 861 5042 ac
877 4980 1055 5045 scolastico
1079 4978 1359 5064 petragoricensis
1375 4979 1602 5045 ecclesiarum.
1891 4985 1898 5256 ¹

536 5117 595 5176 lleg.
609 5120 655 5165 riv.
670 5118 814 5172 lt‚t,1nt;
834 5117 891 5164 Vnt.
905 5120 942 5177 tl,
958 5120 976 5167 l.
990 5122 1055 5178 totu,
1067 5134 1092 5169 n.
1111 5121 1163 5167 108.
