4409 6017
419 731 483 796 250
962 727 1119 793 rroisime
1140 728 1242 793 annfe.

421 888 655 966 procuratores
670 899 727 944 seu
743 877 880 944 nuntios
902 877 1035 943 salutari
1062 877 1321 944 commonitorio
1344 901 1524 949 monemus
1547 883 1725 953 efficaciter
1742 896 1766 952 et

421 985 594 1049 hortamur
610 990 785 1067 quatenus,
801 982 915 1067 quieta
930 980 1151 1047 meditatione
1166 990 1311 1068 pensato
1326 992 1410 1067 quot
1425 985 1616 1054 animarum
1632 990 1767 1075 pericula,

422 1094 505 1171 quot
521 1094 648 1171 strages
658 1106 836 1172 corporum
847 1093 973 1172 quotve
989 1085 1164 1172 dispendia
1184 1084 1380 1152 facultatum
1391 1087 1560 1156 induxerit
1571 1093 1767 1178 usquemodo

424 1190 638 1256 Flandrensis
653 1210 770 1274 guerre
787 1189 983 1269 commotio,
994 1209 1162 1273 quamque
1178 1189 1363 1275 dampnosa
1372 1192 1533 1279 prepedia
1543 1192 1712 1282 ingesserit
1721 1197 1767 1283 piis

424 1294 487 1359 Dei
504 1294 647 1379 negotiis
662 1302 697 1359 et
712 1293 903 1379 specialiter
912 1292 1014 1357 Terre
1030 1292 1153 1358 Sancte
1165 1294 1344 1375 succursui,
1357 1296 1477 1380 quibus
1486 1299 1646 1365 omnibus
1656 1321 1766 1368 causam

423 1401 564 1484 prebent
580 1398 771 1483 quicunque
787 1400 828 1463 ab
845 1396 1034 1482 hujusmodi
1051 1396 1231 1462 concordie
1246 1398 1447 1465 solidatione
1463 1401 1647 1484 declinant,
1662 1425 1719 1471 nec
1735 1407 1765 1469 ab

423 1501 546 1566 intuitu
571 1522 630 1567 sue
655 1500 932 1567 considerationis
956 1501 1093 1566 excluso
1118 1508 1201 1584 quot
1217 1503 1306 1566 bona
1321 1523 1362 1567 ex
1389 1501 1491 1588 ipsius
1511 1505 1606 1591 pacis
1631 1507 1765 1573 finnitate

422 1613 634 1690 consurgent,
650 1615 685 1671 et
695 1625 795 1689 quam
811 1611 970 1690 prompta
985 1611 1144 1687 sequetur
1152 1612 1187 1669 et
1202 1613 1296 1689 grata
1306 1606 1518 1691 negotiorum
1531 1608 1597 1674 Dei
1608 1611 1764 1696 promotio,

422 1716 456 1774 et
472 1709 659 1795 specialiter
674 1709 815 1795 predicti
832 1728 1006 1774 succursus
1022 1707 1065 1772 ad
1082 1728 1182 1792 quem
1199 1709 1409 1794 singulariter
1424 1721 1506 1778 vota
1530 1721 1647 1780 nostra
1668 1714 1764 1781 direxi-

421 1833 505 1890 mus
521 1813 644 1898 treugis
659 1812 884 1899 pendentibus
900 1811 1106 1892 memoratis,
1123 1820 1158 1877 et
1184 1812 1331 1878 maxime
1353 1814 1385 1878 in
1402 1822 1550 1881 tractatu
1576 1817 1631 1883 die
1653 1829 1686 1883 et
1704 1819 1764 1883 loco

421 1916 578 2001 predictis
593 1916 760 1997 lrabeudo,
785 1916 832 1982 sic
848 1936 909 2001 pro
924 1924 1018 2001 parte
1043 1915 1190 2001 ipsorum
1214 1917 1357 1997 comitis,
1373 1918 1598 2002 scabinorum,
1614 1922 1764 2006 burgema-

422 2020 598 2105 gistrorum
614 2041 654 2086 ac
670 2020 918 2085 comunitatum
935 2039 992 2084 seu
1009 2018 1265 2105 universitatum
1282 2041 1318 2085 se
1330 2020 1513 2088 habilitent
1529 2024 1573 2090 ad
1582 2045 1763 2111 paoemcum

423 2144 501 2208 rege
515 2123 668 2209 predicto
685 2122 893 2202 firmandam,
910 2121 1000 2206 quod
1017 2122 1086 2208 ipse
1102 2143 1227 2203 comes,
1243 2123 1380 2204 scabini,
1393 2127 1658 2212 burgemagistri,
1672 2148 1763 2195 comu-

424 2226 549 2292 nitates
578 2236 614 2292 et
645 2226 889 2306 universitates,
917 2225 1012 2310 juxta
1043 2225 1154 2290 eximii
1185 2226 1425 2311 prophetarum
1458 2230 1639 2314 eloquium,
1668 2251 1764 2318 pacem

423 2330 600 2395 videantur
609 2330 777 2396 ferventer
787 2328 950 2415 inquirere
967 2350 1109 2412 eamque
1124 2330 1277 2415 persequi
1288 2338 1364 2396 toto
1380 2331 1565 2414 corde,nec
1575 2333 1764 2400 inveniantur

423 2433 587 2520 patientia
601 2434 714 2499 divine
729 2433 993 2518 longanimitatis
1008 2432 1099 2497 abuti
1117 2453 1181 2517 que
1209 2432 1299 2519 ipsos
1325 2434 1368 2500 ad
1392 2436 1617 2521 penitentiam
1631 2438 1674 2505 de
1694 2457 1765 2503 corn·

424 2539 531 2605 missis
546 2540 647 2605 debet
662 2539 836 2621 adducere,
853 2560 895 2604 ne
922 2538 1005 2603 iram
1021 2538 1053 2602 in
1079 2538 1133 2603 die
1156 2538 1202 2603 ire
1227 2538 1299 2621 sibi,
1315 2540 1341 2605 si
1367 2541 1463 2607 aliter
1488 2542 1641 2626 fecerint,
1655 2543 1765 2610 thesau-

424 2644 540 2723 rizent,
551 2664 627 2709 cum
643 2642 826 2708 verendum
843 2642 886 2707 sit
900 2643 1025 2728 pariter
1039 2650 1073 2707 et
1089 2642 1291 2708 horrendum
1309 2664 1352 2708 ne
1368 2643 1476 2731 ipsum
1489 2645 1603 2711 Deum
1617 2646 1767 2731 hucusque

425 2747 663 2832 longanimem,
679 2746 731 2812 cui
749 2746 991 2832 impedimenta
1015 2766 1188 2811 succursus
1211 2746 1352 2833 predicti
1380 2769 1448 2814 non
1473 2749 1594 2815 leviter
1615 2750 1768 2837 displicere

425 2850 614 2932 creduntur,
631 2853 774 2916 ultorem
790 2849 998 2928 acerrimum,
1015 2870 1091 2915 cum
1109 2849 1142 2914 in
1158 2850 1250 2915 brevi
1273 2850 1319 2916 ira
1334 2852 1404 2937 eJus
1420 2842 1593 2936 exarserit,
1602 2855 1691 2940 juste
1709 2874 1768 2940 pro

427 2957 520 3019 beut.
537 2954 602 3019 Sed
619 2954 696 3039 quia
711 2954 824 3020 dilecti
838 2954 894 3018 filii
910 2953 1041 3020 nobiles
1055 2952 1115 3017 viri
1133 2952 1333 3034 Lndovicus,
1345 2976 1460 3021 comes
1476 2955 1706 3038 Nivemensis,
1719 2956 1769 3044 pri·

427 3058 627 3143 mogenitus,
644 3066 679 3123 et
696 3057 874 3138 Robertus,
895 3057 995 3122 frater
1021 3058 1101 3142 ejus,
1130 3057 1216 3123 filius
1241 3058 1374 3124 comitis
1401 3059 1575 3141 antedicti,
1590 3063 1645 3126 vel
1672 3080 1768 3127 eorum

426 3164 519 3240 alter,
531 3163 609 3247 ipsis
624 3162 677 3228 die
694 3171 727 3227 et
743 3165 819 3229 loco
835 3169 1007 3248 presentes
1017 3183 1089 3227 esse
1100 3161 1236 3227 forsitan
1246 3171 1416 3248 poterunt,
1432 3162 1479 3229 eis
1491 3185 1550 3250 per
1562 3165 1720 3251 speciales
1730 3164 1769 3227 lit·

427 3273 516 3330 teras
528 3267 573 3349 (1)
587 3266 763 3332 suademus
776 3275 811 3331 ut
824 3265 946 3331 nedum
963 3265 1004 3331 ad
1017 3265 1187 3351 premissa,
1199 3274 1297 3351 prout
1310 3266 1351 3331 ad
1364 3287 1422 3332 eos
1437 3268 1596 3353 pertinet,
1607 3291 1643 3335 se
1655 3288 1770 3356 promp

427 3378 481 3434 tos
496 3378 530 3433 et
548 3370 660 3436 faciles
675 3373 847 3456 prebeant,
865 3369 1060 3453 quinetiam
1078 3369 1265 3455 predictum
1281 3370 1466 3455 genitorem
1484 3392 1611 3455 eorum,
1622 3394 1662 3440 ac
1673 3376 1737 3460 ejus
1746 3379 1771 3435 et

427 3474 670 3539 cornunitatunr
687 3483 722 3539 et
738 3473 995 3539 universitatum
1011 3473 1236 3559 predictarum
1252 3483 1483 3559 procuratores
1494 3483 1530 3541 et
1545 3478 1683 3544 nuntios
1696 3475 1772 3544 adea

428 3576 597 3662 implenda
616 3578 758 3643 fideliter
773 3589 806 3643 et
823 3580 963 3644 solerter
978 3577 1148 3643 inducant.
1173 3578 1259 3662 Quia
1276 3578 1373 3664 igitur
1388 3579 1431 3644 ad
1446 3580 1539 3665 pacis
1555 3582 1770 3648 solidationem

427 3682 576 3767 ejusdem
602 3683 741 3749 intensis
763 3684 935 3749 desideriis
959 3683 1153 3769 aspiramus,
1170 3692 1205 3748 et
1231 3692 1409 3769 propterea
1435 3684 1477 3750 ad
1500 3685 1656 3771 predicta
1670 3695 1703 3751 et
1722 3683 1770 3749 alia

428 3786 514 3851 circa
530 3786 593 3850 hec
609 3796 775 3871 oportuna
791 3787 947 3873 predictis
963 3786 1233 3872 procuratoribus
1248 3807 1306 3852 seu
1322 3786 1448 3852 nuntiis
1463 3788 1672 3874 explicanda,
1683 3809 1738 3854 vos
1747 3794 1769 3849 et

428 3897 574 3953 vestrum
601 3891 784 3974 quemlibet
810 3892 852 3956 de
879 3911 1019 3976 quorum
1047 3889 1218 3970 fidelitate,
1244 3889 1404 3956 industria
1430 3898 1465 3956 et
1488 3891 1767 3980 circumspectione

429 3994 563 4077 plenam
592 3997 634 4058 ab
659 4004 798 4079 experto
835 3995 988 4060 fiduciam
1016 3994 1170 4079 gerimus,
1201 3993 1370 4059 ministros
1397 3994 1550 4079 ydoneos
1580 3996 1624 4061 de
1654 3997 1767 4063 namn

429 4106 618 4163 nostrorum
643 4099 783 4164 consilio
799 4099 952 4165 duximus
968 4098 1150 4183 eligendos,
1178 4098 1369 4163 discretioni
1396 4107 1507 4164 vestre
1522 4119 1582 4185 per
1605 4097 1768 4187 apostoliea

428 4202 550 4287 scripta
566 4203 762 4268 mandamus
778 4212 951 4287 quatenus,
964 4203 1145 4289 prudenter
1161 4211 1294 4269 attento
1306 4203 1397 4287 quod
1412 4202 1586 4288 negotium
1601 4198 1766 4289 hujusmodi

428 4307 571 4370 multum
589 4306 735 4371 insidens
751 4306 840 4372 cordi
858 4316 974 4372 nostro
990 4307 1085 4371 vobis
1112 4307 1353 4372 committimus
1378 4305 1598 4387 confidenter,
1614 4306 1658 4372 ad
1678 4311 1765 4392 partes

429 4410 501 4474 illas
516 4432 576 4476 vos
591 4411 809 4496 personaliter
825 4411 1004 4476 conferatis
1030 4413 1155 4495 absque
1182 4431 1275 4475 more
1302 4410 1488 4496 dispeudm,
1505 4410 1554 4476 sic
1570 4410 1662 4495 quod
1675 4409 1723 4475 die
1741 4411 1763 4467 el

429 4515 505 4579 loco
529 4515 686 4599 predictis
711 4536 786 4580 cum
813 4515 937 4579 eisdem
969 4516 1239 4600 procuratoribus
1263 4536 1321 4579 seu
1346 4514 1482 4595 nuntiis,
1514 4514 1601 4581 duce
1630 4511 1762 4581 Domino.

429 4617 645 4682 infallibiliter
660 4621 875 4699 concurratis
892 4620 1112 4704 presentaturi
1130 4628 1197 4684 tarn
1216 4618 1294 4704 ipsis
1321 4639 1419 4702 quam
1446 4619 1561 4683 comiti
1586 4606 1762 4685 Nivemensi
1792 4687 1794 4712 ÷

428 4731 461 4785 et
480 4721 628 4785 Roberto
650 4723 818 4808 predictis,
835 4724 860 4788 si
882 4732 1054 4810 presentes
1080 4723 1157 4788 inibi
1184 4722 1316 4803 suerint,
1332 4731 1389 4787 aut
1415 4723 1461 4786 illi
1486 4744 1528 4787 ex
1554 4723 1601 4787 eis
1627 4722 1680 4807 qui
1701 4727 1762 4783 tunc
1792 4729 1794 4736 '

428 4824 552 4890 ibidem
583 4825 741 4903 intererit,
767 4828 893 4893 litteras
924 4828 1126 4914 apostolicas
1156 4828 1215 4892 sibi
1248 4850 1287 4891 ex
1313 4837 1408 4912 parte
1435 4834 1549 4891 nostra
1571 4826 1716 4899 directas,
1734 4833 1763 4882 20

429 4938 578 4995 nostrum
596 4930 637 4996 ad
654 4932 743 5017 pacis·
763 4933 966 4997 soliditatem
991 4932 1160 5011 affectum,
1177 4940 1211 4996 et
1239 4931 1397 5017 premissa
1414 4930 1527 4996 omnia
1542 4939 1577 4996 et
1601 4930 1720 5015 singula
1737 4926 1764 4981 et

463 5180 482 5223 l.
496 5175 559 5236 l'oy.
573 5190 598 5221 rr.
611 5175 657 5220 ulo
669 5179 693 5221 ct
708 5174 771 5218 suiv.
