4409 6017
892 727 1059 804 Quatrierne
1079 730 1181 795 annee.
1660 735 1715 799 313

351 889 428 948 tum
445 880 520 967 quis
536 878 721 964 neglexerit
736 881 922 960 observare,
949 880 1154 967 vigilandum
1170 890 1221 947 est
1237 880 1352 967 utique
1367 891 1402 948 et
1417 903 1629 969 summopere
1643 905 1716 971 pre-

355 986 550 1054 cavendum
575 1005 618 1050 ne
634 984 727 1071 pacis
750 984 857 1050 hostis
880 993 914 1050 et
937 985 1148 1053 dissidiorum
1173 986 1309 1067 amicus,
1333 988 1385 1054 cui
1411 987 1573 1073 premissa
1596 990 1717 1057 infesta

353 1100 435 1159 sunt
450 1090 567 1176 utique
582 1110 623 1156 ac
637 1091 791 1170 molesta,
808 1090 957 1175 nequitie
972 1112 1031 1157 sue
1046 1091 1136 1158 vims
1150 1091 1256 1178 possit
1279 1091 1464 1159 diffundere
1480 1113 1539 1178 per
1561 1117 1626 1180 que
1640 1117 1716 1182 pos-

354 1196 400 1263 sit
415 1216 536 1283 pacem
552 1194 659 1282 ipsam
674 1194 810 1262 inficere
825 1214 883 1260 seu
899 1194 930 1260 ei
946 1194 979 1260 in
1003 1194 1116 1281 aliquo
1131 1195 1291 1280 derogare
1306 1219 1314 1277 ;
1331 1205 1369 1262 tu
1384 1216 1473 1280 ergo,
1486 1197 1541 1278 fili,
1552 1200 1640 1267 circa
1651 1200 1716 1267 hoc

354 1297 460 1384 vigila
475 1306 510 1364 et
524 1298 607 1365 totis
621 1298 758 1380 nisibus,
774 1298 860 1383 sicut
874 1301 983 1366 bonus
998 1299 1094 1366 miles
1111 1298 1232 1367 Christi
1248 1301 1362 1384 Jhesu,
1378 1307 1473 1366 tuum
1484 1300 1627 1389 implens
1637 1326 1717 1372 con-

353 1411 409 1470 tra
431 1403 501 1489 ejus
523 1404 662 1471 iusidias
689 1403 919 1485 ministerium,
942 1407 1085 1482 elabora,
1120 1404 1249 1472 instans
1271 1412 1436 1492 oportune
1462 1405 1654 1494 importune
1680 1417 1717 1476 ut

355 1516 470 1596 partes
485 1510 556 1597 ipse
572 1509 726 1577 obfutura
750 1530 881 1596 queque
906 1510 980 1596 paci
996 1510 1147 1596 predicte
1164 1519 1323 1596 respuant
1338 1519 1373 1577 et
1387 1511 1559 1597 profutura
1580 1534 1718 1598 querere

355 1636 397 1682 ac
422 1615 560 1681 inventa
586 1623 743 1704 prompte
769 1615 948 1682 admittere
974 1636 1042 1680 non
1067 1616 1260 1692 obmittant,
1289 1616 1332 1684 ad
1355 1638 1420 1702 que
1445 1617 1597 1704 profecto
1626 1642 1717 1686 com-

355 1719 481 1808 plenda
507 1718 695 1798 solicitudo,
713 1719 815 1786 dante
836 1719 997 1800 Domiu0,
1016 1720 1122 1786 aderit
1140 1720 1336 1807 apostolica,
1361 1720 1387 1787 si
1413 1728 1448 1786 et
1472 1722 1628 1806 quotiens
1647 1724 1718 1789 visa

356 1824 457 1891 fuerit
472 1832 647 1910 oportuna.
665 1824 709 1891 Et
725 1845 805 1891 ecce
821 1825 936 1892 comiti
949 1834 984 1890 et
996 1833 1139 1909 quatuor
1150 1824 1411 1892 eomunitatibus
1422 1825 1578 1892 Flandrie
1588 1837 1718 1894 nostras

356 1927 593 1995 excitatorias*
609 1927 737 1995 litteras
756 1928 803 2002 (¹)
820 1928 863 1995 ad
889 1929 1171 2014 perseverandum
1186 1928 1197 1963 ⁶
1215 1929 1248 1995 in
1271 1950 1354 2016 pace
1374 1930 1525 2016 predicta
1547 1930 1718 2015 ipsamque

355 2030 522 2096 tenaciter
534 2031 789 2110 observandam,
805 2032 866 2098 tibi
882 2032 1087 2098 exhibendas
1111 2040 1146 2098 et
1167 2053 1227 2118 per
1249 2040 1285 2099 te
1308 2032 1490 2099 mittendas
1506 2033 1585 2119 ipsis
1600 2034 1719 2118 quibus

356 2135 432 2202 illas
446 2134 626 2220 dirigimus,
641 2156 701 2221 per
715 2137 857 2202 latorem
874 2136 1078 2222 presentium
1095 2136 1312 2219 destinamus,
1328 2137 1468 2203 sciturus
1484 2137 1573 2221 quod
1590 2138 1623 2202 in
1640 2159 1719 2204 con-

356 2237 505 2304 fectione
520 2237 725 2324 presentium
740 2261 871 2306 eramus
894 2240 1079 2306 incolumes
1094 2262 1156 2307 nos
1173 2247 1207 2306 et
1222 2241 1348 2318 iratres,
1365 2242 1459 2307 salvo
1474 2239 1563 2325 quod
1580 2240 1612 2306 in
1633 2262 1719 2307 cras-

355 2340 672 2408 tinumNativitatis
683 2343 830 2408 Domine
841 2343 1062 2429 Nostre,p0st
1072 2344 1546 2426 longaminfirmitatembone
1558 2345 1720 2410 memorie

356 2443 569 2525 GuillelmuS,
593 2446 706 2512 Sancti
730 2446 764 2512 N
768 2446 889 2514 icholai
906 2447 938 2512 in
956 2446 1097 2514 Carcere
1116 2448 1273 2515 Tulliano
1288 2448 1457 2533 quondam
1473 2447 1635 2515 diaconus
1650 2468 1718 2514 car·

356 2547 492 2628 dinalis,
508 2557 707 2628 extremum,
718 2551 804 2617 sicut
814 2550 963 2617 Domino
975 2551 1112 2638 placuit,
1123 2551 1213 2617 diem
1226 2552 1345 2618 clausit
1356 2552 1413 2636 (²),
1429 2551 1484 2636 qui
1496 2551 1528 2616 in
1540 2551 1719 2617 crastinum

357 2652 422 2718 suit
438 2652 579 2719 traditus
594 2654 819 2749 ecclesiastice
836 2658 1015 2742 sepulture.
1028 2657 1106 2723 Dat.
1122 2656 1221 2722 Avin.
1240 2678 1257 2741 3
1275 2655 1318 2723 id.
1334 2655 1532 2743 septembris
1547 2675 1637 2722 anno
1653 2676 1682 2740 4.
1701 2674 1718 2716 r>

394 2793 455 2855 hag.
466 2794 526 2845 Vat.
542 2796 594 2853 110,
608 2810 667 2858 pars
679 2795 698 2854 1,
712 2795 730 2845 i.
740 2796 793 2856 64¹,
807 2810 833 2848 n.
848 2797 904 2847 211.
915 2823 948 2832 -
960 2796 1065 2855 Ooulon,
1075 2810 1101 2845 u.
1114 2796 1161 2844 934
1173 2795 1280 2857 (texte).

403 2975 512 3058 761.
1320 3008 1412 3073 1319,
1430 3008 1471 3054 rr
1487 2980 1674 3066 settembre.

403 3092 565 3174 Roberto,
581 3092 695 3160 comiti
714 3092 879 3176 Flandrie,
896 3093 1049 3162 scribitur
1065 3100 1102 3161 ut
1125 3114 1244 3181 pacem
1268 3113 1345 3161 cum
1370 3113 1447 3179 rege
1476 3090 1616 3160 Francie
1639 3112 1719 3160 con·

355 3206 481 3265 servet.

405 3404 423 3444 a
441 3379 577 3447 Dilecto
593 3379 662 3445 filio
678 3379 781 3446 nobili
798 3378 870 3446 viro
887 3378 1047 3459 Robert0,
1070 3378 1185 3446 comiti
1215 3378 1380 3445 Flandrie.
1409 3377 1582 3445 Erultavit
1606 3386 1721 3444 noster

356 3486 392 3550 in
409 3484 486 3551 Deo
511 3484 645 3551 salutari
668 3494 785 3551 nostro
809 3504 868 3571 pre
892 3483 1013 3569 gaudio
1037 3483 1182 3570 spiritus,
1197 3482 1312 3551 dilecti
1341 3483 1398 3548 filii
1420 3482 1606 3560 Gaucelmi,
1631 3482 1719 3549 tituli

357 3591 559 3655 Sanctorum
576 3588 763 3655 Marcellini
780 3597 814 3654 et
831 3588 920 3654 Petri
937 3587 1109 3674 presbiteri
1127 3588 1314 3668 cardinalis,
1327 3588 1511 3672 apostolice
1527 3587 1621 3653 Sedis
1636 3609 1720 3653 nun-

357 3692 408 3772 tii,
424 3702 518 3774 grata
532 3694 629 3759 nobis
644 3693 827 3760 admodum
843 3692 1065 3758 insinuatione
1081 3701 1243 3778 percepto
1266 3691 1356 3777 quod
1382 3700 1429 3772 tu,
1450 3693 1543 3757 velut
1567 3691 1722 3778 princeps

357 3796 546 3863 catholicus
562 3806 595 3862 et
611 3797 755 3863 devotus
770 3805 887 3863 sancte
903 3797 1019 3862 matris
1036 3796 1188 3862 Ecclesie
1205 3795 1300 3877 filius,
1317 3794 1437 3862 timore
1461 3804 1628 3880 concepto
1652 3797 1721 3861 lau-

357 3900 514 3966 dabiliter
529 3900 644 3986 spiritu
660 3923 703 3966 ne
719 3922 778 3986 per
800 3910 931 3967 nostras
947 3900 1132 3966 sententias
1153 3921 1173 3964 a
1196 3907 1481 3965 sacramentorum
1505 3900 1721 3985 perceptione

357 4016 393 4070 et
409 4005 611 4072 comunione
629 4005 775 4071 fidelium
791 4014 826 4070 te
842 4005 1052 4088 contingeret
1069 4003 1223 4090 separari,
1239 4024 1359 4089 pacem
1380 4003 1504 4069 dudum
1522 4003 1608 4068 inter
1624 4002 1721 4069 caris-

358 4110 480 4174 simum
499 4108 602 4173 filium
618 4116 768 4174 nostrum
786 4108 988 4194 Philippum,
1005 4129 1117 4191 regern
1134 4106 1274 4173 Francie
1290 4115 1324 4171 et
1341 4105 1501 4184 Navarre‚
1516 4115 1597 4172 tunc
1620 4128 1721 4191 regna

358 4212 510 4299 predicta
525 4220 707 4296 regentem,
724 4220 758 4277 et
774 4220 808 4277 te
825 4234 865 4278 ac
880 4221 958 4277 tuos
974 4213 1124 4278 subditos
1148 4211 1275 4291 initam,
1296 4210 1419 4276 nostris
1443 4209 1580 4276 monitis
1606 4211 1721 4293 utique

358 4315 558 4382 salutaribus
587 4317 812 4400 acquiescens,
829 4320 995 4394 roborare,
1012 4317 1110 4383 certis
1127 4316 1205 4381 hinc
1221 4315 1298 4380 inde
1314 4315 1401 4381 datis
1416 4323 1450 4380 et
1466 4314 1609 4401 receptis
1630 4336 1721 4380 secu-

359 4419 525 4498 ritatibus
552 4419 716 4501 studuisti,
732 4442 793 4506 pro
818 4442 885 4505 quo
911 4421 1130 4488 devotionem
1154 4427 1247 4484 tuam
1270 4417 1500 4504 multipliciter
1520 4418 1552 4482 in
1574 4416 1722 4484 Domino

359 4522 649 4604 commendantes
665 4524 710 4590 illi
736 4526 791 4609 qui
816 4525 871 4590 ubi
899 4527 971 4591 vult
996 4524 1097 4610 spirat
1124 4529 1159 4588 et
1183 4522 1225 4588 ad
1249 4543 1314 4606 que
1330 4523 1403 4587 vult
1419 4522 1520 4588 corda
1534 4521 1720 4608 principum

391 4710 416 4742 u.
433 4695 584 4742 exitatorius
597 4709 646 4755 rep.
658 4722 690 4728 -
702 4694 724 4742 b.
742 4695 954 4756 perseverandum
968 4710 1016 4757 rep.

349 4915 354 4932 ι
395 4941 417 4988 l.
432 4938 496 4998 l'oy.
509 4952 536 4988 n.
552 4940 593 4986 761
608 4944 631 4986 et
647 4942 700 4988 762.
711 4969 740 4974 -
750 4943 772 4988 2.
785 4940 858 4988 Cotto
870 4940 961 5002 phrase
973 4942 1071 5001 pcnnct
1082 4938 1114 4986 de
1126 4940 1237 5006 rectilier
1252 4938 1342 4998 Euhel,
1354 4935 1511 4984 Hirrurcdiu
1525 4934 1657 4990 ruztkoliur,
1671 4939 1692 4982 t.
1705 4935 1725 4982 1.

364 5035 386 5082 p.
400 5023 439 5074 11,
458 5021 503 5080 qui
524 5020 608 5067 donne
626 5021 649 5069 le
669 5023 698 5068 13
716 5022 781 5068 arrii
805 5023 874 5081 13111,
896 5036 993 5067 comme
1012 5020 1073 5067 riute
1091 5020 1123 5067 dc
1135 5019 1160 5067 lu
1173 5025 1237 5068 mort
1251 5020 1282 5069 de
1294 5035 1323 5068 cc
1334 5017 1457 5068 cardinal.
1472 5016 1569 5065 (bulon
1582 5017 1699 5078 imprime
1711 5018 1725 5062 a

364 5108 413 5149 tort
426 5122 432 5150 ε
447 5104 473 5148 in
488 5104 629 5149 crastinum
644 5103 707 5149 ,luri
712 5105 799 5148 ritulis
814 5103 914 5149 Dourini
926 5103 1025 5152 hiodri:
1041 5102 1064 5150 lc
1077 5104 1182 5156 reniet-rc·
1194 5103 1279 5150 dunuc
1292 5104 1349 5149 hicn
1364 5118 1369 5149 ε
1383 5102 1390 5146 i
1394 5117 1407 5146 n
1426 5100 1563 5146 ornaturum
1574 5097 1727 5144 atrro-iniria

364 5184 470 5235 Durriae
482 5184 798 5241 110110,010111111101011
811 5185 962 5248 scptcrnhrc,
