4409 6017
953 770 1117 836 Dcuxiemc
1138 770 1240 835 annea.
1724 773 1780 836 197

436 922 507 989 etad
519 944 697 1009 personam
711 932 806 989 tuam
821 922 855 987 in
871 928 1004 986 tantum
1020 921 1091 1005 ejus
1107 920 1310 1005 benignitas
1325 921 1490 986 excitatur
1505 930 1553 1002 ut,
1576 921 1631 1007 pia
1654 942 1784 1007 semper

434 1024 505 1091 adte
518 1047 557 1092 ac
571 1047 711 1111 regnum
727 1026 915 1113 predictum
930 1032 1065 1109 gestans
1090 1023 1229 1106 viscera,
1246 1045 1315 1089 non
1333 1026 1440 1090 solum
1464 1025 1708 1111 presentialiter
1722 1025 1782 1089 tibi

434 1130 541 1195 assistat
557 1131 591 1196 in
607 1130 756 1217 placidis,
773 1129 831 1195 sed
847 1148 943 1214 spem
958 1127 1135 1211 benignius
1149 1128 1215 1192 trib
1228 1136 1286 1192 uat
1313 1128 1356 1193 de
1380 1128 1427 1193 sui
1456 1128 1577 1194 favoris
1596 1127 1783 1194 assistentia

434 1233 457 1297 in
468 1233 586 1300 suturis.
605 1234 722 1321 Nuper
738 1233 902 1318 siquidem
918 1231 1200 1297 convenientibus
1219 1231 1253 1296 in
1270 1239 1384 1297 nostra
1400 1239 1435 1297 et
1443 1233 1580 1296 fratrum
1592 1240 1780 1297 nostrorum

434 1338 577 1421 presentia
600 1338 667 1404 tuis
690 1346 725 1403 et
750 1336 862 1403 dilecti
884 1336 941 1400 filii
970 1335 1122 1416 Roberti,
1138 1336 1282 1417 comitis,
1304 1355 1344 1401 ac
1359 1336 1603 1402 comunitatum
1626 1334 1780 1401 Flandrie

434 1442 689 1523 procuratoribus,
705 1449 855 1507 nostrum
872 1438 1031 1504 audituris
1048 1438 1226 1504 consilium
1242 1460 1340 1524 super
1355 1439 1588 1505 securitatibus
1604 1439 1647 1504 de
1669 1442 1779 1504 obser-

434 1544 546 1609 vatione
561 1546 654 1631 pacis
681 1543 836 1610 Flandrie
858 1543 938 1608 hinc
962 1542 1040 1607 inde
1064 1542 1262 1628 prestandiS,
1288 1563 1365 1608 cum
1381 1543 1520 1630 predicti
1544 1551 1779 1628 procuratores

433 1648 466 1711 tui
480 1648 592 1714 datum
608 1670 628 1714 a
642 1648 740 1715 nobis
755 1668 853 1733 super
876 1645 1069 1730 hujusmodi
1092 1645 1327 1711 securitatibus
1351 1668 1370 1712 a
1393 1647 1579 1712 deliberato
1602 1646 1777 1711 consilium

432 1760 643 1837 acceptassent
659 1759 719 1819 tuo
735 1751 873 1817 nomine
885 1757 1088 1829 reverenter,
1099 1758 1332 1835 procuratores
1344 1750 1476 1816 comitis
1486 1757 1521 1815 et
1533 1750 1777 1815 comunitatum

432 1855 638 1937 predictorum
654 1856 734 1922 illud
749 1854 995 1940 responderunt
1011 1873 1133 1918 senon
1149 1873 1247 1939 posse
1263 1861 1442 1940 acceptum
1459 1854 1593 1935 habere,
1616 1873 1691 1918 cum
1715 1874 1778 1919 nec

431 1956 504 2023 adid
519 1969 645 2045 posset,
662 1967 698 2023 ut
715 1959 883 2037 dicebant,
900 1977 1016 2023 eorum
1032 1956 1169 2021 extendi
1191 1957 1389 2023 mandatum
1407 1980 1415 2037 ;
1440 1966 1577 2044 propter
1602 1956 1692 2041 quod
1716 1957 1777 2041 ipsi

432 2070 643 2143 procuratores
653 2062 701 2127 tui
718 2082 785 2127 non
802 2061 845 2126 ad
861 2061 949 2125 viam
964 2061 1058 2146 pacis
1073 2059 1179 2143 dirigi,
1196 2060 1254 2125 sed
1271 2060 1313 2127 ad
1335 2082 1451 2148 guerre
1474 2082 1514 2127 ac
1539 2061 1778 2126 commotionis

432 2162 537 2228 invium
553 2164 722 2230 declinare
738 2165 839 2230 corda
856 2163 1112 2228 Flandrensium
1128 2173 1371 2247 presumentes,
1394 2186 1456 2251 pro
1478 2173 1574 2251 parte
1598 2172 1657 2229 tua
1681 2164 1777 2228 nobis

431 2264 581 2333 humiliter
596 2268 825 2355 supplicarunt
841 2276 887 2349 ut,
906 2289 981 2333 cum
999 2268 1031 2331 in
1049 2267 1239 2354 hujusmodi
1255 2288 1371 2354 guerre
1387 2269 1632 2355 prosecutione,
1649 2268 1675 2334 si
1692 2268 1777 2333 forte

431 2372 620 2454 procederet,
636 2372 811 2457 grandium
827 2372 966 2436 haberes
983 2370 1156 2457 profluviis
1171 2380 1366 2458 sumptuum
1383 2373 1523 2453 onerari,
1540 2381 1576 2437 et
1599 2373 1776 2458 superbam

431 2470 667 2541 Flandrensium
684 2474 898 2541 altitudinem
914 2475 956 2540 de
973 2477 1073 2559 longe
1089 2495 1292 2561 cognoscere
1313 2485 1347 2541 et
1370 2485 1465 2542 tuam
1489 2476 1714 2541 humilitatem
1737 2497 1776 2541 ac

430 2578 642 2644 obedientiam
658 2588 798 2664 patema
814 2579 978 2665 respicere
994 2578 1219 2643 subventione
1235 2580 1409 2661 vellemus,
1426 2580 1608 2666 impensuri
1624 2580 1684 2644 tibi
1697 2600 1777 2644 con-

429 2682 551 2747 veniens
566 2682 652 2748 tanti
670 2684 793 2766 negotii
811 2682 963 2767 qualitati
981 2692 1051 2747 tam
1068 2682 1238 2768 spirituale
1263 2704 1364 2768 quam
1388 2685 1576 2769 temporale
1591 2683 1775 2749 subsidium

430 2782 582 2870 ipsiusque
597 2786 833 2870 quantitatem,
851 2795 887 2851 ut
903 2785 980 2850 inde
1004 2793 1038 2849 te
1061 2795 1201 2870 possent
1217 2787 1394 2852 certiorem
1418 2786 1561 2866 efficere,
1585 2786 1777 2873 specialiter

430 2890 609 2973 expressuri.
636 2891 690 2955 Ad
717 2890 817 2974 quod,
842 2889 1059 2955 dilectissime
1087 2890 1144 2969 lili,
1175 2889 1416 2956 deliberatione
1442 2912 1518 2957 cum
1547 2891 1626 2977 ipsis
1653 2891 1775 2955 nostris

430 2990 566 3059 tratribus
582 2994 697 3059 habita
711 3005 734 3074 ⁶,
751 2993 887 3078 prefatis
902 2994 969 3060 tuis
984 2994 1255 3079 procuratoribus
1270 3015 1329 3060 seu
1344 2994 1470 3061 nuntiis
1485 2995 1528 3060 de
1544 2995 1691 3081 ipsorum
1713 2994 1774 3058 sra-

428 3106 499 3160 trurn
516 3097 669 3176 consilio,
685 3119 769 3181 quos
784 3097 1012 3162 indubitanter
1027 3097 1069 3162 ad
1086 3097 1119 3162 id
1134 3100 1278 3163 multum
1294 3099 1447 3165 liberales
1471 3099 1658 3163 invenimus
1673 3107 1774 3182 atque

427 3209 598 3286 promptos,
621 3201 777 3266 duximus
799 3200 1070 3286 respondendum
1092 3201 1192 3286 quod,
1216 3201 1295 3267 licet
1321 3202 1473 3268 Ecclesia
1496 3212 1682 3267 memorata
1706 3223 1772 3266 non

426 3299 564 3369 intendat
590 3304 689 3369 solita
715 3303 902 3370 dulcedinis
926 3307 1028 3369 ubera
1059 3306 1091 3370 in
1120 3306 1321 3371 necessitate
1347 3306 1409 3371 tibi
1436 3306 1630 3372 subtrahere
1661 3314 1717 3370 aut
1740 3306 1773 3370 in

424 3406 580 3489 qubusvis
606 3407 801 3492 periculosis
825 3411 1001 3473 eventibus
1025 3408 1086 3474 pes
1111 3410 1298 3494 relinquere
1332 3431 1399 3475 non
1432 3410 1593 3494 adjutum,
1624 3410 1773 3475 nondum

424 3519 523 3575 tamen
540 3511 737 3577 imminebat
753 3512 808 3577 illa
824 3512 1007 3577 necessitas
1023 3521 1275 3599 propterquam
1293 3514 1434 3579 haberes
1457 3513 1645 3599 hujusmodi
1670 3514 1773 3578 subsi-

422 3610 500 3677 dium
517 3623 634 3698 petere
650 3623 685 3679 et
701 3635 762 3681 nos
780 3615 860 3680 illud
875 3615 936 3680 tibi
954 3615 1152 3682 deberemus
1167 3616 1296 3697 offerre,
1311 3638 1388 3682 cum
1404 3626 1438 3682 et
1454 3617 1496 3682 ad
1513 3618 1579 3682 hoc
1593 3627 1603 3651 ⁶
1618 3617 1772 3702 probabi-

422 3714 473 3779 lius
487 3718 528 3781 sit
544 3718 588 3782 de
600 3738 685 3803 pace
701 3718 901 3804 sperandum
918 3740 1017 3803 quam
1034 3720 1076 3784 de
1092 3741 1207 3806 guerre
1224 3720 1357 3785 fremitu
1373 3720 1619 3787 formidandum
1635 3744 1643 3800 ;
1669 3720 1773 3786 immo

421 3816 441 3878 si
464 3838 552 3884 nunc
580 3840 641 3904 pro
667 3840 784 3903 guerra
808 3820 997 3904 hujusmodi
1025 3820 1219 3888 offerremus
1244 3825 1304 3889 tibi
1332 3825 1526 3906 subsidium,
1549 3825 1675 3892 nedum
1697 3846 1771 3890 eam

421 3922 534 3986 nutrire
549 3921 572 4001 ³,
590 3921 680 4006 quod
695 3925 791 4003 absit,
809 3922 868 3987 scd
884 3931 919 3987 et
935 3923 976 3988 ad
994 3923 1100 4007 ipsam
1117 3923 1305 3989 videremur
1320 3926 1482 3991 intentius
1500 3925 1587 3990 affici
1604 3947 1706 4008 quarn
1730 3926 1772 3991 ad

420 4042 538 4105 pacem,
555 4046 655 4108 quam
672 4034 799 4106 tamen,
824 4027 918 4092 novit
940 4026 1140 4106 Altissimus,
1165 4028 1321 4094 ardenter
1345 4039 1510 4115 optamus
1535 4039 1569 4094 et
1590 4051 1674 4110 eam,
1699 4030 1773 4094 Deo

420 4135 556 4208 auctore,
574 4127 771 4194 confidimus
787 4130 971 4214 provenire,
989 4151 1064 4195 cum
1082 4140 1116 4193 et
1132 4140 1363 4216 procuratores
1374 4131 1625 4199 Flandrensium
1637 4155 1772 4219 respon-

420 4228 518 4295 derint
534 4253 571 4295 se
587 4232 763 4296 consilium
780 4242 932 4298 nostrum
948 4233 1108 4318 predictis
1124 4236 1239 4299 comiti
1266 4245 1300 4301 et
1324 4237 1585 4303 comunitatibus
1601 4240 1772 4318 relaturos,

420 4343 582 4416 sperantes
598 4335 680 4400 illud
695 4337 860 4422 acceptari
878 4358 937 4422 per
949 4338 1032 4403 illos.
1048 4338 1115 4403 Ubi
1132 4360 1212 4404 vero
1229 4341 1334 4405 hostis
1347 4342 1473 4425 antiqui
1488 4343 1771 4422 machinamenta,

421 4438 498 4517 quod
525 4439 619 4503 Ileus
643 4448 783 4521 avertat,
810 4441 895 4506 adeo
920 4443 1129 4527 prevalerent
1157 4443 1189 4507 in
1224 4444 1434 4509 induratione
1459 4468 1516 4510 seu
1544 4446 1772 4514 obstinatione

422 4536 666 4607 Flandrensium
682 4544 908 4628 predictorum
926 4546 1016 4629 quod
1032 4547 1091 4630 ipsi
1109 4548 1238 4611 nollent
1255 4548 1344 4612 viam
1361 4549 1452 4632 pacis
1463 4570 1642 4634 agnoscere
1659 4552 1771 4636 sicque

421 4655 545 4729 propter
561 4666 677 4710 eorum
694 4648 827 4732 culpam
843 4656 877 4712 te
893 4669 1044 4732 guerram
1061 4659 1233 4735 oporteret
1260 4651 1393 4731 habere,
1422 4673 1483 4717 nos
1510 4661 1543 4716 et
1570 4654 1630 4739 ipsi
1656 4654 1772 4720 fratres

421 4748 513 4811 nostri
531 4747 562 4812 in
581 4749 645 4814 hoc
662 4749 727 4813 fixe
749 4752 931 4816 resedimus
948 4753 1047 4835 quod,
1065 4774 1141 4817 curn
1163 4775 1204 4817 ex
1230 4755 1332 4839 ipsius
1359 4776 1475 4840 guerre
1498 4777 1656 4842 processu
1673 4779 1772 4823 causa

426 4845 478 4913 Dei
490 4858 523 4915 et
541 4851 692 4917 Ecclesie
708 4863 822 4919 sancte
839 4876 896 4918 sue
913 4854 977 4919 ledi
995 4877 1063 4920 non
1081 4857 1199 4921 leviter
1215 4859 1347 4940 habeat,
1365 4868 1483 4945 utpote
1507 4882 1582 4925 curn
1606 4871 1650 4943 te,
1671 4863 1772 4948 ipsius

454 5106 475 5138 a.
486 5092 571 5141 habita
585 5110 694 5157 meaque
706 5111 756 5158 rep.
771 5099 823 5146 110.
841 5127 852 5131 -
891 5098 912 5146 b.
930 5105 956 5146 te
973 5114 1083 5163 maraque
1101 5116 1153 5164 rep.
1172 5102 1226 5149 109.
1293 5119 1315 5151 a.
1333 5108 1359 5150 ct
1376 5105 1458 5155 adbuc
1475 5121 1583 5170 alanquer
1601 5122 1650 5167 rep.
1669 5109 1724 5155 110.
1742 5138 1773 5143 -

434 5167 453 5217 d.
464 5174 558 5224 mittere
571 5191 622 5241 rep.
633 5178 646 5223 l
651 5178 688 5227 10.
