4409 6017
907 745 1053 812 Premibre
1075 747 1176 812 annae.

398 898 578 978 Laudabile
594 897 869 964 testimonium...

397 1003 473 1068 Dat.
490 1002 591 1068 Avin.
612 1004 649 1067 18
666 1001 733 1068 kal.
750 1000 949 1088 septembris
964 1020 1054 1065 anno
1075 1020 1101 1065 1.

395 1105 434 1170 In
450 1128 481 1173 e.
498 1128 543 1171 m.
560 1106 721 1193 episcopo
738 1104 882 1189 Regensi
898 1113 933 1169 et
946 1104 1076 1170 decano
1092 1103 1124 1169 S.
1140 1104 1261 1169 Albani
1278 1103 1519 1171 Namurcensis
1533 1125 1573 1171 ac
1589 1108 1711 1171 scolas·

358 1210 419 1275 tico
435 1210 467 1275 S.
485 1210 580 1275 Pauli
596 1209 792 1275 Leodiensis
807 1208 1031 1275 ecclesiarum.

385 1337 443 1399 Reg.
456 1340 506 1386 Av.
519 1340 541 1395 7,
554 1338 573 1387 f.
586 1339 632 1386 190
644 1354 649 1386 :
662 1337 722 1387 vat.
734 1340 773 1389 uu.
787 1339 804 1386 f.
819 1339 873 1396 189,
885 1351 910 1386 11.
924 1339 995 1385 3703.

391 1500 515 1587 405.
1411 1533 1506 1598 1317,
1524 1535 1566 1599 15
1580 1522 1667 1583 auset.

391 1617 409 1695 J
412 1620 541 1685 ohanni
552 1620 594 1686 de
605 1618 730 1699 Lobiis,
743 1620 920 1704 capellano
930 1626 964 1683 et
975 1616 1124 1683 familiari
1135 1617 1255 1697 Caroli,
1266 1617 1360 1684 ducis
1370 1617 1530 1701 Calabrie,
1543 1621 1712 1687 confertur

355 1725 570 1791 canonicatus
596 1723 736 1789 ecclesie
753 1722 784 1787 S.
802 1721 963 1806 Gorgonii
990 1721 1230 1807 Hugardensis,
1256 1721 1451 1789 Leodiensis
1474 1723 1626 1806 diocesis,
1650 1727 1710 1791 sub

354 1828 587 1913 expectatione
613 1825 794 1912 prebende,
821 1846 890 1892 non
922 1827 1078 1890 obstante
1109 1825 1200 1909 quod
1230 1833 1383 1910 quartam
1409 1836 1540 1912 partem
1570 1830 1712 1895 rectorie

354 1932 490 1999 ecclesie
516 1930 555 1997 B.
573 1929 682 1996 Mario
697 1930 911 1996 Annunciate
939 1928 1157 2009 Ravellensis,
1182 1950 1247 2013 que
1278 1950 1337 2015 per
1366 1939 1508 2015 quatuor
1532 1942 1712 1998 consuetur

355 2036 525 2121 gubernari
540 2043 697 2114 rectores,
714 2034 857 2099 obtinet.
1649 2054 1651 2060 ’

393 2139 575 2205 Probitatis
590 2148 690 2204 tue...

393 2244 472 2308 Dat.
489 2242 590 2308 Avin.
611 2244 648 2307 18
665 2241 730 2308 kal.
748 2241 947 2327 septembris
962 2261 1051 2307 anno
1072 2262 1098 2306 1.

392 2346 433 2412 In
458 2367 489 2412 e.
505 2367 550 2411 m.
567 2346 728 2431 episcopo
754 2344 898 2429 Regensi
923 2353 957 2410 et
973 2345 1005 2410 S.
1022 2343 1113 2409 Petri
1138 2345 1357 2411 Lovaniensis
1377 2355 1412 2411 et
1435 2346 1466 2411 S.
1483 2345 1572 2413 Petri
1597 2350 1711 2434 Aycu·

357 2450 478 2531 nensis,
496 2448 692 2515 Leodiensis
706 2448 859 2528 diocesis,
875 2448 1009 2515 decanis
1025 2449 1250 2515 ecclesiarum.

384 2580 442 2639 Reg.
455 2580 503 2626 Av.
514 2581 534 2636 7,
546 2578 564 2626 f.
577 2579 637 2626 327*
650 2594 655 2626 ι
669 2578 726 2626 Vat.
737 2580 774 2634 titi,
788 2578 806 2625 f.
819 2580 885 2636 2351,
899 2593 923 2626 n.
937 2579 1007 2626 3891.

391 2735 514 2819 406.
1411 2767 1506 2834 1317,
1524 2770 1566 2834 15
1579 2757 1667 2818 aaut.

391 2856 495 2935 Luce,
512 2865 592 2921 nato
610 2853 729 2919 nobilis
752 2853 812 2918 viri
828 2852 992 2931 Johannis
1011 2852 1190 2919 Christiani
1206 2853 1249 2919 de
1264 2852 1382 2919 Trebis
1405 2862 1440 2919 et
1462 2857 1711 2941 consanguineo

353 2962 437 3026 bone
452 2958 616 3023 memorie
633 2957 811 3037 Francisci,
828 2957 859 3022 S.
877 2955 985 3022 Marie
1001 2957 1034 3022 in
1051 2956 1233 3024 Cosmedin
1245 2956 1378 3023 diaconi
1395 2958 1580 3041 cardinalis,
1596 2961 1710 3026 confe-

353 3073 465 3129 runtur
496 3062 714 3128 canonicatus
743 3081 783 3126 ac
820 3060 991 3146 prebenda
1025 3070 1060 3126 et
1098 3060 1252 3127 custodia
1283 3062 1423 3127 ecclesie
1463 3050 1710 3145 Namurcensis,

355 3166 546 3233 leodiensis
557 3165 708 3246 diocesis,
719 3173 877 3230 vacantes
889 3185 949 3250 per
960 3165 1249 3231 consecrationem
1261 3163 1372 3244 Blasii,
1383 3165 1530 3251 episcopi
1548 3165 1711 3247 Fundani,

354 3292 417 3337 non
446 3270 602 3336 obstante
627 3269 718 3354 quod
740 3268 897 3334 ecclesias
922 3268 953 3333 S.
977 3268 1168 3348 Salvatoris,
1193 3268 1235 3333 de
1263 3266 1375 3348 Costa,
1392 3268 1434 3334 de
1459 3268 1490 3333 S.
1507 3269 1653 3355 Georgio
1678 3281 1712 3337 et

354 3375 380 3441 S.
398 3374 539 3441 Martini
563 3374 606 3439 de
622 3372 738 3439 Casale
760 3373 892 3458 Gayani
916 3381 951 3438 et
967 3373 998 3438 S.
1016 3372 1105 3438 Petri
1121 3371 1164 3438 de
1181 3370 1315 3454 Form0,
1332 3372 1539 3439 Salernitane
1562 3374 1712 3456 diocesis,

353 3480 420 3544 sine
436 3499 526 3559 cura,
543 3477 685 3543 obtinet.

394 3580 578 3648 Probitatis
592 3590 692 3646 tue...

393 3686 473 3751 Dat.
490 3684 589 3749 Avin.
611 3686 647 3748 18
664 3682 730 3748 kal.
746 3683 945 3768 septembris
961 3704 1051 3748 anno
1072 3704 1098 3750 1.

394 3789 434 3855 In
460 3810 490 3854 e.
505 3810 551 3854 m.
569 3786 746 3853 Francisco
770 3786 938 3872 Gaytan0,
966 3788 1171 3854 thesaurario
1198 3787 1426 3869 Eboracensis‚
1454 3797 1489 3853 et
1513 3788 1713 3856 Theobaldo

355 3891 557 3959 Bemazonis
572 3911 611 3956 ac
627 3890 783 3976 Philippo
799 3890 841 3956 de
856 3891 977 3972 Asisio,
993 3891 1163 3957 canonicis
1178 3890 1353 3975 Anagnine
1369 3891 1595 3959 ecclesiarum.

384 4023 447 4081 Reg.
461 4023 508 4068 Ar.
520 4022 541 4074 7,
554 4019 572 4067 f.
585 4020 644 4066 som
657 4034 662 4073 ;
676 4018 733 4066 Vnt.
746 4020 784 4075 66,
797 4019 816 4066 f.
830 4021 896 4068 2731.
910 4033 935 4067 n.
948 4021 1018 4067 1031.

393 4190 515 4275 407.
1168 4233 1170 4236 ·
1413 4225 1507 4288 1717,
1525 4224 1567 4289 17
1582 4213 1670 4272 aoztt.

395 4311 498 4378 Petro
520 4307 664 4374 Deodati
682 4305 823 4371 infantis
839 4306 880 4370 de
900 4304 991 4371 Urbe
1014 4305 1184 4372 confertur
1207 4308 1424 4375 canonicatus
1446 4310 1585 4375 ecclesie
1600 4310 1630 4374 S.
1648 4309 1715 4374 Ru·

354 4416 456 4481 moldi
474 4410 711 4490 Maeliniensis,
737 4409 988 4475 Cameracensis
1012 4409 1163 4491 diocesis,
1189 4414 1249 4476 sub
1275 4414 1511 4498 expectatione
1535 4414 1713 4499 prebende,

355 4541 420 4585 non
436 4522 595 4584 obstante
611 4514 701 4600 quod
717 4513 951 4579 canonicatum
968 4525 1002 4577 et
1018 4514 1223 4599 prebendam
1238 4517 1379 4582 ecclesie
1395 4517 1426 4583 S.
1443 4516 1478 4582 N
1481 4518 1576 4583 icolai
1593 4518 1625 4581 in
1637 4517 1715 4582 Car-

357 4644 428 4688 cere
444 4621 602 4687 Tulliano
618 4619 660 4685 de
679 4617 771 4683 Urbe
787 4618 929 4682 obtinet.

397 4726 471 4792 Tue
487 4725 648 4789 merita...

401 4830 477 4895 Dat.
494 4828 594 4892 Avin.
616 4832 652 4891 16
668 4825 734 4890 kal.
752 4824 950 4911 septembris
964 4845 1055 4891 anno
1076 4846 1101 4892 1.

401 4933 439 4998 In
464 4955 494 4998 e.
511 4954 556 4997 rn.
572 4932 731 5016 episcopo
746 4930 960 4995 Atrebatensi
976 4939 1011 4995 et
1032 4930 1210 4997 Leonardo
1238 4932 1280 4997 de
1304 4931 1482 5012 Guarcino,
1510 4932 1715 4997 thesaurario

364 5034 571 5120 lingonensi,
587 5056 674 5121 pape
690 5034 831 5113 notari0,
849 5055 887 5099 ac
903 5035 1014 5099 abbati
1027 5036 1220 5100 monasterii
1238 5035 1268 5098 S.
1286 5034 1379 5099 Pauli
1396 5036 1438 5100 de
1455 5036 1557 5102 Urbe.

393 5167 448 5229 neg.
461 5170 511 5217 nv.
527 5168 551 5224 r,
565 5166 583 5214 r.
602 5168 658 5213 rosv
671 5180 676 5221 ;
691 5165 748 5212 vn.
758 5165 796 5220 aa,
809 5164 827 5211 r.
840 5165 906 5221 nav,
922 5179 947 5211 n.
963 5165 1035 5213 asar.
