4409 6017
483 732 540 794 184
1018 726 1175 792 Deuxilme
1196 728 1298 794 annm.

484 881 554 944 sola
569 887 604 943 et
619 878 760 962 simplex
777 884 834 941 tua
849 875 1027 960 promissio
1037 895 1099 960 pro
1115 876 1294 941 securitate
1309 875 1497 961 hujusmodi
1514 876 1685 943 sufficiens
1699 879 1841 963 reputari

484 981 632 1047 deberet.
648 980 735 1063 Quia
757 987 872 1043 tamen
894 979 1031 1044 arduum
1049 988 1122 1043 erat
1148 980 1331 1064 negotium,
1347 981 1567 1045 consulebant
1590 981 1682 1064 quod
1707 990 1746 1045 tu
1770 1002 1845 1046 con·

486 1085 664 1149 ventiones
679 1083 844 1168 predictas
860 1103 920 1167 per
933 1082 1160 1167 juramentum
1177 1085 1353 1148 observare
1368 1082 1583 1168 promitteres
1598 1104 1640 1149 eo
1655 1083 1761 1149 modo
1784 1106 1847 1168 quo

486 1208 580 1272 reges
597 1186 737 1252 Francie
753 1193 999 1251 consueverunt
1013 1186 1123 1270 jurare
1138 1185 1366 1272 prestandum,
1383 1194 1417 1250 et
1441 1186 1475 1250 in
1491 1186 1557 1251 hoc
1572 1186 1694 1252 eodem
1711 1188 1848 1253 consilio

487 1291 588 1357 iidem
604 1290 721 1355 hatres
735 1290 840 1354 nostri
861 1289 983 1354 Sancte
1000 1288 1153 1354 Romane
1167 1288 1316 1354 Ecclesie
1332 1289 1517 1354 cardinales
1531 1310 1651 1356 omnes
1675 1298 1710 1355 et
1732 1290 1848 1375 singuli

487 1404 569 1460 tunc
585 1393 769 1459 residentes
785 1392 817 1455 in
831 1393 921 1458 curia
932 1392 1056 1477 pariter
1070 1392 1274 1457 resederunt.
1286 1390 1361 1456 Nos
1375 1412 1466 1473 vern,
1479 1400 1516 1457 ut
1531 1393 1662 1478 plenius
1677 1414 1849 1479 possemus

487 1518 549 1583 pro
565 1505 703 1580 utraque
719 1503 814 1580 parte
829 1495 910 1560 dare
934 1496 1155 1577 consilium,a
1178 1495 1312 1561 comitis
1336 1504 1371 1560 et
1394 1496 1676 1562 communitatum
1704 1497 1850 1583 ipsarum

488 1600 754 1686 procuratoribus
768 1599 999 1683 requisivimus
1022 1598 1206 1684 cujusmodi
1230 1599 1356 1664 vellent
1383 1599 1443 1664 tibi
1470 1599 1549 1665 dare
1572 1599 1770 1666 securitates
1792 1621 1852 1685 pro

488 1703 682 1769 memoratis
692 1702 972 1768 conventionibus
984 1702 1210 1782 observandis,
1221 1702 1277 1786 qui
1294 1723 1350 1767 eas
1366 1722 1431 1786 que
1446 1711 1604 1769 secuntur
1614 1724 1677 1788 pro
1686 1702 1852 1769 sufficien-

489 1808 577 1871 tibus
594 1807 826 1872 securitatibus
842 1808 1046 1887 obtulerunt,
1064 1806 1220 1871 videlicet
1236 1805 1326 1889 quod
1342 1806 1491 1890 quelibet
1506 1807 1732 1872 communitas
1747 1808 1851 1892 patrie

490 1930 529 1975 ac
544 1911 695 1993 gentium
712 1909 869 1974 Flandrie
896 1919 1068 1975 eteorum
1092 1909 1211 1993 singuli
1240 1907 1387 1974 ducenta
1411 1909 1503 1994 milia
1527 1910 1684 1975 librarum
1708 1910 1771 1975 tibi
1796 1931 1854 1995 per

490 2014 625 2079 easdem
649 2014 892 2078 conventiones
914 2014 1162 2099 promissarum,
1177 2012 1238 2077 tibi
1266 2012 1332 2077 suis
1356 2013 1508 2077 terminis
1532 2012 1779 2093 solvendarum,
1794 2014 1852 2080 tibi

491 2138 654 2183 excausa
682 2117 944 2182 conventionum
971 2118 1116 2204 ipsarum
1136 2116 1373 2202 promitterent
1398 2117 1463 2180 suis
1487 2118 1616 2181 solvere
1640 2118 1804 2199 terminis,
1821 2127 1854 2183 et

491 2229 654 2304 quantum
670 2219 713 2285 ad
729 2222 794 2284 hoc
810 2241 869 2305 per
889 2221 1080 2305 juramenta
1105 2241 1124 2283 a
1149 2220 1417 2305 procuratoribus
1441 2240 1557 2284 corum
1581 2219 1625 2285 ad
1651 2220 1716 2287 hoc
1732 2222 1853 2288 consti-

491 2324 624 2390 tuendis
650 2323 798 2406 legitime
824 2324 858 2388 in
882 2324 1010 2389 animas
1035 2324 1182 2407 ipsorum
1199 2322 1388 2408 prestanda,
1405 2322 1466 2408 ipsi
1483 2343 1602 2388 omnes
1617 2332 1652 2389 et
1675 2324 1796 2410 singuli
1821 2326 1852 2390 in

492 2428 634 2493 solidum
651 2449 685 2491 se
701 2448 741 2493 ac
764 2448 841 2492 suos
857 2427 997 2492 heredes
1012 2435 1047 2491 et
1062 2446 1269 2491 successores
1296 2433 1330 2490 et
1353 2428 1394 2490 ab
1422 2426 1470 2490 eis
1485 2446 1620 2492 causam
1636 2428 1803 2494 habentes
1821 2438 1853 2493 et

492 2530 605 2594 onmia
622 2531 768 2616 ipsorum
787 2530 996 2595 etheredum
1022 2550 1062 2596 ac
1087 2549 1314 2595 successorum
1331 2536 1366 2593 et
1389 2532 1431 2593 ab
1448 2528 1496 2593 eis
1510 2549 1644 2595 causam
1660 2530 1857 2598 habentium

493 2635 581 2698 bona
608 2634 745 2698 mobilia
769 2645 803 2697 et
829 2634 1022 2711 immobilia,
1048 2633 1215 2718 presentia
1239 2640 1274 2697 et
1302 2632 1419 2711 futura,
1447 2653 1658 2717 quecumque
1683 2634 1795 2700 forent
1823 2646 1857 2700 et

494 2738 616 2821 ubique
634 2738 865 2817 consisterent,
882 2736 1063 2803 efficaciter
1079 2737 1275 2819 obligarent,
1292 2745 1520 2820 supponentes
1544 2757 1580 2800 se
1603 2756 1643 2800 ac
1658 2736 1802 2803 heredes
1824 2748 1858 2802 et

494 2858 699 2905 successores
724 2840 869 2924 prefatos
893 2848 928 2904 et
955 2860 1099 2918 causant,
1125 2849 1162 2903 ut
1192 2838 1364 2924 prefertur,
1389 2838 1551 2904 habentes
1576 2842 1618 2903 ab
1650 2840 1698 2905 eis
1723 2862 1857 2907 necnon

494 2944 606 3007 omnia
622 2942 769 3027 ipsorum
783 2946 881 3021 bona,
898 2954 1059 3027 quantum
1077 2943 1119 3008 ad
1143 2944 1218 3022 hoc,
1231 2942 1450 3026 jurisdictioni
1476 2943 1653 3028 cujuslibet
1677 2945 1858 3028 potestatis

494 3066 552 3109 seu
568 3045 818 3126 dominationis,
830 3068 940 3111 coram
953 3069 1018 3130 qua
1033 3050 1182 3132 placeret
1198 3046 1257 3110 tibi
1275 3053 1333 3110 aut
1348 3054 1409 3111 tuo
1426 3054 1519 3111 certo
1534 3047 1706 3128 mandatu,
1722 3069 1781 3114 eos
1797 3069 1856 3114 seu

495 3150 641 3234 ipsorum
666 3153 755 3214 bona
784 3152 949 3235 prosequi,
976 3151 1179 3231 arrestanda,
1205 3151 1366 3234 capienda
1390 3157 1425 3213 et
1450 3151 1648 3233 exponenda
1680 3173 1784 3236 usque
1816 3152 1858 3217 ad

494 3254 628 3338 plenam
645 3254 904 3319 satisfactionem
922 3255 1119 3337 quantitatis
1133 3256 1303 3339 premisse,
1320 3275 1391 3318 sese
1408 3255 1550 3318 alterum
1566 3274 1627 3338 pro
1644 3257 1752 3320 altero
1776 3256 1858 3321 fide-

492 3357 636 3440 jussores
652 3365 687 3421 et
703 3358 962 3443 expromissores
978 3379 1076 3443 super
1093 3359 1157 3424 hoc
1174 3357 1410 3423 constituendo
1427 3357 1571 3421 invicem
1582 3378 1640 3422 seu
1655 3359 1858 3444 principales

495 3470 529 3523 et
545 3460 723 3540 debitores,
739 3471 773 3524 et
787 3462 876 3544 quod
902 3482 961 3546 pro
988 3462 1176 3526 reverentia
1202 3462 1262 3525 tibi
1287 3470 1322 3525 et
1342 3461 1664 3546 peregrinationibus
1687 3464 1859 3547 promissis

495 3582 555 3647 per
570 3564 812 3629 conventiones
829 3566 964 3629 easdem
977 3565 1137 3630 faciendis
1149 3575 1184 3629 et
1200 3564 1418 3650 complendis
1435 3564 1515 3629 dicti
1532 3576 1543 3597 ‘¹
1561 3584 1675 3630 comes
1690 3575 1725 3631 et
1740 3575 1859 3650 gentes

497 3664 653 3731 Flandrie
678 3670 737 3732 sub
762 3689 850 3753 pena
872 3677 962 3732 certe
987 3669 1183 3751 quantitatis
1208 3668 1349 3752 pecunie
1374 3668 1510 3732 arbitrio
1530 3677 1647 3733 nostro
1671 3671 1857 3735 secundum

496 3770 710 3854 exigentiam,
736 3770 873 3835 modum
901 3780 935 3835 et
961 3771 1156 3855 qualitatem
1182 3772 1227 3835 rei
1253 3771 1415 3856 promisse
1440 3770 1595 3851 taxande,
1621 3772 1860 3856 promitterent

497 3872 588 3954 quod
612 3873 831 3938 reverentiam
858 3884 892 3938 et
920 3874 1203 3958 peregrinationes
1234 3875 1320 3958 ipsas
1347 3876 1555 3958 complerent
1580 3882 1614 3938 et
1642 3886 1797 3939 curarent
1826 3886 1860 3940 et

497 3975 645 4040 iacerent
671 3977 738 4040 fieri
764 3998 804 4042 ac
834 3978 1003 4063 compleri,
1024 3978 1110 4042 sicut
1134 3978 1295 4062 promisse
1323 3998 1381 4063 per
1405 3978 1648 4042 conventiones
1678 3979 1861 4044 extiterant

498 4080 703 4159 antedictas;
729 4101 826 4166 super
852 4103 917 4165 qua
941 4102 1028 4165 pena
1049 4081 1219 4159 solvenda,
1247 4082 1271 4146 si
1298 4103 1356 4146 eos
1381 4082 1527 4146 incidere
1551 4079 1562 4115 ⁶
1586 4081 1800 4166 contingeret
1827 4084 1860 4148 in

499 4182 651 4262 eandem,
662 4183 842 4249 efficaciter
858 4207 893 4249 sc
910 4185 1143 4266 astringerent,
1159 4193 1257 4269 prout
1274 4186 1307 4248 in
1323 4185 1477 4270 proximo
1501 4183 1694 4269 precedenti
1719 4186 1862 4251 articulo

498 4286 647 4370 superius
662 4297 713 4352 est
730 4309 920 4373 expressum
932 4313 940 4369 ;
954 4309 1014 4373 pru
1030 4288 1209 4353 traditione
1225 4309 1358 4372 quoque
1376 4289 1527 4353 villarum
1544 4298 1578 4352 et
1593 4290 1860 4355 castellaniarum

500 4389 622 4471 Insule,
640 4390 745 4457 Duaci
768 4404 802 4456 et
820 4391 987 4456 Bethunie
1005 4412 1064 4477 per
1079 4392 1185 4458 dictas
1200 4393 1443 4458 conventiones
1460 4392 1569 4457 fienda
1593 4399 1627 4455 et
1652 4393 1863 4460 observanda

499 4515 631 4560 necnon
647 4504 682 4560 et
706 4505 815 4562 castro
831 4494 1041 4561 Curtracensi
1067 4517 1135 4560 non
1160 4496 1395 4576 reedilicando,
1412 4497 1522 4563 dictus
1547 4516 1660 4560 comes
1684 4505 1720 4561 et
1744 4506 1863 4581 gentes

499 4598 648 4683 predicte
658 4619 718 4683 pro
734 4620 779 4679 se,
793 4600 969 4664 heredibus
985 4607 1019 4664 et
1032 4600 1277 4666 successoribus
1294 4600 1360 4665 suis
1372 4601 1512 4686 propriis
1525 4599 1763 4686 promitterent
1775 4601 1863 4685 jura·

498 4702 622 4766 mentis
637 4703 728 4785 quod
743 4723 783 4767 ea
798 4705 1007 4788 complerent
1034 4711 1068 4767 et
1092 4708 1307 4768 observarent
1323 4713 1357 4768 et
1380 4724 1439 4789 per
1454 4725 1490 4768 se
1505 4704 1560 4767 vel
1575 4703 1677 4767 alium
1698 4723 1758 4768 seu
1781 4704 1864 4768 alios

499 4826 568 4870 non
594 4806 741 4871 iacerent
766 4807 799 4871 in
825 4808 1026 4872 contrarium
1053 4815 1110 4870 aut
1135 4808 1310 4885 venirent;
1335 4808 1425 4890 quod
1450 4807 1476 4872 si
1500 4807 1711 4891 contingeret
1735 4805 1863 4871 dictum

501 4910 660 4975 comitem
685 4932 804 4976 suosve
829 4911 968 4975 heredes
995 4919 1029 4973 et
1051 4931 1257 4975 successores
1284 4920 1400 4975 contra
1422 4912 1582 4996 premissa
1606 4910 1721 4975 venire
1746 4912 1800 4975 vel
1826 4931 1864 4976 ea

534 5166 558 5197 a.
569 5150 654 5196 (lictus
667 5165 715 5212 roy.
731 5177 757 5183 —
770 5148 790 5196 l.
803 5150 963 5195 committere
974 5162 1023 5207 rap.
