4409 6017
962 688 1145 754 Formuleire

1025 932 1097 1015 14.

441 1170 602 1234 iscurra
627 1170 843 1234 accounts
869 1185 893 1234 Α
919 1185 970 1236 uu
996 1172 1158 1247 aveque
1182 1186 1234 1235 ps
1257 1174 1473 1237 nuntiauere
1500 1185 1697 1237 DAUTRES

458 1285 673 1337 PERSONNES
698 1287 802 1338 poure
827 1287 879 1338 LA
903 1286 1033 1339 visne
1058 1289 1289 1362 ennomoun
1314 1290 1366 1340 na
1390 1291 1463 1341 sou
1489 1276 1670 1342 procusa.

1011 1435 1047 1495 (n.
1070 1429 1157 1491 1027).

440 1565 518 1619 Eidem
533 1568 667 1632 episcopo
685 1566 894 1622 Cameracensi.

440 1647 505 1702 Grata
518 1648 675 1703 devotionis
691 1650 786 1704 studia
802 1649 904 1714 quibus
920 1666 989 1713 erga
1003 1663 1056 1703 nos
1071 1651 1108 1703 ‘et
1126 1651 1286 1703 Romanam
1304 1650 1382 1714 viges
1401 1652 1559 1717 ecclesiam,
1576 1662 1605 1705 et
1620 1653 1740 1715 grandia

416 1739 495 1783 tuarum
513 1731 644 1785 virtutum
665 1732 768 1786 merita
791 1742 988 1797 promerentur
1009 1742 1039 1785 ut
1059 1749 1212 1796 personam
1244 1744 1322 1786 tuam
1354 1733 1502 1797 condignis
1533 1733 1679 1788 favoribus
1711 1745 1739 1788 et

415 1811 483 1873 mnis
497 1830 706 1878 prosequamur.

439 1893 492 1948 Ctun
507 1895 600 1962 itaque
617 1908 658 1965 tu,
678 1898 735 1963 qui,
755 1900 826 1954 sicut
844 1899 955 1963 asseris,
975 1916 1027 1965 pro
1047 1897 1167 1952 tuitione
1195 1908 1223 1952 et
1249 1900 1463 1952 conservatione
1490 1897 1594 1961 jurium
1620 1896 1740 1952 ecclesie

417 1988 448 2030 ue
468 1978 670 2034 Cameracensis
698 1981 850 2036 nonnullas
878 1982 1038 2036 inimicitias
1058 1982 1208 2047 incurristi,
1248 1999 1374 2045 nequeas
1406 1983 1514 2045 absque
1545 1982 1651 2047 proprii
1682 1999 1739 2034 cor-

416 2061 467 2123 nuis
479 2064 595 2126 periculo
612 2066 640 2119 in
658 2077 707 2118 tua
722 2064 829 2119 diocesi
844 2065 1010 2120 visitationis
1027 2065 1166 2131 officium,
1187 2076 1269 2131 prout
1289 2084 1324 2119 ex
1344 2066 1440 2121 debito
1459 2067 1498 2120 tui
1517 2066 1606 2121 oliicii
1625 2066 1739 2131 tenetis,

416 2157 519 2210 exercere,
534 2163 595 2210 nos,
612 2147 668 2203 tuis
685 2148 937 2213 supplicationibus
955 2149 1091 2211 inclinati,
1113 2149 1280 2203 auctoritate
1298 2148 1349 2202 tibi
1368 2149 1541 2214 presentium
1561 2149 1741 2211 indulgemus

414 2242 434 2281 rt
448 2230 561 2285 ecclesias
582 2241 610 2284 et
630 2232 804 2285 monasteria
824 2242 975 2295 ceteraque
995 2231 1058 2285 loca
1079 2242 1108 2286 et
1125 2249 1261 2297 personas
1280 2231 1471 2285 ecclesiastica
1488 2240 1620 2294 exempta
1638 2240 1666 2283 et
1684 2247 1742 2284 non

415 2324 513 2377 uempta
525 2325 638 2368 tuarum
651 2315 772 2369 civitatis
788 2326 815 2368 et
829 2315 958 2377 diocesis,
970 2316 1113 2380 inquibus
1136 2316 1187 2369 tibi
1208 2315 1373 2370 visitationis
1395 2315 1524 2369 officium
1547 2316 1682 2380 competit
1704 2316 1740 2368 de

414 2396 583 2450 tomuetudine
597 2396 642 2449 vel
656 2397 717 2450 de
707 2412 777 2463 Jure
792 2398 882 2462 possis
897 2397 986 2452 libere
999 2415 1051 2461 per
1062 2398 1186 2461 aliquam
1198 2415 1248 2451 seu
1267 2398 1376 2462 aliquas
1387 2414 1522 2463 personas
1533 2397 1660 2461 ydoneas
1670 2414 1742 2461 quas

414 2473 439 2525 td
451 2475 493 2529 boc
509 2478 620 2532 duxeris
640 2479 829 2544 deputandas
849 2480 980 2543 quotiens
998 2490 1114 2544 tempus
1133 2480 1300 2533 visitationis
1319 2480 1469 2543 ingruerit
1486 2495 1575 2543 usque
1595 2477 1633 2531 ad
1652 2493 1741 2530 unum

415 2572 492 2612 aunum
506 2559 598 2614 iacere
614 2560 730 2620 visitari
749 2572 777 2615 et
795 2563 1008 2627 procurationes
1025 2560 1138 2616 ratione
1166 2562 1331 2616 visitationis
1359 2561 1521 2624 hujusmodi
1548 2560 1607 2614 tibi
1628 2543 1740 2613 debitas

414 2637 439 2689 ab
452 2642 568 2708 ecclesiis,
587 2642 775 2708 monasteriis,
796 2644 865 2698 locis
883 2654 911 2697 et
929 2644 1057 2710 personis
1079 2645 1189 2698 eisdem
1208 2645 1302 2697 taliter
1320 2644 1445 2707 visitatis
1467 2659 1580 2696 necnon
1597 2641 1634 2695 ab
1654 2641 1740 2706 eccle·

414 2717 447 2770 siis
465 2738 506 2775 seu
527 2724 713 2786 monasteriis,
739 2735 799 2779 tam
824 2726 950 2791 ipsarum
974 2725 1095 2780 civitatis
1116 2737 1144 2779 et
1162 2726 1282 2780 diocesis
1301 2742 1387 2788 quam
1406 2735 1492 2790 extra,
1511 2723 1541 2777 in
1558 2723 1661 2787 quibus
1679 2738 1740 2788 pro·

414 2803 552 2859 tutationem
568 2806 717 2861 dumtaxat
734 2809 770 2862 de
787 2808 993 2862 consuetudine
1009 2808 1115 2863 diutius
1140 2808 1292 2861 observata
1318 2807 1459 2871 recepisse
1485 2805 1651 2871 dinosceris
1673 2803 1740 2860 reci

414 2897 461 2943 We
478 2888 630 2942 moderatas
654 2890 739 2943 etiam
762 2891 791 2943 in
813 2891 935 2955 pecunia
956 2901 1115 2957 numerata,
1141 2888 1267 2954 qualibet
1292 2890 1492 2942 constitutione
1517 2887 1546 2941 in
1569 2886 1741 2941 contrarium

414 2979 475 3028 ⁵¹¹t³tr
489 2968 537 3023 hoc
558 2970 635 3024 edita
655 2988 714 3024 non
734 2972 873 3027 obstante.

440 3044 499 3102 Nulli
516 3062 565 3106 etc
586 3064 682 3107 nostre
702 3056 900 3109 concessionis
914 3053 966 3114 etc'

441 3125 523 3187 Datum
545 3135 686 3189 Arinione
709 3137 736 3189 V
760 3136 797 3192 id.
822 3137 957 3191 februarii
980 3155 1055 3191 anno
1079 3147 1168 3191 sexto.

441 3276 465 3328 111
479 3282 590 3335 etmdem
610 3283 729 3336 modum
748 3284 857 3338 dilectis
878 3283 944 3350 liliis
965 3329 988 3342 ..
1009 3286 1036 3341 S.
1058 3285 1178 3338 Auberti
1190 3296 1225 3355 ¹et
1246 3332 1268 3344 ,,
1289 3283 1316 3341 S.
1338 3282 1466 3349 Sepulcri
1487 3282 1736 3336 Cameracensium

414 3365 613 3418 monasteriorum
632 3365 784 3420 abbatibus
805 3385 855 3427 ac
868 3367 1095 3430 archidiacono
1114 3367 1266 3421 Parisiensi
1284 3367 1414 3420 salutem.

439 3440 504 3498 Grata
532 3447 691 3502 devotionis
723 3459 774 3504 etc
806 3467 898 3516 usque
928 3468 987 3505 non
1017 3452 1159 3505 obstante

439 3521 551 3585 Quocirca
575 3531 747 3584 mandamus
771 3544 911 3596 quatenus
936 3551 987 3587 vos
1011 3534 1056 3588 vel
1076 3534 1134 3588 duo
1156 3544 1205 3587 aut
1226 3550 1299 3586 unus
1321 3542 1453 3597 vestrum,
1477 3549 1528 3595 per
1549 3548 1598 3584 vos
1621 3530 1665 3583 vel
1689 3547 1739 3593 per

412 3600 473 3659 ilium
486 3627 531 3663 seu
549 3612 620 3666 alios
638 3612 801 3675 hujusmodi
818 3632 969 3679 personam
986 3634 1038 3670 seu
1058 3633 1195 3681 personas
1212 3633 1263 3679 per
1278 3615 1387 3668 dictum
1404 3614 1568 3677 episcopum
1583 3612 1678 3666 taliter
1694 3612 1739 3665 de

411 3696 499 3754 illatas
518 3694 686 3748 auctoritate
706 3706 802 3748 nostra
823 3696 933 3750 faciatis
953 3698 990 3751 ad
1009 3698 1086 3753 idem
1108 3698 1238 3751 officium
1260 3696 1425 3750 visitationis
1450 3695 1560 3748 admitti
1592 3706 1619 3747 et
1642 3710 1737 3760 procu

410 3779 501 3839 tationes
519 3778 644 3840 prelatas
664 3778 725 3842 sibi,
747 3779 791 3842 vel
810 3780 985 3844 procuratori
1004 3797 1055 3832 suo
1077 3798 1127 3844 pro
1148 3798 1190 3843 eo,
1210 3798 1261 3843 per
1281 3797 1387 3832 annum
1407 3778 1572 3847 predictum,
1592 3778 1670 3845 juxta
1690 3776 1738 3828 hu·

404 3847 498 3908 jusmodi
518 3861 707 3914 concessionis
726 3873 822 3914 nostre
842 3873 978 3926 tenorem,
998 3864 1108 3926 integre
1135 3863 1294 3925 ministrari,
1321 3880 1378 3915 non
1403 3861 1581 3914 obstantibus
1606 3859 1737 3911 omnibus

403 3938 550 4002 supradictis,
568 3960 619 3994 seu
636 3943 659 3995 si
678 3943 818 4006 aliquibus
835 3946 1021 4010 communiter
1036 3946 1083 3998 vel
1099 3945 1217 4011 ‚divisim
1235 3963 1253 3998 a
1272 3946 1347 4012 Sede
1368 3942 1523 4007 apostolica
1543 3942 1578 3994 sit
1598 3941 1737 4008 indultum

404 4019 458 4079 ruod
479 4021 611 4080 interdici.
633 4024 769 4089 suspendi
791 4026 835 4091 vel
859 4027 1098 4080 excommunicari
1111 4044 1170 4079 non
1185 4029 1293 4093 possint
1309 4045 1360 4089 per
1373 4027 1479 4080 litteras
1494 4027 1663 4090 apostolicas
1678 4043 1740 4079 non¹

403 4101 514 4157 trientes
533 4105 647 4169 plenam
668 4117 695 4159 et
715 4109 878 4170 expressam
897 4128 931 4163 ac
950 4111 986 4163 de
1006 4111 1094 4163 verbo
1113 4112 1150 4163 ad
1166 4112 1285 4164 verbum
1303 4112 1339 4163 de
1357 4110 1465 4164 indulto
1482 4112 1643 4172 hujusmodi
1662 4128 1735 4175 men:

403 4200 492 4244 onem,
510 4188 730 4242 contradictores
748 4208 799 4253 per
817 4209 967 4245 censuram
984 4203 1035 4247 etc.

413 4267 518 4320 Datum
539 4280 568 4321 ut
590 4286 683 4335 supra.

1017 4470 1089 4554 15.

404 4705 570 4767 'scelera
597 4707 807 4768 ncconortn
833 4721 857 4769 n
883 4721 934 4771 ur
960 4709 1120 4782 streone
1147 4722 1197 4772 DE
1223 4723 1445 4774 narratione
1470 4723 1521 4773 un
1547 4724 1711 4773 susssrnn

899 4835 924 4883 A
949 4834 1022 4885 sonv
1047 4823 1219 4884 crenus,

869 4949 915 5010 (cf.
935 4948 961 4999 le
981 4959 1056 5001 texte
1075 4966 1110 5000 nu
1130 4964 1156 5002 n.
1177 4954 1247 5013 999).
