4409 6017
513 686 575 752 372
1043 699 1213 782 unquam
1232 707 1336 775 arnse

555 836 674 923 955·
1577 886 1678 951 1321,
1695 869 1745 935 26
1761 870 1836 935 moa‘

556 953 678 1040 Egidio
706 959 800 1029 dicto
829 964 871 1032 de
895 965 1085 1060 Clapdoerp
1110 975 1279 1043 confertur
1307 979 1524 1049 canonicatus
1552 982 1700 1049 ecclesie
1727 984 1869 1050 Antwer·

511 1057 645 1145 piensis,
662 1060 911 1138 Cameracensis
926 1070 1079 1159 diocesis,
1095 1082 1156 1145 sub
1171 1084 1409 1169 expectatione
1423 1085 1603 1173 prebende.

555 1161 736 1233 Laudabile
751 1171 1024 1245 testimonium...

555 1267 634 1335 Dat.
648 1269 749 1339 Avin.
765 1291 784 1359 7
800 1273 867 1344 kal.
879 1278 963 1363 junii
979 1302 1070 1349 anno
1087 1300 1117 1369 5.

555 1369 594 1435 ln
623 1393 652 1439 e.
673 1394 718 1441 m.
741 1376 941 1463 Eyamensis
966 1392 1001 1450 et
1027 1385 1352 1455 Geraldimontensis
1381 1392 1660 1461 monasteriorum
1690 1396 1870 1474 abbatiam,

510 1475 759 1645 gppnplgracensis
773 1482 926 1569 diocesis,
941 1508 981 1555 ac
996 1490 1156 1577 magistro
1170 1490 1191 1569 J
1193 1492 1318 1558 ohanni
1341 1492 1385 1560 de
1409 1494 1533 1579 Rocca,
1548 1498 1720 1566 canonico
1743 1498 1780 1567 N
1781 1520 1871 1588 capo

528 1738 603 1800 neg.
615 1740 664 1789 nv.
675 1739 714 1801 15,
727 1740 746 1790 r.
758 1741 806 1790 ass
818 1756 825 1801 ;
837 1741 899 1795 vat.
912 1744 952 1805 ar,
964 1743 982 1793 r.
994 1745 1062 1805 reo,
1077 1759 1102 1797 a
1119 1747 1190 1797 reos.

551 1938 670 2026 956.
1578 1974 1675 2038 1321,
1691 1952 1740 2018 26
1755 1954 1830 2020 mai.

551 2057 702 2126 Waltero
716 2061 759 2127 de
775 2060 895 2128 Buerst
910 2062 1081 2129 confertur
1095 2066 1312 2135 canonicatus
1327 2067 1468 2135 ecclesie
1479 2066 1664 2152 Hoyensis,
1677 2065 1869 2135 Leodiensis

507 2162 660 2246 diocesis,
675 2167 736 2231 sub
751 2165 988 2253 expectatione
1003 2169 1185 2255 prebende.

552 2265 734 2335 Laudabile
749 2268 1023 2337 testimonium...

552 2371 631 2438 Dat.
646 2371 747 2439 Avin.
764 2390 782 2458 7
798 2372 866 2441 kal.
877 2373 961 2460 junii
976 2394 1068 2442 anno
1085 2392 1115 2459 5.

552 2474 593 2541 In
622 2496 652 2543 e.
678 2496 724 2543 m.
749 2476 781 2543 S.
808 2477 901 2544 Pauli
926 2486 962 2545 et
985 2478 1017 2545 S.
1042 2475 1198 2563 Dyonisii
1223 2474 1461 2542 Leodiensium
1486 2474 1623 2542 decanis
1646 2494 1689 2543 ac
1713 2478 1871 2564 magistro

507 2578 654 2659 Johanni
671 2580 713 2646 de
730 2580 854 2665 Rocca,
869 2582 1034 2650 canonico
1049 2580 1276 2668 Neapolitane
1291 2580 1518 2647 ecclesiarum.

540 2742 602 2804 Reg.
618 2744 665 2795 Ar.
681 2744 751 2805 15,1.
765 2746 813 2793 467
825 2761 832 2804 ;
843 2745 903 2795 Van
919 2747 958 2806 72,
972 2746 992 2798 f.
1005 2749 1062 2806 255,
1076 2761 1103 2796 n.
1119 2747 1191 2797 1513.

551 2938 667 3023 957.
1574 2965 1672 3031 1321,
1689 2945 1832 3013 ²⁶mi

549 3056 720 3123 Amelrico
748 3056 840 3124 dicto
870 3058 1006 3126 Portere
1033 3061 1075 3127 de
1107 3059 1262 3130 Bruxella
1285 3063 1454 3130 confertur
1482 3061 1701 3129 canonicatus
1732 3060 1873 3130 ecclesie

506 3160 538 3227 S.
554 3160 728 3228 Gertrudis
743 3160 958 3246 Nivellensis,
974 3163 1170 3234 Leodiensis
1185 3168 1337 3253 diocesis,
1352 3171 1412 3235 sub
1429 3166 1667 3255 expectatione
1691 3166 1872 3252 prebende.

551 3262 755 3331 Litterarum
770 3266 951 3334 scientia...

550 3368 630 3435 Dat.
645 3369 745 3462 Avin.
762 3388 781 3454 7
797 3369 863 3437 kal.
875 3372 959 3457 junii
976 3391 1067 3438 anno
1089 3390 1118 3457 5.

551 3472 592 3538 In
607 3494 637 3540 e.
647 3495 692 3541 m.
704 3474 804 3560 priori
820 3475 852 3541 S.
868 3474 1048 3542 Catherine
1064 3496 1170 3562 prope
1184 3495 1297 3542 muros
1313 3473 1526 3539 Nivellenses
1537 3481 1573 3539 et
1587 3472 1720 3540 decano
1736 3471 1873 3541 Bruxel-

505 3577 616 3659 iensis,
633 3575 828 3645 Leodiensis
843 3587 878 3645 et
894 3579 1143 3646 Cameracensis
1159 3580 1341 3660 diocesum,
1357 3597 1397 3644 ac
1412 3576 1432 3655 J
1435 3577 1558 3645 ohanni
1574 3576 1617 3644 de
1634 3576 1763 3659 Rocca,
1775 3598 1872 3644 cano

507 3682 586 3748 nico
602 3680 829 3768 Neapolitane
844 3684 1073 3750 ecclesiarum.

539 3845 600 3908 Reg.
612 3847 661 3897 Ar.
676 3848 713 3907 15,
726 3846 749 3898 i.
761 3848 821 3895 467¹
832 3863 838 3907 ;
851 3848 912 3897 Vct.
925 3850 963 3909 72,
977 3849 997 3900 i.
1011 3851 1068 3908 255,
1084 3863 1110 3900 n.
1125 3850 1201 3901 1514.

549 4041 666 4126 958.
1563 4074 1658 4139 1321,
1681 4056 1726 4121 26
1748 4058 1827 4123 mai.

549 4159 697 4238 Johanni
712 4161 755 4227 de
772 4159 893 4226 Malles
909 4158 1078 4225 confertur
1103 4158 1322 4226 canonicatus
1347 4159 1489 4227 ecclesie
1516 4159 1547 4226 S.
1565 4159 1656 4226 Petri
1673 4158 1867 4226 Leodiensis

507 4268 567 4331 sub
584 4266 823 4352 expectatione
837 4263 1018 4351 prebende,
1034 4285 1103 4330 non
1127 4266 1286 4330 obstante
1310 4262 1400 4348 quod
1425 4271 1623 4351 perpetuam
1648 4264 1864 4352 capellaniam

507 4370 550 4436 de
567 4369 744 4454 Dysmuda
754 4379 778 4451 ⁸,
795 4367 999 4435 Morinensis
1014 4368 1167 4451 diocesis,
1183 4367 1326 4435 obtinet.

549 4474 749 4560 Apostolice
765 4473 901 4541 Sedis...

552 4578 632 4646 Dat.
648 4578 747 4644 Avin.
764 4596 783 4664 7
799 4576 867 4645 kal.
880 4577 965 4664 junii
982 4597 1072 4643 anno
1090 4595 1120 4663 5.

551 4681 591 4747 ln
616 4703 645 4747 e.
669 4703 714 4748 m.
735 4682 767 4748 S.
784 4681 877 4748 Pauli
903 4690 939 4748 et
963 4682 994 4747 S.
1019 4680 1173 4767 Dyonisii
1202 4677 1438 4746 Leodiensium
1468 4676 1604 4744 decanis
1633 4695 1675 4743 ac
1705 4677 1854 4764 magistro

505 4786 652 4865 Johanni
668 4788 710 4854 de
727 4786 851 4868 Rocca,
868 4785 1032 4852 canonico
1044 4783 1272 4871 Neapolitane
1288 4781 1516 4850 ecclesiarum.

540 4934 600 4997 Reg.
613 4939 660 4986 Ar.
677 4940 715 4998 15,
729 4939 747 4988 l.
762 4939 823 4988 467¹
835 4953 841 4995 ;
851 4937 911 4987 Vet.
926 4939 996 4997 72,1.
1011 4935 1079 4998 255',
1093 4953 1121 4989 n.
1140 4940 1215 4991 1515.

539 5171 564 5205 a.
575 5155 608 5205 de
621 5155 735 5207 l'smuda
745 5172 797 5221 req.
