4409 6017
890 720 1039 803 lluitibne
1058 719 1161 786 annae.

388 871 590 959 Apostolice
606 872 740 940 Sedis...

380 977 473 1042 Dat.
488 976 588 1043 Avin
609 997 645 1062 13
663 976 729 1044 kal.
745 978 824 1044 maii
839 998 929 1045 anno
951 981 980 1046 8.

391 1080 435 1146 In
451 1102 480 1146 e.
496 1102 541 1147 m.
556 1082 671 1147 abbati
696 1083 889 1148 monasterii
905 1083 937 1150 S.
954 1083 1101 1170 Sepulcri
1118 1081 1305 1150 Placentini
1331 1089 1367 1146 et
1390 1076 1597 1145 thesaurario
1621 1075 1708 1141 Leo·
1810 1075 1812 1079 ’

340 1185 475 1253 diensis
489 1205 529 1252 ac
545 1184 670 1252 Busolo
684 1186 727 1253 de
743 1185 874 1268 Parma,
885 1188 1059 1274 capellano
1071 1208 1169 1275 pape,
1185 1186 1350 1253 canonico
1364 1181 1588 1250 Tomacensis
1603 1180 1710 1247 eccle·

342 1311 483 1357 srarurn.

382 1431 444 1493 Reg.
459 1432 509 1482 Av.
524 1434 563 1491 al,
578 1432 596 1482 f.
612 1433 672 1480 433*
683 1446 688 1488 ;
701 1431 760 1480 Vat.
773 1435 812 1490 77,
826 1433 846 1484 f.
862 1434 928 1491 372⁹,
941 1448 966 1482 n.
981 1433 1053 1483 204⁰.

352 1680 355 1685 ,
395 1591 534 1678 1319.
769 1670 771 1675 ,
1398 1628 1495 1692 1324,
1511 1627 1554 1671 20
1569 1605 1666 1671 avril.

394 1710 616 1778 Universitati
633 1710 809 1780 Leodiensi
826 1713 979 1780 scribitur
1006 1721 1044 1781 ut
1069 1713 1230 1800 episcopo
1256 1734 1317 1780 suo
1339 1713 1426 1778 circa
1448 1710 1710 1798 publicationem

350 1836 569 1902 processuum
585 1825 704 1883 contra
719 1815 939 1901 Ludovicum,
955 1817 1076 1884 ducem
1093 1816 1244 1900 Bavaric,
1260 1816 1453 1884 habitorum
1471 1815 1616 1881 faveant.

397 2006 415 2046 <r
431 1983 651 2050 Universitati
669 1984 859 2052 Leodicnsi.
871 1986 1072 2053 Audivimus
1086 1986 1221 2052 noviter
1235 1985 1326 2071 quod
1334 2005 1396 2052 vos
1405 1983 1632 2049 venerabilem
1649 1983 1710 2046 sra-

347 2098 438 2154 trem
454 2096 606 2153 nostmm
618 2139 641 2153 ..
654 2087 876 2155 Leodiensem
892 2091 1097 2177 episcopum,
1109 2111 1210 2175 quern
1219 2109 1281 2176 pro
1297 2088 1395 2155 bonis
1411 2081 1566 2174 operibus
1582 2085 1712 2152 debetis

346 2191 541 2272 defendere,
549 2192 784 2278 impugnantes
798 2193 928 2259 ratione
944 2201 1134 2260 nostrornm
1143 2213 1358 2280 processuum
1370 2200 1486 2258 contra
1496 2190 1711 2274 magnificum

346 2297 460 2361 virum
486 2294 706 2377 Ludovicum,
721 2297 843 2363 ducem
870 2296 1023 2377 Bavarie,
1038 2296 1236 2363 discorditer
1271 2297 1303 2360 in
1334 2295 1564 2361 Romanorum
1599 2315 1711 2378 regem

347 2400 509 2479 electum,
525 2419 566 2463 ex
580 2400 721 2465 notoriis
740 2402 838 2486 culpe
864 2398 922 2467 sue
946 2395 1119 2466 demeritis
1142 2401 1343 2480 habitorum,
1368 2398 1487 2485 quibus
1509 2397 1599 2464 idern
1626 2396 1712 2483 epis·

348 2512 457 2589 copus
466 2501 663 2568 obedienter
678 2505 900 2590 obtemperat,
913 2501 1021 2590 ipsum
1028 2505 1098 2590 jam
1114 2513 1214 2570 torvo
1224 2503 1390 2590 respicitis
1405 2502 1505 2569 oculo
1521 2509 1556 2567 ct
1577 2500 1712 2567 variatis

347 2607 528 2673 affectibus
543 2607 623 2672 estis
638 2607 668 2671 ei
685 2607 915 2693 multipliciter
930 2608 1020 2673 obvii
1043 2616 1078 2673 et
1104 2607 1248 2674 molesti.
1270 2606 1422 2693 Cumque
1451 2606 1599 2693 prefatus
1625 2605 1710 2691 epis·

350 2731 458 2798 copus
473 2710 714 2777 convenienter
728 2710 818 2777 aliud
834 2710 943 2777 facere
959 2720 1106 2797 nequeat
1122 2732 1223 2797 quam
1246 2719 1361 2778 sancte
1381 2710 1538 2776 Romane
1559 2709 1711 2792 ecclesie,

351 2821 455 2901 prout
470 2822 615 2895 tenetur,
631 2814 777 2895 obediat,
790 2835 854 2880 nec
870 2815 980 2901 ipsum
995 2815 1114 2882 deceat
1130 2815 1297 2882 mandatis
1313 2814 1513 2901 apostolicis
1535 2813 1711 2896 contraire,

349 2940 414 2984 vos
439 2919 582 3004 insuper,
610 2918 678 2999 lilii
703 2918 769 3003 qui,
794 2919 880 2984 sicut
907 2919 1137 3005 supponimus,
1162 2918 1380 2989 devotionern
1415 2907 1578 3004 integram
1611 2918 1712 3004 ipsius

349 3023 495 3088 ecclesie
520 3023 639 3103 colitis,
666 3023 790 3088 sentire
815 3023 849 3088 in
876 3023 941 3088 hiis
967 3022 1056 3089 idem
1082 3044 1159 3090 curn
1184 3024 1335 3111 predicto
1362 3024 1524 3109 episcopo
1549 3023 1711 3104 debeatis,

347 3126 603 3191 universitatem
619 3135 765 3192 vestram
780 3147 945 3212 rogamus,
961 3127 1134 3193 hortamur
1148 3134 1183 3193 et
1204 3148 1381 3193 monemus
1393 3135 1525 3192 attente
1537 3135 1711 3211 quatenus,

349 3251 414 3317 pro
438 3230 626 3295 reverentia
652 3238 767 3296 nostra
793 3239 829 3297 et
854 3231 1041 3318 apostolice
1064 3231 1167 3312 Sedis,
1196 3232 1304 3318 ipsum
1329 3231 1526 3317 episcopum
1550 3238 1712 3314 tanquam

351 3345 503 3401 vestrum
529 3335 736 3421 spiritualem
764 3343 905 3421 patrem,
930 3334 1015 3401 sicut
1040 3335 1155 3401 devoti
1181 3335 1331 3420 ejusdem
1354 3335 1495 3402 ecclesie
1523 3333 1591 3415 filii,
1616 3354 1710 3399 reve·

349 3448 475 3519 renter,
501 3448 538 3504 ut
568 3439 743 3520 condecet,
768 3447 803 3505 et
836 3439 1010 3505 caritative
1039 3447 1235 3519 tractantes,
1259 3447 1391 3505 remoto
1424 3439 1599 3523 cujuslibet
1633 3459 1712 3505 con-

354 3544 566 3611 tradictionis
581 3554 616 3610 et
631 3545 785 3611 molestie
806 3543 909 3625 tedio,
925 3545 987 3610 sibi
1007 3543 1175 3610 tamcirca
1191 3544 1437 3610 observantiam
1453 3543 1619 3609 dictorum
1635 3565 1711 3629 pro-

356 3670 520 3728 cessuum,
537 3667 638 3735 quarn
653 3650 718 3714 alia
733 3670 798 3734 que
814 3648 1042 3715 obedientiam
1058 3657 1092 3714 et
1109 3649 1273 3714 honorem
1289 3647 1429 3715 ecclesie
1444 3647 1595 3733 predicte
1611 3649 1712 3735 respi-

354 3756 457 3833 ciunt,
473 3763 572 3840 prout
599 3754 780 3840 expediens
803 3754 911 3834 luerit,
927 3754 976 3820 sic
991 3753 1215 3820 favorabiliter
1230 3754 1402 3834 assistatis,
1418 3751 1508 3838 quod
1523 3759 1598 3817 toto
1614 3772 1712 3837 posse

353 3858 605 3944 cognoscamini
636 3859 791 3944 prosequi
823 3858 911 3943 quod
947 3859 1050 3923 etiarn
1085 3858 1308 3945 prosequitur,
1335 3867 1370 3922 et
1397 3864 1575 3943 propterea
1601 3865 1713 3922 vestra

355 3961 497 4028 devotio
512 3961 601 4047 apud
618 3982 679 4026 nos
694 3970 729 4027 et
744 3961 850 4047 ipsam
871 3962 992 4028 Sedcm
1008 3961 1116 4048 dignis
1141 3963 1175 4027 in
1192 3962 1341 4028 Domino
1368 3960 1520 4027 laudibus
1542 3980 1713 4026 commen-

353 4065 462 4132 detur.
479 4065 558 4131 Dat.
574 4067 673 4129 Avin.
694 4085 730 4129 12
747 4064 813 4130 kal.
829 4065 907 4130 maii
924 4086 1014 4132 anno
1031 4067 1060 4131 8.
1078 4088 1095 4127 n

388 4205 450 4266 mg.
465 4173 525 4255 vat.
541 4206 595 4263 112,
610 4219 669 4267 pars
682 4205 716 4263 11,
728 4204 746 4253 r.
763 4206 812 4265 rav,
825 4219 850 4254 n.
863 4207 918 4253 911.

403 4383 544 4468 1320.
1401 4415 1494 4479 1324,
1511 4417 1552 4460 21
1576 4398 1672 4462 avrz'l.

403 4504 543 4569 Alberto
559 4503 600 4568 de
618 4499 823 4568 Mancasolis
839 4503 1008 4568 confertur
1033 4502 1249 4569 canonicatus
1275 4501 1416 4568 ecclesie
1444 4501 1639 4567 Placentine
1656 4501 1715 4564 sub

355 4607 595 4694 expectatione
610 4606 791 4692 prebende,
808 4628 876 4672 non
894 4610 1050 4673 obstante
1066 4607 1157 4692 quod
1173 4607 1206 4671 in
1231 4606 1349 4671 eadem
1374 4605 1515 4672 ecclesia
1530 4605 1716 4692 prepositu-

355 4733 439 4789 ram,
456 4711 540 4775 etin
557 4711 587 4775 S.
604 4710 769 4785 Antonini
786 4710 970 4776 Placentini
987 4719 1021 4776 et
1037 4712 1068 4775 S.
1085 4709 1249 4788 Johannis
1272 4709 1314 4776 de
1330 4709 1449 4775 Viculo
1471 4707 1716 4788 Marchionum,

359 4814 556 4882 Placentine
572 4814 724 4894 diocesis,
741 4814 960 4879 canonicatus
984 4823 1018 4879 et
1045 4814 1231 4900 prebendas
1247 4813 1388 4890 obtinet,
1405 4821 1439 4876 et
1456 4811 1489 4876 in
1506 4813 1537 4878 S.
1553 4811 1718 4890 Johannis

357 4919 556 4986 Leodiensis
594 4917 742 5002 ecclesiis
779 4920 839 4983 sub
878 4919 1115 5005 expectatione
1152 4917 1322 5004 prebende
1359 4918 1392 4981 in
1431 4917 1631 4983 canonicum
1668 4923 1719 4980 est

358 5031 526 5108 receptus.

409 5125 542 5192 Meritis
556 5135 655 5191 tue...
