4409 6017
916 739 1073 805 Deuxi‘eme
1094 741 1197 807 annio.
1673 742 1735 807 243

403 891 466 975 rjus
481 889 681 976 obsequium
698 889 785 957 circa
800 890 904 955 Terre
917 890 1039 957 Sancte
1054 912 1259 973 succursum,
1275 902 1391 958 noster
1406 900 1441 958 et
1455 901 1543 974 tuus,
1560 901 1597 958 ut
1606 893 1734 973 asseris,

403 994 482 1061 rudit
498 994 667 1060 ferventer
682 994 833 1077 affectus,
848 1003 884 1060 te
896 995 993 1079 juxta
1008 995 1165 1061 decentie
1180 997 1298 1082 regalis
1314 996 1519 1081 exigentiam
1534 1016 1677 1082 pronum
1700 1006 1735 1062 et

403 1098 554 1164 exibilem
569 1100 719 1184 prebeas,
735 1104 773 1162 ut
787 1096 928 1183 proinde
945 1096 1007 1183 ipsi
1023 1097 1112 1179 De0,
1128 1099 1225 1164 nobis
1240 1099 1344 1165 etiam
1367 1109 1402 1165 et
1417 1099 1545 1165 mundo
1561 1120 1733 1166 commen-

403 1202 503 1268 andus
518 1222 684 1268 occurras.
698 1200 785 1293 Etsi
801 1200 951 1282 forsitan,
962 1210 997 1265 te
1013 1201 1101 1267 circa
1117 1201 1150 1267 id
1164 1211 1260 1268 tuum
1276 1204 1441 1290 implente
1457 1205 1619 1286 debitum,
1635 1206 1733 1272 Flan-

403 1326 510 1372 renses
548 1305 609 1392 ipsi
642 1306 688 1371 sic
714 1304 889 1371 consilium
916 1305 1007 1391 pacis
1033 1306 1216 1391 abjecerint
1243 1315 1280 1372 ut
1306 1328 1381 1373 earn
1409 1309 1441 1373 in
1469 1310 1539 1395 ejus
1565 1310 1732 1377 contrario

403 1429 511 1475 uerere
538 1411 580 1474 sit
605 1429 753 1490 necesse,
780 1408 891 1493 cogita
914 1429 990 1474 cum
1015 1417 1075 1475 tuo
1102 1409 1307 1476 consilioue
1334 1420 1428 1477 recto
1452 1412 1578 1497 judicio
1602 1414 1733 1481 discute

403 1512 480 1579 uid⁰
495 1521 565 1579 tea
592 1512 688 1578 nobis
704 1512 791 1579 circa
814 1511 848 1578 id
874 1519 989 1598 petere
1014 1522 1048 1578 et
1074 1534 1137 1579 nos
1151 1513 1261 1579 facere
1283 1514 1412 1596 deceat,
1429 1523 1464 1581 et
1490 1536 1551 1581 nos
1574 1537 1614 1580 ex
1638 1519 1734 1584 nobis

403 1627 504 1683 ostros
518 1617 553 1682 in
577 1616 641 1683 hiis
655 1636 815 1683 acuemus
841 1637 918 1682 cum
942 1616 1116 1701 diligentia
1142 1617 1318 1701 cogitatus,
1334 1618 1492 1703 quicquid
1514 1618 1674 1685 decenter
1698 1622 1729 1686 in

403 1741 468 1785 rum
492 1721 644 1787 favorem
667 1730 702 1787 et
726 1720 760 1785 in
787 1720 1039 1807 depressionem
1071 1721 1293 1807 pertinacium
1320 1743 1379 1808 per
1412 1743 1474 1789 nos
1504 1723 1574 1788 fieri
1607 1726 1731 1809 poterit

404 1833 529 1912 rompta
543 1826 719 1891 voluntate
746 1825 874 1891 facturi.
892 1824 972 1890 Non
998 1825 1135 1911 expedit
1160 1834 1272 1891 autem
1297 1835 1335 1891 ut
1358 1834 1490 1903 tantam
1515 1827 1731 1896 securitatem

403 1950 519 1996 ssurnas
534 1951 575 1995 ex
590 1929 714 2015 treugis
740 1929 930 2015 hujusmodi
946 1930 1037 2015 quod
1063 1937 1151 1995 terre
1166 1939 1224 1996 tue
1250 1938 1324 1995 tute
1340 1930 1491 1996 custodie
1518 1940 1654 2019 propter
1676 1955 1732 2000 eas

404 2034 520 2119 egligas
543 2032 730 2120 providere,
758 2033 838 2118 quin
865 2033 977 2119 potius
1001 2054 1076 2099 earn
1103 2033 1137 2099 in
1162 2033 1228 2100 hoc
1253 2035 1419 2100 cautelam
1456 2035 1615 2102 adhibeas
1642 2039 1733 2121 quod

403 2138 537 2205 ralivolis
552 2146 754 2225 oportunam
771 2136 965 2204 facultatem
980 2137 1124 2204 nocendi
1147 2138 1285 2224 pandaS,
1302 2159 1378 2204 curn
1401 2159 1588 2225 supponere
1610 2142 1733 2208 debeas

403 2240 519 2329 lposse
531 2241 741 2327 contingere,
754 2242 844 2328 quod
860 2242 978 2309 asseris
993 2242 1035 2308 de
1050 2242 1204 2328 proximo
1219 2243 1407 2327 contigisse.
1420 2243 1521 2327 Quod
1536 2265 1616 2309 vero
1631 2245 1733 2312 dilec-

403 2367 447 2411 rm
470 2347 575 2413 filium
597 2346 746 2414 nobilem
770 2347 877 2412 virum
910 2345 1147 2433 H[enricum],
1163 2346 1338 2413 dominum
1354 2347 1485 2429 Soliaci,
1502 2369 1562 2434 pro
1585 2357 1731 2416 tractatu

403 2470 451 2516 urn
466 2450 648 2537 Flamingis
662 2452 820 2517 habendo
836 2451 923 2517 circa
937 2459 972 2516 te
987 2450 1122 2532 retines,
1138 2449 1181 2516 ad
1196 2450 1441 2537 providentiam
1457 2472 1614 2536 magnam
1632 2455 1731 2520 ascri·

403 2554 492 2638 imus,
508 2577 596 2637 cum,
610 2564 646 2622 et
661 2556 687 2623 si
704 2556 851 2623 fortassis
867 2558 1010 2635 abesset,
1026 2576 1104 2620 eum
1128 2575 1201 2621 esse
1223 2563 1402 2641 propterea
1425 2557 1651 2623 revocandum
1676 2580 1732 2623 ex-

403 2659 511 2727 ediens
526 2660 777 2727 crederemus...
799 2661 875 2726 Dat.
894 2680 911 2744 3
927 2658 994 2725 kal.
1010 2659 1140 2743 augusti
1159 2661 1215 2732 (¹).
1235 2684 1250 2716 a

409 2799 465 2863 Reg.
477 2798 538 2850 Vat.
551 2800 606 2861 109,
618 2800 636 2849 f.
650 2801 703 2857 181,
713 2813 738 2848 n.
752 2801 815 2856 692ς
828 2798 886 2847 Vat.
901 2800 953 2857 110,
967 2812 1025 2861 pars
1039 2798 1056 2855 l,
1070 2799 1088 2847 f.
1101 2801 1153 2859 abv,
1165 2812 1190 2845 11.
1204 2798 1242 2846 89.
1255 2825 1286 2831 -
1299 2797 1403 2858 (toulon,
1416 2812 1441 2847 n.
1455 2800 1501 2847 bril
1514 2799 1620 2860 (texte).

418 2971 532 3055 629.
1208 3080 1210 3084 Α
1362 2985 1473 3073 [1318,
1485 3008 1532 3070 jo
1542 2986 1686 3073 juillet}

417 3089 577 3170 Henrico,
589 3088 728 3155 domino
740 3088 871 3170 Soliaci,
887 3088 1039 3154 scribitur
1050 3088 1092 3154 de
1108 3088 1306 3174 quibusdam
1321 3088 1465 3174 negotiis
1480 3091 1572 3176 regni
1590 3089 1731 3157 Francie

403 3192 462 3258 ;de
478 3192 599 3258 nuntio
615 3192 648 3258 in
664 3192 813 3279 partibus
830 3191 987 3257 Flandrie
1003 3192 1182 3258 mittendo.

418 3402 434 3442 r
451 3378 587 3444 Dilecto
599 3377 667 3443 filio
682 3376 785 3443 nobili
802 3378 874 3441 viro
892 3377 1052 3457 Henrico,
1069 3376 1208 3442 domino
1223 3376 1354 3455 Soliaci,
1371 3376 1569 3443 buticulario
1581 3377 1732 3446 Francie.

403 3482 470 3549 uod
494 3489 635 3548 nuncet
659 3481 781 3547 alias...
799 3483 993 3566 Antequam
1018 3480 1259 3565 recepissemus
1274 3480 1403 3546 litteras
1430 3481 1536 3564 regias
1553 3482 1733 3548 novissime

403 3586 466 3652 obis
492 3586 618 3666 missas,
646 3585 948 3671 disposueramus..
976 3584 1090 3649 comiti
1124 3583 1280 3650 Flandrie
1306 3593 1340 3649 et
1365 3584 1464 3650 certis
1489 3586 1639 3670 personis
1662 3587 1734 3651 aliis

403 3708 469 3775 iper
485 3688 648 3755 firmanda
664 3698 699 3754 et
715 3687 915 3774 complenda
929 3708 1013 3773 pace
1029 3687 1182 3768 scribere,
1198 3697 1233 3752 et
1245 3689 1314 3773 jam
1330 3696 1425 3754 erant
1436 3688 1547 3753 littere
1564 3689 1716 3755 ordinate
1725 3712 1733 3770 ;

403 3792 522 3878 dquia
537 3794 649 3858 littere
675 3791 873 3857 videbantur
888 3792 959 3857 sine
985 3791 1106 3857 nuntio
1128 3791 1239 3857 minus
1264 3790 1426 3872 sufficere,
1442 3792 1497 3876 qui
1514 3801 1663 3857 nostram
1687 3793 1734 3856 in-

403 3897 560 3963 tutionem
575 3896 695 3962 clarius
710 3905 745 3961 et
760 3896 890 3981 plenius
905 3896 981 3960 viva
997 3916 1082 3960 voce
1098 3895 1300 3981 exprimeret
1316 3903 1482 3960 eteorum
1498 3896 1691 3976 rationibus,
1707 3897 1732 3960 si

404 4018 454 4066 uas
468 4001 578 4067 forsan
601 4010 837 4087 preponerent,
854 4001 1082 4085 responderet,
1099 4020 1197 4085 super
1213 3999 1332 4065 nuntio
1348 3999 1510 4065 fluctuare
1527 4000 1677 4085 cepimus
1700 4009 1735 4065 et

403 4102 480 4171 dhuo
495 4106 599 4171 etiam
616 4104 826 4170 fluctuamus.
843 4104 875 4167 Si
892 4104 983 4168 enim
1010 4103 1207 4188 elegerimus
1223 4103 1379 4168 nuntium
1403 4113 1496 4169 extra
1511 4125 1661 4189 regnum,
1678 4126 1734 4169 ve-

403 4226 482 4274 emur
496 4230 538 4274 ex
554 4208 723 4295 preteritis
738 4206 828 4292 quod
844 4228 912 4273 non
937 4208 984 4273 sic
1006 4207 1199 4292 prudenter,
1216 4207 1263 4273 sic
1292 4207 1465 4289 instanter,
1482 4208 1529 4274 sic
1554 4207 1734 4274 efficaciter

403 4320 590 4398 rosequatur
606 4312 779 4396 negotium
796 4321 832 4376 ut
848 4311 973 4396 negotii
991 4311 1134 4395 qualitas
1161 4311 1264 4395 exigit
1280 4318 1315 4376 et
1331 4311 1492 4376 interesse
1509 4311 1630 4377 insidet
1645 4311 1734 4377 votis

403 4416 516 4496 rostris5
544 4418 668 4482 sivero
690 4416 732 4480 de
747 4436 851 4500 regno
868 4415 1065 4500 elegerimus
1089 4414 1277 4497 oriundum,
1292 4435 1447 4480 veremur
1466 4416 1555 4500 quod
1579 4426 1733 4481 occurrat

403 4529 543 4602 upeetus
559 4519 829 4600 Flandrensibus,
842 4528 876 4584 et
892 4541 950 4605 per
966 4540 1177 4603 consequens
1190 4519 1280 4604 quod
1291 4520 1361 4605 ejus
1376 4520 1568 4605 prosecutio
1584 4540 1642 4605 spe
1653 4539 1732 4584 con-

403 4631 475 4712 lepta
497 4625 676 4691 frustretur.
705 4623 865 4690 Finaliter
889 4633 1002 4689 autem
1028 4624 1137 4688 visum
1162 4631 1214 4688 est
1239 4623 1334 4689 nobis
1361 4623 1542 4707 elegibilius
1565 4623 1607 4689 de
1629 4644 1733 4708 regno

403 4722 514 4808 mittere,
529 4729 704 4814 presertim
720 4749 796 4794 cum
809 4730 878 4812 jam
894 4736 1029 4793 tantum
1041 4728 1083 4792 sit
1100 4748 1294 4813 processum
1310 4728 1342 4791 in
1360 4728 1497 4812 negotio
1514 4727 1604 4811 quod
1625 4747 1732 4812 pauca

443 5151 458 5198 l·
468 5156 520 5207 Pour
531 5162 632 5227 latiale,
646 5181 703 5227 roy.
719 5181 743 5214 n.
754 5169 808 5214 li‘lf.
823 5173 889 5217 nmo.
