4409 6017
327 1723 346 1978 t

909 723 1067 790 Deuxieme
1088 726 1190 790 annes.
1541 788 1542 792 ,
1673 728 1730 795 169

373 873 572 954 postellan0,
589 873 712 938 nostris
737 883 772 938 et
792 874 977 959 apostolice
1001 873 1095 940 Sedis
1119 875 1254 942 nuntiis.
1279 875 1330 940 Ex
1350 879 1512 943 relatione
1536 878 1649 944 dilecti
1674 877 1731 943 filii

375 974 518 1059 magistri
537 975 705 1063 Radulphi
730 978 773 1043 de
788 976 935 1057 Perellis,
951 978 1129 1043 consiliarii
1153 980 1310 1048 carissimi
1333 981 1366 1046 in
1383 980 1518 1047 Christo
1545 982 1602 1046 filii
1626 981 1732 1048 nostri

376 1078 453 1162 regis
470 1077 615 1146 Francie
630 1088 665 1145 et
681 1079 832 1146 Navarre
848 1081 991 1162 illustris,
1007 1082 1064 1166 qui
1087 1082 1193 1166 regias
1208 1104 1243 1148 se
1266 1085 1430 1170 recepisse
1452 1106 1550 1170 super
1565 1085 1630 1151 hoc
1645 1106 1732 1151 asse·

377 1182 435 1247 ruit
448 1182 590 1264 litteras,
606 1184 766 1250 miranter
781 1185 971 1270 accepimus
986 1186 1078 1270 quod
1094 1184 1122 1250 F
1123 1187 1276 1271 lamingis
1290 1209 1360 1252 non
1378 1189 1443 1269 ille,
1459 1210 1559 1273 quern
1576 1189 1732 1255 credeba-

378 1307 444 1352 mus
455 1288 554 1372 juxta
569 1289 740 1354 verbalem
754 1290 1025 1374 prosecutionem
1041 1310 1168 1369 eorum,
1186 1290 1273 1356 inest
1288 1292 1332 1357 ad
1346 1313 1465 1377 paceni
1482 1293 1631 1371 affectus,
1653 1293 1733 1358 dum

378 1391 527 1476 petitioni
544 1393 783 1457 nonnullorum
799 1393 965 1473 insistunt,
981 1415 1045 1478 que
1062 1403 1120 1460 aut
1136 1394 1320 1480 periculosa
1334 1404 1393 1461 aut
1409 1397 1506 1462 nimis
1521 1396 1668 1463 difficilia
1679 1397 1734 1460 vel

381 1496 500 1579 regium
517 1495 623 1562 decus
646 1495 844 1562 dedeceutia
869 1506 1101 1582 reputantura
1128 1499 1252 1566 multis.
1269 1499 1309 1564 ln
1337 1500 1455 1585 quibus
1479 1500 1539 1566 sibi
1568 1521 1636 1565 non
1661 1521 1735 1585 spe-

381 1608 495 1680 rantes,
511 1600 724 1684 aliquatenus
740 1600 879 1666 forsitan
895 1600 997 1664 animi
1014 1603 1227 1668 occasionem
1243 1603 1400 1669 videntur
1415 1625 1552 1688 querere
1575 1625 1594 1669 a
1610 1604 1734 1689 perfec-

381 1703 465 1768 tione
483 1712 520 1768 et
536 1703 736 1769 solidatione
751 1713 894 1770 tractate
910 1705 1090 1770 concordie
1107 1707 1292 1773 divertendi
1303 1730 1312 1787 ;
1324 1707 1475 1773 feruntur
1485 1708 1609 1773 etenim
1621 1717 1736 1793 petere

381 1807 462 1891 quod
477 1817 539 1873 aut
554 1816 702 1873 castrum
716 1808 759 1873 de
774 1807 925 1874 Cassello
941 1830 1073 1876 exnunc
1088 1812 1223 1896 penitus
1246 1811 1395 1877 diruatur
1416 1813 1471 1875 vel
1487 1811 1577 1896 quod
1592 1832 1650 1876 rex
1667 1812 1736 1897 ipse

380 1911 428 1976 det
443 1912 494 1977 eis
510 1911 665 1996 hostagia
679 1912 722 1977 de
737 1919 848 1978 castro
864 1912 938 1998 ipso
952 1914 1039 1978 circa
1056 1913 1159 1978 finem
1175 1922 1366 2000 treugarum
1390 1916 1423 1979 in
1440 1935 1482 1981 eo
1505 1922 1595 1980 statu
1611 1914 1645 1979 in
1670 1935 1737 1999 quo

381 2036 462 2081 nunc
479 2036 555 2081 esse
570 2015 752 2082 dinoscitur
767 2015 979 2097 dimittendo,
996 2025 1053 2082 aut
1064 2018 1156 2101 quod
1168 2018 1275 2104 ipsum
1293 2027 1440 2084 castrum
1450 2019 1599 2085 tradatur
1611 2017 1737 2097 comiti,

380 2119 529 2205 hostagia
544 2102 778 2204 competentia
786 2120 828 2185 de
844 2120 917 2205 ipso
932 2120 1187 2187 restituendum
1203 2122 1349 2188 termino
1359 2123 1426 2207 regi
1443 2123 1562 2189 daturo
1577 2122 1738 2209 predicto.

380 2222 470 2289 Licet
483 2230 601 2288 autem
613 2222 656 2288 ad
667 2223 747 2309 quid
759 2243 819 2308 per
833 2224 897 2289 hec
912 2224 1064 2305 tendant,
1081 2225 1161 2291 satis
1177 2233 1337 2312 appareat
1353 2227 1488 2292 cuilibet
1504 2227 1740 2313 perspicaciter

380 2328 535 2407 intuenti,
551 2335 589 2392 ut
603 2335 718 2393 tamen
734 2348 792 2393 sua
819 2327 881 2393 sibi
908 2328 1090 2394 mentiatur
1105 2330 1272 2413 iniquitas
1291 2339 1326 2396 et
1350 2338 1397 2410 ut,
1414 2330 1494 2396 dum
1512 2330 1545 2394 in
1569 2351 1627 2396 eos
1642 2331 1740 2415 culpa

380 2432 524 2497 finaliter
538 2431 754 2512 reffundetur,
771 2431 930 2497 adversus
946 2452 1061 2497 eorum
1078 2434 1327 2500 contumaciam
1343 2444 1480 2500 nostros
1493 2434 1613 2519 justius
1629 2435 1740 2498 valea·

309 2571 311 2594 .
378 2558 451 2602 mus
485 2555 663 2621 exagerare
697 2555 882 2620 processus,
904 2537 1069 2602 nollemus
1093 2536 1184 2621 quod
1211 2538 1345 2623 incepta
1372 2558 1448 2604 cunr
1474 2538 1538 2602 illis
1563 2546 1742 2623 propterea

309 2679 310 2696 r
378 2648 625 2725 rumperentur,
647 2640 727 2724 quin
753 2640 857 2704 immo
884 2639 1065 2724 expediens
1091 2641 1302 2707 crederemus
1324 2649 1359 2707 et
1387 2643 1477 2722 utile,
1493 2649 1530 2706 ut
1555 2644 1596 2707 ab
1621 2640 1741 2705 eodem

381 2744 509 2809 comite
525 2743 605 2808 talia
620 2763 681 2828 pro
697 2751 808 2808 castro
825 2743 897 2829 ipso
913 2752 1108 2829 peterentur
1122 2745 1260 2829 ostagia,
1283 2767 1347 2830 que
1368 2752 1540 2831 putaretur
1554 2746 1743 2809 nullatenus

380 2848 471 2912 velle
492 2845 583 2927 dare,
600 2856 637 2912 ut
659 2846 832 2933 petitionis
855 2846 1004 2932 predicte
1028 2846 1208 2914 difficultas
1229 2848 1264 2913 in
1289 2870 1366 2914 eum
1391 2850 1504 2935 potius
1529 2847 1742 2927 redundaret,

380 2971 441 3036 per
457 2949 550 3036 quod
565 2960 679 3035 posset
695 2951 821 3017 facilius
835 2950 957 3016 retrahi
974 2954 1016 3015 ab
1033 2951 1221 3017 inordinata
1230 2953 1393 3038 petitione
1412 2953 1573 3039 predicta,
1584 2954 1636 3017 vel
1654 2952 1743 3036 quod

379 3054 558 3120 offerretur
573 3055 682 3120 eidem
699 3055 814 3120 comiti
831 3056 863 3119 in
881 3063 1026 3120 castrum
1048 3055 1166 3140 ipsum,
1188 3058 1397 3142 presentibus
1419 3057 1516 3121 bonis
1541 3047 1630 3135 viriS,
1647 3056 1743 3121 unica

378 3160 465 3237 vice,
482 3180 523 3223 ea
538 3167 671 3224 tantum
688 3159 889 3224 inmittenda
905 3159 1059 3238 munitio,
1076 3180 1142 3243 que
1158 3159 1309 3226 sufficere
1324 3169 1438 3246 posset
1454 3181 1557 3244 usque
1574 3160 1616 3225 ad
1641 3160 1742 3223 finem

378 3274 573 3346 treugarum
600 3263 755 3348 ipsarum,
779 3269 814 3327 et
840 3262 1077 3328 nichilominus
1108 3266 1168 3328 sub
1190 3264 1351 3348 juratoria
1378 3264 1532 3330 cautione
1560 3263 1744 3348 promissio,

378 3387 544 3454 penarum
572 3376 606 3431 et
636 3367 865 3450 gravaminum
890 3367 1077 3452 adjectione
1093 3368 1257 3445 vallanda,
1274 3369 1365 3452 quod
1388 3361 1522 3433 interim
1553 3368 1631 3431 illuc
1654 3369 1746 3432 nulla

379 3471 528 3537 munitio
544 3471 609 3536 alia
621 3470 804 3550 inferretur,
817 3480 873 3535 aut
885 3471 975 3554 quod
992 3472 1093 3536 etiarn
1104 3493 1165 3557 per
1178 3481 1323 3537 vestram
1340 3472 1617 3557 circumspectam
1634 3471 1744 3536 indus·

380 3577 483 3640 triam
499 3575 610 3659 aliqua
624 3575 688 3639 alia
704 3575 757 3639 via
774 3574 979 3639 inveniretur
994 3584 1161 3659 oportuna
1178 3575 1315 3657 negotio
1333 3585 1367 3640 et
1379 3574 1407 3638 F
1409 3576 1563 3659 lamingis
1574 3574 1746 3639 offerretur

382 3678 521 3754 eisdem,
539 3679 631 3762 cujus
648 3678 836 3764 repulsione
864 3678 995 3743 illorum
1019 3688 1134 3765 posset
1161 3688 1196 3743 et
1216 3678 1354 3744 deberet
1379 3678 1508 3763 gravari
1536 3678 1685 3744 conditio
1711 3687 1746 3742 et

383 3782 466 3848 dicti
493 3782 581 3866 regis
604 3782 733 3866 justitia
759 3782 909 3847 relevari.
938 3782 1025 3864 Quia
1050 3782 1151 3867 igitur
1166 3783 1231 3848 hoc
1258 3791 1308 3848 est
1327 3784 1362 3846 in
1390 3803 1522 3847 summa
1549 3780 1746 3846 intentionis

383 3895 499 3952 nostre
515 3885 752 3970 compendium
778 3895 815 3950 ut
830 3895 883 3951 tot
910 3895 943 3950 et
968 3893 1064 3951 tanta
1076 3885 1172 3970 juxta
1198 3886 1365 3950 rationem
1393 3894 1427 3951 et
1450 3886 1640 3952 decentiam
1666 3883 1746 3950 dicti

383 3989 480 4074 regis,
494 3997 675 4073 antequam
685 3998 858 4075 rumpatur
869 3998 1031 4056 tractatus
1042 3990 1206 4075 inceptus,
1219 4012 1260 4054 ex
1277 4000 1370 4075 parte
1386 3991 1476 4075 regia
1491 3990 1638 4056 debeant
1651 3988 1749 4054 dictis

385 4093 569 4178 Flamingis
585 4092 704 4174 offerri,
720 4094 851 4178 quodsi
876 4116 915 4158 ea
931 4102 1107 4179 acceptare
1132 4095 1310 4170 renuerint,
1329 4114 1389 4159 nos
1416 4102 1450 4159 et
1465 4115 1522 4158 rex
1552 4094 1622 4179 ipse
1647 4094 1749 4157 simus

384 4198 473 4283 apud
490 4198 601 4262 Deum
618 4206 652 4262 et
667 4197 821 4262 homines
837 4198 994 4277 excusati,
1007 4218 1183 4283 processus
1195 4208 1337 4278 nostros,
1351 4207 1514 4282 quantum
1534 4198 1606 4262 sine
1623 4196 1750 4261 offensa

386 4301 449 4366 Dei
463 4301 534 4366 fieri
551 4302 686 4386 poterit,
702 4301 734 4365 in
753 4322 868 4365 eorum
883 4302 1088 4386 proterviam
1105 4303 1329 4386 aggravando,
1347 4302 1537 4367 discretioni
1555 4309 1666 4365 vestre
1690 4320 1749 4384 per

386 4404 575 4491 apostolica
586 4404 710 4490 scripta
724 4404 941 4491 precipiendo
957 4405 1158 4470 mandamus
1169 4405 1324 4488 quatinus
1335 4426 1406 4484 vos,
1419 4414 1517 4490 prout
1529 4414 1563 4469 et
1574 4402 1749 4482 condecet,

387 4509 611 4575 intentionem
628 4517 777 4574 nostram
793 4508 981 4592 hujusmodi
999 4518 1214 4592 exequentes,
1225 4509 1385 4593 premissa
1401 4509 1514 4572 omnia
1526 4510 1622 4592 juxta
1638 4507 1750 4572 datam

389 4613 483 4677 vobis
492 4635 513 4677 a
522 4611 597 4676 Deo
608 4611 828 4696 prudentiam,
837 4622 906 4676 tarn
919 4611 1032 4677 debite
1045 4634 1146 4696 quarn
1156 4612 1295 4693 solicite,
1313 4621 1474 4696 quantum
1489 4613 1520 4676 in
1536 4612 1631 4676 vobis
1645 4610 1750 4689 fuerit,

391 4717 516 4782 faciatis
533 4716 672 4800 impleri.
691 4714 764 4780 Nos
780 4735 869 4793 vero,
887 4716 967 4780 licet
992 4716 1086 4781 vobis
1113 4716 1280 4781 indicendi
1309 4724 1441 4798 treugas
1467 4725 1671 4801 potestatem
1695 4714 1750 4779 tri-

392 4822 500 4887 buisse
516 4820 698 4905 plenariam
715 4840 940 4884 memoremur
958 4828 968 4893 l
977 4821 1014 4899 1'),
1032 4820 1108 4904 quia
1133 4828 1247 4884 tamen
1264 4841 1322 4904 per
1347 4841 1409 4885 nos
1435 4820 1558 4885 indicte
1583 4820 1614 4883 in
1631 4818 1750 4904 potiori

396 4925 605 4990 observantia
621 4933 796 5009 sperantur
812 4924 935 5002 haberi,
952 4946 1007 4988 eas
1023 4946 1127 5009 usque
1143 4925 1185 4989 ad
1201 4925 1328 4990 instans
1351 4924 1471 4989 festum
1490 4922 1753 4988 Resurrectionis
