4409 6017
512 678 570 743 414
1055 687 1201 767 Septitme
1222 692 1324 757 annea

556 826 702 912 1095.
969 839 972 846 ’
1450 887 1453 892 ·
1500 837 1503 843 ¹
1544 881 1645 943 1322,
1700 864 1835 932 octobre.

555 952 659 1019 Priori
675 955 872 1022 Sanctorum
882 955 1035 1039 Quatuor
1045 953 1290 1022 Coronatorum
1305 958 1348 1025 de
1360 959 1452 1026 Urbe
1464 972 1499 1028 et
1522 883 1866 1035 decanoztmbianen·

509 1057 555 1121 sis
587 1079 627 1124 ac
660 1061 789 1126 cantori
814 1058 1018 1126 Turonensis
1045 1060 1262 1126 eeclesiarum
1291 1064 1469 1131 mandatur
1497 1076 1668 1153 quatenus
1703 1070 1865 1137 conferant

511 1160 677 1228 Riccardo
700 1162 742 1228 de
764 1162 941 1229 Anibaldis
955 1161 999 1226 de
1016 1159 1120 1244 Urbe,
1136 1165 1311 1257 capellano
1328 1164 1569 1253 Neapoleonis,
1595 1171 1629 1237 S.
1645 1172 1794 1240 Adriani
1811 1175 1864 1241 dia·

509 1265 586 1329 coni
604 1266 790 1349 cardinalis,
813 1265 1051 1333 canonicatum
1066 1274 1102 1331 et
1127 1268 1334 1352 prebendam
1359 1271 1502 1338 ecclesie
1524 1273 1556 1339 S.
1574 1272 1719 1341 Finnini
1744 1279 1864 1345 Ambia-

508 1370 620 1436 nensis
643 1379 802 1437 vacantes
824 1391 885 1458 per
911 1370 1041 1435 obitum
1059 1368 1151 1435 Petri
1166 1371 1208 1437 de
1225 1372 1368 1456 Comite,
1385 1395 1453 1440 non
1470 1380 1628 1445 obstante
1645 1380 1744 1465 quod
1756 1380 1796 1446 in
1816 1380 1864 1446 La-

506 1475 686 1557 teranensi,
712 1474 950 1556 Lincolniensi,
976 1474 1220 1557 Cameracensi,
1233 1476 1460 1562 ¹Tomacensi,
1485 1483 1709 1550 Ambianensi
1742 1494 1779 1551 et
1813 1485 1863 1551 lle

506 1579 614 1644 mensi
630 1580 781 1645 ecclesiis
804 1578 1023 1645 canonicatus
1038 1586 1073 1643 et
1088 1580 1276 1665 prebendas
1302 1583 1435 1649 obtinet
1457 1586 1541 1651 etin
1566 1587 1690 1653 eadem
1718 1588 1864 1654 Remensi

505 1683 648 1748 ecclesia
670 1683 869 1768 dignitatem
884 1688 1052 1767 expectat.

552 1785 689 1851 Dudum
706 1785 924 1871 fidedignis...

550 1890 629 1956 Dat.
644 1890 746 1956 Avin.
764 1908 782 1975 7
799 1890 843 1956 id.
860 1886 1008 1956 octobris
1023 1910 1113 1955 anno
1131 1907 1160 1974 7.

539 2060 600 2121 Reg.
612 2064 660 2108 Au.
673 2062 711 2119 18,
724 2061 742 2110 i.
757 2063 831 2117 132v;
845 2061 903 2108 Vat.
916 2063 955 2120 tt,
968 2061 986 2108 i.
998 2062 1049 2119 79¹,
1062 2075 1086 2108 n.
1100 2062 1155 2108 173.

552 2290 863 2375 1096-1097.
1536 2327 1633 2390 1322,
1650 2330 1673 2395 9
1690 2314 1828 2377 octobre.

552 2409 656 2475 Priori
673 2410 829 2475 secularis
844 2409 876 2473 S.
892 2407 1057 2487 Johannis
1072 2408 1115 2473 de
1132 2406 1403 2490 Vallemontone,
1420 2408 1555 2493 Signine
1570 2404 1728 2497 diocesis,
1746 2423 1782 2480 et
1796 2435 1863 2481 mn·

504 2514 569 2579 tori
590 2513 794 2579 Turonensis
809 2533 849 2578 ac
865 2512 966 2578 Petro
991 2512 1033 2577 de
1049 2511 1271 2593 Collemedi0,
1288 2512 1465 2579 scolastico
1492 2513 1751 2584 Cameracensis
1766 2520 1863 2585 eccle

503 2618 635 2698 siarum,
651 2616 829 2682 mandatur
853 2623 1019 2701 quatenus
1042 2614 1218 2681 conferant
1242 2609 1358 2681 Paulo
1371 2614 1414 2681 de
1441 2614 1585 2696 Comite,
1600 2622 1815 2688 'consobrino
1835 2631 1864 2686 et

502 2722 677 2806 capellano
693 2718 933 2806 Neapoleonis,
949 2718 1127 2785 S.Adriani
1142 2718 1276 2785 diaconi
1292 2718 1480 2801 cardinalis
1491 2722 1733 2789 canonicatum
1750 2734 1787 2791 et
1800 2745 1865 2813 pre·
1901 2775 1903 2782 ‚

501 2823 646 2889 bendam
671 2823 812 2889 ecclesie
838 2823 881 2888 de
908 2823 939 2887 S.
963 2822 1169 2904 Audomaro,
1199 2817 1404 2888 Morinensis
1431 2823 1584 2907 diocesis,
1615 2837 1784 2895 vacantes
1812 2847 1865 2915 per

377 2961 383 2972 ·
500 2927 629 2992 obitum
647 2926 735 2991 Petri
751 2926 795 2991 de
812 2925 955 3007 Comite,
972 2925 1005 2990 in
1021 2925 1120 2991 dictis
1135 2926 1295 3011 partibus,
1314 2930 1331 2989 6
1348 2924 1392 2991 id.
1408 2927 1610 3011 septembris
1624 2930 1863 3018 proximepre

497 3030 599 3111 teriti,
614 3029 775 3109 defuncti,
791 3050 859 3094 non
890 3031 1048 3094 obstante
1077 3029 1168 3114 quod
1192 3028 1302 3094 dictus
1327 3027 1449 3093 Paulus
1473 3030 1506 3093 in
1537 3030 1676 3096 basilica
1705 3032 1864 3119 Principis

498 3135 726 3219 apostolorum
749 3134 791 3199 de
820 3132 923 3214 Urbe,
956 3132 1125 3214 Remensi,
1156 3133 1365 3213 Camotensi,
1404 3132 1599 3213 Senonensi,
1631 3124 1863 3215 Ambianensi,

500 3237 675 3324 Bajocensi
691 3237 908 3303 canonicatus
923 3245 958 3301 et
983 3237 1170 3322 prebendas
1197 3237 1329 3302 obtinet
1353 3237 1437 3301 etin
1456 3236 1704 3305 Lichefeldensi
1718 3241 1864 3307 ecclesiis

499 3342 735 3407 canonicatum
751 3352 786 3406 et
797 3341 1001 3426 prebendam
1016 3349 1176 3406 vacantes
1190 3361 1251 3427 per
1265 3348 1411 3405 mortem
1426 3341 1506 3406 dicti
1524 3340 1624 3422 Petri,
1641 3364 1728 3426 quos
1746 3364 1863 3431 expec-

497 3453 638 3525 taverat,
669 3465 775 3529 nuper
819 3445 1019 3530 acceptavit,
1057 3452 1091 3507 et
1130 3444 1375 3529 preposituram
1412 3442 1628 3524 Nivellensis,
1669 3445 1863 3513 Leodiensis

497 3548 649 3628 diocesis,
671 3549 823 3628 ecclesie,
839 3548 910 3612 sine
933 3568 1021 3627 cura,
1037 3555 1072 3611 et
1087 3548 1230 3612 ruralem
1243 3548 1422 3612 ecclesiam
1438 3548 1470 3611 S.
1486 3548 1610 3628 Zodici,
1632 3548 1774 3633 Signine
1799 3551 1862 3616 dio

497 3652 629 3732 cesiS,et
644 3652 820 3716 ecclesiam
836 3650 1050 3716 S.Salvatoris
1060 3650 1278 3732 Theanensis,
1295 3671 1371 3716 cum
1388 3671 1476 3731 cura,
1492 3672 1531 3716 ac
1543 3650 1693 3737 quedam
1702 3653 1862 3718 beneficia

497 3755 568 3819 sine
592 3775 670 3819 cura
685 3755 717 3817 in
745 3754 892 3834 civitate,
915 3755 1038 3819 diocesi
1055 3763 1090 3819 et
1106 3755 1279 3839 provincia
1291 3754 1451 3839 Capuana
1467 3755 1608 3819 obtinet.

544 3858 679 3923 Dudum
697 3857 911 3941 fidedignis...

545 3961 622 4025 Dat.
639 3962 738 4026 Avin.
757 3979 775 4044 7
792 3961 835 4025 id.
853 3962 999 4026 octobris
1014 3981 1104 4025 anno
1121 3979 1150 4044 7.

532 4128 592 4188 aeg.
605 4131 652 4175 nv.
668 4131 703 4187 rs,
716 4129 735 4177 r.
751 4131 795 4176 133
814 4129 891 4185 flue.
904 4131 943 4187 rr,
953 4128 973 4177 r.
986 4133 1024 4188 ao,
1038 4144 1062 4177 n.
1077 4131 1131 4179 rrr.

544 4330 644 4391 1097.
662 4318 859 4383 -Eisdem
884 4318 1062 4384 mandatur
1087 4326 1252 4402 quatenus
1278 4319 1453 4384 conferant
1480 4319 1590 4401 Petro,
1615 4329 1700 4388 nato
1725 4320 1857 4387 Mironis

501 4424 647 4490 Gratiosi
664 4426 706 4490 de
721 4422 992 4502 Vallemontone,
1014 4422 1137 4487 clerico
1149 4422 1283 4506 Signine
1302 4423 1453 4504 diocesis,
1476 4424 1716 4492 canonicatum
1736 4433 1772 4492 et
1792 4444 1854 4511 pre·

499 4528 646 4592 bendam
671 4526 810 4592 ecclesie
835 4525 866 4590 S.
895 4523 983 4589 Petri
1012 4524 1172 4605 Ariensis,
1200 4524 1404 4591 Morinensis
1439 4526 1592 4609 diocesis,
1617 4538 1780 4595 vacantes
1804 4545 1854 4613 per

501 4631 630 4695 obitum
648 4630 737 4695 Petri
764 4630 806 4694 de
822 4627 967 4708 Comite,
983 4617 1183 4713 inpartibus
1209 4628 1283 4711 illis,
1301 4634 1318 4693 6
1336 4630 1380 4696 id.
1396 4631 1597 4716 septembris
1620 4634 1776 4718 proxime
1790 4651 1851 4718 pre·

496 4735 598 4816 teriti,
614 4735 775 4814 defrmcti,
792 4732 1058 4798 consideratione
1075 4731 1315 4817 Neapoleonis,
1327 4734 1357 4800 S.
1370 4734 1508 4800 Adriani
1529 4735 1663 4801 diaconi
1676 4733 1849 4801 cardinalis.
1901 4728 1903 4768 ⁵

544 4838 681 4903 Dudum
704 4837 920 4921 fidedignis...

506 5033 509 5038 .
544 4940 623 5005 Dat.
639 4940 738 5005 Avin.
757 4959 776 5023 7
793 4939 836 5003 id.
853 4938 999 5003 octobris
1014 4957 1104 5001 anno
1121 4955 1150 5020 7.

532 5106 593 5166 Reg.
606 5108 653 5154 Ar.
667 5108 703 5162 18,
718 5107 735 5152 l.
750 5106 808 5152 l3ll
819 5119 824 5152 ;
837 5101 896 5149 vat.
909 5103 948 5152 74.
960 5102 977 5149 i.
991 5103 1041 5156 80',
1053 5115 1078 5148 n.
1093 5102 1147 5147 176.
