4409 6017
902 742 1060 810 norsum
1081 746 1183 811 annte.

404 903 569 969 Exhibita
584 902 714 969 nobis...

402 1007 483 1072 Dat.
500 1006 600 1070 Avin.
622 1026 659 1071 10
675 1006 741 1071 kal.
758 1006 951 1072 novembris
967 1026 1058 1071 anno
1075 1027 1105 1090 3.

400 1128 464 1189 neg.
476 1129 524 1176 nv.
538 1126 606 1186 11,1.
620 1128 679 1174 102v
692 1142 697 1183 ;
711 1125 768 1173 vat.
782 1127 820 1183 aa,
834 1126 851 1173 r.
864 1127 902 1183 ar,
914 1138 940 1173 n.
957 1128 1011 1173 ror.

402 1281 520 1366 658.
1377 1298 1470 1378 1318,
1487 1316 1508 1358 2
1505 1316 1529 1377 3
1546 1296 1681 1359 octobre.

403 1402 529 1466 Abbati
546 1402 741 1467 monasterii
757 1402 788 1466 S.
808 1401 963 1486 Foyllani
977 1402 1072 1487 juxta
1090 1400 1246 1481 Rodium,
1258 1400 1578 1466 Premonstratensis
1590 1399 1725 1478 ordinis,

362 1504 618 1572 Cameracensis
632 1504 786 1586 diocesis,
802 1505 980 1571 mandatur
995 1513 1163 1590 quatenus
1178 1525 1255 1571 cum
1271 1504 1371 1571 fratre
1389 1504 1510 1590 Egidio
1532 1503 1575 1569 de
1592 1502 1725 1568 Lemer-

362 1612 454 1690 licre,
471 1611 638 1676 canonico
653 1610 802 1695 ejusdem
819 1610 1025 1689 monasterii,
1042 1611 1074 1674 in
1091 1610 1290 1676 diaconatus
1313 1610 1430 1676 ordine
1446 1610 1643 1689 constituto,
1660 1608 1725 1674 dis-

365 1724 484 1801 penset
500 1723 537 1781 ut
553 1715 587 1779 in
604 1714 768 1799 susceptis
783 1714 954 1780 ordinibus
969 1714 1158 1780 ministrare
1185 1724 1219 1780 et
1244 1714 1276 1779 in
1292 1714 1513 1800 presbiterum
1537 1713 1725 1799 promoveri

368 1820 488 1897 valeat,
515 1839 584 1885 non
611 1821 768 1884 obstante
793 1817 883 1902 quod
917 1818 1052 1904 penitus
1078 1819 1234 1903 ignorans
1258 1818 1425 1903 quendam
1458 1838 1598 1904 puerum
1629 1839 1728 1904 super

370 1923 510 2007 quadam
526 1923 683 2008 congerie
697 1922 787 1988 bladi
804 1922 996 1988 latitantem
1009 1923 1198 1989 occidisset.

412 2027 461 2091 Ex
477 2036 573 2113 parte
588 2036 679 2093 tua...

411 2131 487 2196 Dat.
502 2132 604 2196 Avin.
626 2152 663 2196 10
678 2131 745 2196 kal.
761 2132 951 2197 novembris
966 2153 1056 2197 anno
1074 2154 1102 2217 3.

401 2260 991 2323 ueg.Av.11‚f.ssv;Vai.os‚f.senna.

309 2433 310 2442 ¹
413 2434 525 2519 659-
1379 2452 1684 2533 13182501111111.

414 2551 652 2618 Bartholomeo
676 2554 718 2619 de
744 2552 1047 2638 Calamandranna,
1083 2555 1205 2621 clerico
1232 2554 1352 2635 Caroli,
1385 2556 1470 2640 regis
1497 2553 1636 2619 Francie
1661 2554 1728 2634 filii,

376 2658 500 2722 comitis
513 2655 677 2735 brachie,
690 2667 878 2725 reservatur
886 2658 1031 2744 dignitas
1040 2680 1099 2725 seu
1111 2667 1310 2746 personatus
1319 2660 1374 2724 vel
1387 2658 1534 2725 officium
1546 2660 1578 2725 in
1589 2660 1730 2726 ecclesia

378 2758 556 2842 Leodiensi,
573 2781 642 2828 non
658 2763 815 2826 obstante
831 2761 922 2846 quod
938 2763 1176 2828 canonicatum
1201 2770 1235 2827 et
1251 2762 1455 2848 prebendam
1472 2762 1505 2827 in
1522 2761 1729 2843 Belvacensi,

374 2880 413 2927 ac
425 2865 455 2930 in
473 2864 672 2931 virdunensi
690 2873 723 2930 et
738 2865 890 2951 predicta
907 2864 1084 2931 Leodiensi
1109 2864 1259 2932 ecclesiis
1285 2866 1503 2932 canonicatus
1527 2870 1587 2933 sub
1610 2887 1730 2953 expec-

378 2969 497 3035 tatione
512 2969 758 3055 prebendarum
774 2970 916 3035 obtinet.
1620 2997 1622 3001 ·

417 3071 583 3139 Nobilitas
597 3074 759 3156 generis...

416 3177 490 3244 Dat.
507 3177 608 3242 Avin.
626 3181 644 3243 8
662 3178 727 3244 kal.
743 3181 935 3245 novembris
950 3202 1041 3246 anno
1058 3203 1086 3266 3.

415 3281 449 3349 ln
467 3306 497 3350 e.
515 3304 560 3349 m.
576 3282 688 3350 abbati
706 3282 899 3347 monasterii
916 3282 947 3348 S.
964 3282 983 3360 J
986 3283 1082 3348 acobi
1100 3282 1296 3349 Leodiensis
1311 3304 1351 3349 ac
1366 3284 1496 3350 decano
1519 3283 1731 3350 Ebroicensis

373 3390 404 3446 et
419 3387 552 3454 Buxolo
567 3387 610 3454 de
626 3386 757 3466 Parma,
774 3386 938 3451 canonico
953 3384 1175 3453 Tomacensis
1199 3388 1426 3468 ecclesiarum,
1442 3408 1529 3473 pape
1545 3390 1730 3475 capellano.

402 3513 459 3577 Rea„
474 3521 522 3567 Av.
537 3520 573 3575 ll,
587 3518 605 3567 1.
620 3518 670 3574 99’;
685 3517 742 3566 l'at.
758 3519 797 3577 69,
812 3519 829 3565 f.
842 3520 893 3570 31',
905 3532 930 3565 n.
943 3519 981 3566 ul.

409 3702 531 3785 660.
1383 3712 1476 3792 1318,
1492 3710 1537 3772 28
1551 3709 1687 3773 octobre.

411 3822 585 3909 Episcopo
601 3817 779 3884 Leodiensi
795 3817 972 3881 mandatur
988 3823 1152 3899 quatenus
1178 3814 1349 3899 dispenset
1372 3834 1449 3879 cum
1465 3811 1646 3891 Willelmo,
1664 3809 1731 3875 filio

364 3909 536 3991 Jobannis
559 3922 602 3988 de
626 3922 741 4001 Orelh,
766 3920 893 3987 domini
921 3920 963 3984 de
990 3919 1118 3999 Velrus,
1142 3925 1177 3984 et
1203 3917 1369 3998 Johanna,
1395 3917 1462 3982 filia
1487 3915 1656 3994 Willelmi,
1674 3914 1730 3979 filii

364 4021 521 4109 -lrnoldi,
538 4027 672 4095 comitis
689 4024 873 4103 lossensis,
889 4045 947 4089 sue
963 4024 1116 4102 diocesis,
1133 4031 1170 4087 ut
1186 4022 1219 4087 in
1235 4022 1452 4088 matrimonio
1471 4022 1541 4105 jam
1557 4027 1732 4084 contracto

363 4141 543 4200 remanere
571 4132 716 4210 valeant,
732 4149 800 4193 non
826 4130 982 4194 obstante
1008 4128 1098 4212 quod
1125 4126 1293 4210 quondam
1319 4124 1496 4205 AmalduS‚
1512 4122 1668 4189 dominus
1690 4122 1732 4188 de

362 4229 589 4316 Quakebeke,
606 4232 857 4300 Cameracensis
872 4231 1023 4309 diocesis,
1040 4231 1130 4315 prior
1153 4230 1292 4295 maritus
1307 4228 1396 4294 dicte
1412 4227 1431 4305 J
1435 4226 1578 4306 ohanne,
1602 4223 1732 4310 prefato

362 4327 544 4410 Willelmo
560 4350 679 4426 quarto
696 4339 801 4402 fuerat
817 4335 1118 4420 consanguinitatis
1133 4335 1235 4420 gradu
1252 4334 1461 4418 conjunctus.

412 4447 509 4513 Sedis
524 4445 741 4531 apostolice...

415 4553 496 4616 Dat.
513 4549 614 4614 Avin.
633 4569 649 4632 5
667 4546 733 4612 kal.
750 4546 941 4610 novembris
957 4566 1047 4610 anno
1064 4566 1092 4629 3.

404 4681 466 4742 neg.
479 4682 528 4730 nv.
544 4682 581 4736 11,
593 4679 611 4727 r.
628 4680 685 4727 151v
696 4694 702 4735 ;
715 4677 776 4726 vat.
791 4678 830 4735 ao,
846 4677 863 4723 r.
878 4679 928 4728 aa,
941 4690 965 4723 n.
982 4677 1034 4722 rra.

416 4857 525 4938 661.
1391 4861 1482 4940 1318,
1498 4858 1690 4922 2811110111.

419 4976 542 5041 Simoni
560 4975 601 5040 de
618 4973 800 5051 Convenis,
818 4993 903 5057 pape
929 4970 1115 5056 capellano,
1133 4967 1349 5033 conferuntur
1373 4962 1589 5029 canonicatus
1605 4968 1639 5024 et
1663 4979 1735 5043 pre-

368 5068 484 5146 benda
500 5080 642 5146 ecclesie
660 5078 853 5143 Parisiensis
879 5084 1038 5143 vacantes
1053 5094 1112 5160 per
1129 5073 1258 5138 obitum
1275 5069 1463 5147 Michaelis,
1479 5067 1510 5131 S.
1527 5063 1688 5151 Stephani
1702 5062 1734 5126 in

372 5171 589 5250 Celiomonte
606 5183 779 5269 presbiteri
797 5181 981 5259 cardinalis,
998 5180 1087 5265 apud
1112 5177 1232 5242 Sedent
1255 5174 1476 5249 apostolicam
1493 5169 1651 5248 defuncti,
1666 5187 1733 5231 non
