4409 6017
896 718 1042 783 Premilre
1063 717 1166 782 annea.
1674 715 1713 779 57

343 889 381 942 et
397 897 547 963 parcere,
563 885 597 941 et
613 876 707 959 cujus
722 874 951 939 miserationes
966 893 1064 957 super
1080 871 1194 936 omnia
1209 870 1279 954 ejus
1295 891 1395 956 opera
1410 867 1650 947 describuntur,
1660 866 1714 951 pie

342 992 528 1050 convertas
544 983 586 1047 ad
601 980 894 1046 mansuetudinem
910 978 999 1063 quod
1015 976 1215 1062 disposuisse
1230 995 1345 1061 posses
1360 973 1543 1040 secundum
1553 970 1715 1036 demerita

343 1088 607 1155 Flandrensium
627 1087 773 1171 ipsorum
789 1085 830 1150 ad
848 1085 928 1150 irarn
946 1084 1100 1170 ipsosque
1119 1081 1339 1147 Flandrenses
1354 1080 1397 1145 ad
1413 1081 1522 1145 sinum
1537 1084 1595 1142 tue
1610 1075 1714 1158 gratie

342 1203 380 1258 et
397 1193 444 1258 ad
458 1194 594 1278 plenam
610 1190 915 1256 reconsiliationem
931 1189 1115 1253 clementer
1137 1186 1304 1251 admittas.
1321 1184 1407 1248 Cum
1430 1181 1520 1246 enim
1544 1180 1658 1246 omnia
1681 1179 1714 1243 in

342 1319 433 1384 pace
450 1302 679 1373 concrescant,
697 1315 907 1379 nequaquam
923 1293 1122 1376 ambigimus
1137 1291 1227 1375 quin,
1244 1290 1269 1355 si
1293 1290 1379 1354 inter
1393 1297 1427 1353 te
1443 1296 1478 1352 et
1494 1287 1568 1350 illos
1585 1286 1618 1350 in
1634 1285 1715 1349 cari·

343 1402 430 1468 tatis
444 1401 570 1465 virtute
585 1420 651 1485 pax
668 1400 735 1474 liat,
752 1398 874 1463 nedum
886 1397 1116 1463 habundantia
1131 1403 1288 1479 sequatur
1304 1395 1336 1457 in
1354 1392 1496 1457 turribus
1510 1391 1614 1474 regni,
1630 1390 1715 1456 scili-

345 1516 403 1571 cet
430 1504 582 1591 predicti,
599 1502 658 1568 sed
677 1511 712 1567 et
735 1503 892 1580 minores,
909 1500 1138 1566 habundantie
1163 1498 1264 1584 ipsius
1289 1497 1478 1583 participes
1502 1496 1622 1581 quietis
1647 1515 1715 1559 non

346 1610 583 1693 relinquantur
597 1615 752 1692 expertes
761 1626 820 1691 per
835 1605 925 1689 quod
941 1605 1096 1690 operibus
1111 1602 1246 1688 pietatis
1262 1600 1376 1666 licebit
1392 1622 1511 1666 vacare
1526 1600 1657 1665 uberius
1681 1607 1715 1663 et

347 1713 423 1791 tibi,
439 1713 534 1797 cujus
553 1711 743 1794 suffragium
760 1717 916 1795 expectat
932 1708 1140 1791 singulariter
1151 1706 1252 1771 Terra
1268 1706 1400 1783 Sancta,
1416 1703 1470 1766 via
1485 1701 1623 1787 patebit,
1641 1700 1716 1764 Deo

346 1815 497 1890 favente,
514 1816 669 1900 paratior,
685 1814 727 1880 ad
743 1812 976 1880 assumendum
994 1812 1191 1877 incumbens
1206 1810 1266 1875 tibi
1283 1829 1367 1874 onus
1382 1807 1461 1874 dicti
1473 1805 1663 1893 passagi[i],
1674 1805 1715 1871 ad

348 1920 445 2004 cujus
467 1919 715 2005 promotionem
740 1920 882 1984 celerem
906 1918 1074 1982 intensum
1097 1914 1249 2001 profecto
1263 1912 1462 1979 desiderium
1483 1930 1544 1974 nos
1567 1908 1716 1974 stimulat

348 2033 382 2088 et
399 2022 521 2088 dilatio
535 2023 764 2109 multipliciter
780 2044 840 2088 nos
856 2021 1032 2087 contristat
1043 2041 1072 2086 n.

383 2188 444 2246 Reg.
458 2187 518 2235 Vat.
532 2190 584 2240 llll.
598 2202 656 2249 pars
668 2188 689 2244 l,
702 2186 719 2234 f.
735 2188 773 2235 23.
792 2201 817 2234 n.
837 2187 875 2233 8l.
891 2213 923 2219 ·-
943 2184 1076 2244 lbryrmldi.
1097 2184 1208 2231 almaria
1224 2183 1315 2239 ecclam,
1332 2192 1360 2229 a⁰
1379 2183 1448 2231 laio.
1463 2180 1477 2239 ξ
1492 2181 1513 2227 X
1519 2180 1569 2228 Vll
1586 2177 1716 2242 (extr-ait).

350 2297 381 2304 -
394 2270 503 2327 (bulon,
514 2284 539 2317 n.
552 2271 581 2317 lt
595 2270 699 2329 (tcxtcl.

396 2465 505 2547 187.
907 2476 1019 2564 [1316,
1037 2498 1078 2561 14
1094 2477 1273 2563 septembre
1286 2513 1330 2523 —
1346 2476 1391 2538 28
1404 2470 1591 2557 novembre]
1613 2469 1627 2556 (
1643 2470 1669 2552 ).

395 2582 558 2660 Robert0,
583 2581 709 2659 comiti,
733 2587 767 2647 et
797 2580 1093 2647 communitatibus
1118 2580 1297 2646 comitatus
1323 2577 1478 2643 Flandrie
1503 2576 1655 2642 scribitur
1680 2582 1716 2640 ut
1786 2616 1791 2626 -

351 2706 471 2773 pacem
487 2708 565 2753 curn
582 2685 746 2773 Philippo,
763 2685 891 2771 regenti
907 2686 997 2766 regni
1016 2684 1166 2761 Francie,
1182 2684 1367 2771 perficiant.

397 2900 413 2942 r
433 2875 550 2943 Nobili
574 2876 648 2941 viro
666 2875 824 2957 Robert0,
842 2876 967 2954 comiti,
984 2883 1019 2942 et
1035 2876 1332 2942 communitatibus
1348 2876 1500 2940 villarum
1516 2883 1550 2940 et
1566 2876 1715 2939 locorum

354 2980 537 3046 comitatus
557 2977 723 3059 Flandrie,
740 2984 882 3066 superba
896 3002 964 3046 non
989 3001 1106 3067 sapere
1121 2989 1156 3045 et
1171 2981 1351 3046 humilibus
1368 2978 1567 3046 consentire.
1585 2977 1717 3043 Dilecta

355 3105 414 3171 par
439 3085 475 3149 in
498 3084 720 3150 tabernaculis
737 3084 873 3150 Domini
897 3086 1002 3150 multa
1024 3084 1238 3168 diligentibus
1261 3105 1384 3151 nomen
1408 3069 1488 3168 ejus,
1505 3081 1614 3167 impiis
1638 3099 1718 3145 vero

356 3189 442 3255 nulla
467 3196 529 3260 est.
546 3187 623 3273 quia
649 3187 728 3254 dum
755 3209 815 3276 per
838 3190 970 3255 celestis
996 3189 1149 3275 preconis
1171 3189 1390 3255 ministerium
1415 3189 1605 3254 bominibus
1629 3189 1717 3251 bone

358 3294 535 3359 voluntatis
550 3292 584 3357 in
600 3302 687 3358 terra
696 3293 911 3378 promittitur,
923 3293 1042 3377 iniquis
1057 3295 1186 3360 tollitur
1201 3303 1234 3359 et
1251 3294 1509 3375 malignantibus
1525 3293 1716 3376 denegatur.

359 3395 438 3463 Sane
458 3396 528 3482 jam
552 3407 603 3463 est
619 3399 716 3480 longe
733 3399 866 3483 lateque
882 3399 1049 3463 notorium
1066 3400 1208 3483 qualiter
1224 3399 1381 3464 seditiosa
1399 3407 1510 3463 restra
1533 3396 1717 3464 commotio

362 3510 469 3568 contra
485 3503 573 3567 clare
589 3502 749 3567 memorie
766 3502 968 3588 Philippum,
984 3524 1095 3587 regern
1115 3502 1263 3582 Francie,
1280 3512 1405 3580 exorta,
1422 3502 1534 3582 gravia
1550 3502 1715 3588 produxit,

363 3607 478 3672 nedum
503 3606 777 3671 christianissimo
801 3627 904 3686 regno
924 3606 1073 3684 Francie,
1091 3629 1172 3690 ymo
1191 3608 1282 3691 quasi
1306 3609 1368 3672 toti
1393 3607 1520 3672 mundo
1544 3605 1717 3691 dispendia

365 3711 470 3788 multa,
487 3709 665 3775 seminavit
681 3711 849 3790 angustias
865 3711 1069 3794 messuitque
1085 3712 1226 3792 doloreS,
1244 3733 1284 3775 ex
1301 3712 1418 3795 quibus
1438 3712 1620 3776 animarum
1634 3710 1718 3794 peri-

366 3815 438 3888 cula,
451 3834 628 3898 corporum
645 3823 779 3895 strages,
791 3814 985 3879 facultatum
1003 3817 1115 3900 lapsus
1130 3825 1164 3879 et
1182 3814 1457 3900 impedimentmn
1472 3815 1605 3880 subsidii
1616 3813 1718 3878 Terre

367 3914 537 3993 Sancte,ad
554 3917 642 4000 quod
659 3938 715 3981 rex
732 3919 801 4002 ipse
817 3919 879 4002 piis
895 3920 1047 3983 anelabat
1065 3920 1248 3993 affectibus,
1265 3920 1347 4003 prob
1364 3919 1469 3998 dolor,
1483 3926 1717 4004 provenerunt.

369 4018 403 4084 Et
418 4021 494 4087 licet
510 4020 620 4085 dictus
636 4042 702 4098 rex,
716 4022 794 4085 dum
820 4023 851 4085 in
876 4026 973 4087 rebus
989 4026 1108 4102 agebat
1126 4024 1287 4096 lmmanis,
1305 4024 1449 4088 irrisereri
1468 4024 1578 4108 potius
1594 4023 1719 4098 eligens

321 4109 325 4252 Ι,
370 4143 455 4206 quam
480 4124 603 4200 ulcisci,
620 4147 660 4188 ex
685 4125 798 4189 innata
821 4128 881 4190 sibi
906 4128 1095 4204 clementia,
1111 4128 1230 4191 restris
1253 4127 1509 4192 misericorditer
1532 4127 1719 4192 indulsisset

321 4270 325 4290 r
371 4230 545 4294 excessibus
555 4239 589 4292 et
602 4228 644 4293 ad
656 4250 713 4292 sue
724 4231 1000 4294 reconsiliationis
1009 4232 1147 4311 gratiam
1162 4251 1220 4315 per
1229 4241 1405 4296 tractatam
1419 4232 1572 4314 utrinque
1583 4250 1720 4294 concor·

321 4303 327 4440 Ι
372 4329 455 4404 diam,
468 4353 506 4397 ac
517 4352 576 4417 per
586 4332 705 4396 Sedern
717 4335 935 4417 apostolicam
945 4336 987 4399 ad
998 4335 1167 4419 utriusque
1178 4336 1280 4420 partis
1292 4336 1484 4399 instantiam
1498 4334 1720 4420 solen[n]iter

323 4443 326 4448 '
373 4436 598 4510 continnatam,
615 4458 676 4500 vos
692 4437 870 4501 liberaliter
885 4439 1081 4514 admisisset,
1099 4460 1198 4522 (pram
1217 4449 1250 4503 et
1267 4460 1326 4523 per
1338 4440 1525 4524 juramenta
1543 4459 1640 4522 super
1656 4438 1720 4501 lroc

374 4540 494 4618 prestita
512 4561 571 4604 vos
587 4539 767 4605 ellicacitcr
782 4550 968 4606 servaturos
985 4543 1176 4626 promisisse·
1189 4542 1348 4621 dicimini,
1360 4552 1393 4607 et
1404 4565 1471 4607 non
1485 4546 1719 4606 observantes²

376 4640 443 4708 latas
457 4643 498 4708 ad
514 4653 658 4707 vestram
676 4645 868 4709 instantiam
893 4648 1075 4729 apostolica
1100 4648 1299 4711 auctoritate
1322 4648 1506 4711 sententias
1529 4645 1720 4711 exconmni-

326 4779 329 4846 l
377 4747 498 4812 cationis
515 4748 548 4811 in
565 4768 722 4832 personas
738 4758 771 4812 et
788 4749 954 4814 interdicti
972 4751 1004 4813 in
1022 4763 1124 4815 terras
1141 4751 1304 4815 incurrere
1321 4752 1473 4832 voluisse,
1488 4750 1721 4815 nichilominus

326 4923 329 4994 l
402 4960 421 4991 u.
436 4949 598 4997 olisorrantas
611 4967 660 5009 req,

326 5041 333 5272 1
391 5077 536 5091 κ----
553 5087 708 5094 -—-—

409 5167 424 5213 l.
440 5168 498 5229 toy,
511 5185 535 5218 n.
550 5173 602 5226 ltlti,
617 5178 677 5218 nore
688 5174 707 5220 l.
