4409 6017
903 718 1048 806 Septieme
1068 719 1170 790 annae.
1660 719 1722 788 429

408 864 450 932 ln
465 889 495 934 e.
505 890 552 935 m.
564 872 676 936 abbati
692 863 883 938 monasterii
899 873 931 938 S.
949 872 1370 955 Bernardi,Cameracensis
1381 871 1532 952 diocesis,
1544 880 1578 936 et
1592 870 1723 936 decano

309 993 324 1002 ·
361 969 394 1036 S.
420 972 559 1038 Servatii
585 973 820 1061 Trajectensis,
846 976 1042 1044 Leodiensis
1064 976 1206 1044 diocesis
1220 988 1244 1059 ⁶,
1271 997 1310 1042 ac
1332 976 1492 1061 magistro
1523 974 1649 1041 Busolo
1679 976 1721 1040 de

309 1100 323 1140 .-
359 1072 492 1158 Parma,
508 1079 673 1146 canonico
687 1079 909 1148 Tomacensis
923 1081 1149 1162 ecclesiarum,
1166 1083 1342 1167 capellano
1364 1101 1462 1167 pape.

309 1203 313 1212 '
393 1218 456 1281 aeg.
467 1223 515 1269 nv.
530 1224 567 1282 ru,
579 1222 597 1271 r.
610 1225 653 1271 sav
664 1240 669 1282 ;
682 1223 739 1275 vn.
751 1227 790 1285 rr,
804 1225 822 1274 r.
832 1227 932 1287 arcun.
944 1229 1000 1276 usa.

309 1415 314 1456 ἱ
408 1392 547 1473 1144.
882 1429 884 1433 ·
1069 1427 1074 1436 ·
1309 1486 1311 1490 γ
1405 1426 1500 1489 1323,
1516 1427 1558 1493 29
1575 1429 1678 1472 mors.

402 1510 581 1596 Raynaldo
603 1512 647 1579 de
666 1512 742 1579 liliis
758 1512 848 1594 Ursi,
863 1512 979 1599 nepoti
995 1510 1235 1597 Neapoleonis,
1259 1511 1291 1577 S.
1307 1510 1446 1577 Adriani
1462 1511 1595 1577 diaconi
1616 1511 1721 1577 cardi-

309 1659 315 1668 ·
353 1612 488 1695 dinalis,
503 1616 718 1683 conferuntur
732 1616 1022 1684 archidiaconatus
1043 1615 1086 1681 de
1102 1614 1279 1702 Campinia
1301 1634 1342 1681 ac
1358 1615 1577 1681 canonicatus
1597 1623 1633 1680 et
1648 1635 1722 1699 pre-

353 1717 468 1783 benda
491 1718 525 1783 in
550 1721 692 1787 ecclesia
717 1720 895 1787 Leodiensi
920 1727 1080 1785 vacantes
1105 1740 1164 1805 per
1187 1720 1317 1785 obitum
1341 1717 1571 1805 Neapoleonis
1588 1719 1632 1784 de
1648 1718 1722 1782 liliis

309 1840 310 1876 1
354 1818 448 1904 Ursi,
463 1824 585 1896 notarii
601 1845 698 1910 pape,
715 1823 805 1912 apud
820 1823 942 1890 Sedern
953 1823 1177 1909 apostolicam
1187 1822 1347 1905 defuncti,
1370 1843 1440 1889 non
1455 1825 1613 1889 obstante
1631 1821 1722 1907 quod

309 1977 311 1982 .
354 1923 389 1989 in
415 1925 548 1992 basilica
579 1927 741 2015 Principis
766 1930 998 2016 apostolorum
1020 1925 1062 1993 de
1088 1925 1182 1994 Urbe
1205 1948 1245 1994 ac
1270 1927 1303 1992 in
1327 1925 1527 2007 Tholetana,
1551 1925 1721 2007 Paduana,

354 2027 568 2113 Legionensi,
595 2033 630 2098 S.
647 2032 779 2099 Nazarii
797 2031 1065 2099 Mediolanensis
1088 2039 1123 2096 et
1139 2031 1171 2098 S.
1188 2030 1333 2098 Victoris
1347 2031 1390 2097 de
1414 2030 1570 2111 Corbeta,
1589 2029 1721 2095 Medio·

353 2133 502 2201 lanensis
527 2135 680 2219 diocesis,
707 2139 924 2205 canonicatus
950 2145 985 2203 et
1008 2135 1208 2223 prebendas,
1234 2157 1274 2203 ac
1301 2137 1335 2203 in
1366 2135 1485 2202 eadem
1517 2135 1720 2220 Legionensi

355 2238 508 2304 ecclesiis
531 2239 838 2308 archidiaconatum
853 2242 897 2308 de
921 2239 1085 2324 Majorica
1108 2240 1259 2320 obtinet;
1284 2260 1385 2325 quem
1411 2238 1720 2306 archidiaconatum

355 2339 399 2405 de
415 2339 579 2427 Majorica
600 2364 733 2411 necnon
760 2346 979 2413 canonicatus
994 2350 1029 2408 et
1044 2342 1232 2429 prebendas
1260 2343 1485 2430 predictarum
1502 2342 1720 2427 Legionensis

356 2454 391 2510 et
406 2446 438 2511 S.
455 2445 601 2514 Victoris
616 2450 831 2539 ecclesiarum
846 2449 1019 2516 dimittere
1035 2448 1216 2515 tenebitur.

401 2548 544 2616 Generis
559 2551 650 2618 tui...

400 2653 481 2720 Dat.
497 2655 598 2721 Avin.
614 2679 634 2741 4
650 2655 717 2722 kal.
732 2656 843 2742 aprilis
862 2676 951 2721 anno
969 2674 997 2739 7.
1063 2712 1065 2714 .

400 2756 441 2821 ln
458 2778 488 2824 e.
500 2779 545 2824 m.
556 2761 668 2826 abbati
680 2760 873 2827 monasterii
890 2760 921 2825 S.
933 2758 953 2837 J
956 2758 1052 2825 acobi
1069 2766 1103 2823 et
1119 2756 1248 2824 decano
1260 2755 1290 2821 S.
1304 2754 1469 2833 Johannis
1481 2757 1717 2825 Leodiensium

357 2880 395 2927 ac
408 2861 615 2949 Adenulpho
629 2863 672 2930 de
688 2864 825 2951 Supino,
835 2863 1022 2951 primicerio
1038 2860 1257 2928 Virdunensis
1272 2860 1505 2928 ecclesiarum.

389 2996 451 3060 Reg.
463 2999 513 3047 Av.
526 2999 563 3057 18,
574 2998 593 3047 f.
605 3000 665 3047 422*
676 3015 682 3058 ;
695 3000 753 3049 vat.
765 3003 803 3060 74,
815 3001 834 3049 1.
846 3002 901 3059 207,
914 3015 940 3050 n.
953 3001 1009 3049 579.

402 3158 543 3243 1145.
1417 3205 1436 3248 r
1459 3203 1480 3245 2
1539 3202 1558 3245 1
1582 3182 1679 3247 avril.

400 3277 585 3344 Guillelmo
599 3278 642 3343 de
657 3282 845 3366 Antegiaco
860 3283 1076 3351 conferuntur
1091 3286 1309 3354 canonicatus
1333 3297 1368 3354 et
1391 3201 1562 3376 prejbejdda
1580 3285 1721 3352 ecclesie

356 3381 387 3447 S.
405 3381 590 3447 Donatiani
607 3386 794 3469 Brugensis,
811 3386 1033 3455 Tornacensis
1047 3389 1202 3470 diocesis,
1215 3399 1372 3458 vacantes
1389 3413 1449 3479 per
1464 3391 1593 3458 obitum
1607 3390 1722 3456 Oddo·

355 3484 475 3655 Eisfde
499 3484 696 3570 Sermineto,
713 3487 853 3556 Camere
877 3493 1061 3578 apostolice
1089 3494 1211 3577 clerici,
1238 3495 1328 3583 apud
1356 3496 1477 3564 Sedem
1500 3493 1722 3582 apostolicam

379 3612 400 3655 e
418 3588 525 3656 uncti.

400 3692 477 3759 Tue
492 3693 711 3781 probitatis...

401 3798 483 3864 Dat.
499 3797 598 3864 Avin.
614 3798 680 3863 kal.
696 3798 808 3884 aprilis
823 3819 914 3866 anno
934 3820 963 3885 7.

402 3902 445 3967 ln
461 3923 491 3969 e.
505 3923 551 3966 rn.
575 3901 772 3968 Caturcensi
798 3911 833 3969 et
857 3903 1066 3973 Ruthenensi
1087 3910 1253 3995 episcopis
1279 3931 1318 3976 ac
1340 3910 1439 3997 priori
1467 3912 1498 3978 S.
1519 3910 1656 3977 Martini
1681 3913 1723 3977 de

354 4006 497 4092 Campis
513 4006 717 4071 Parisiensis

392 4154 454 4213 Reg.
463 4155 510 4201 Av.
524 4154 561 4210 19,
573 4153 591 4200 1.
605 4154 651 4200 136
662 4168 668 4209 ;
681 4152 738 4201 vat.
748 4155 785 4212 tl,
799 4154 816 4201 f.
829 4157 896 4214 3251,
909 4169 934 4203 n.
948 4158 1003 4204 929.

410 4322 547 4404 1146.
1433 4368 1564 4432 1323,1
1586 4353 1683 4418 avril.

403 4442 562 4507 Albarico
577 4440 618 4506 de
634 4439 742 4506 Navis
757 4438 972 4506 conferuntur
997 4444 1214 4511 canonicatus
1229 4455 1265 4514 et
1280 4451 1449 4535 prebenda
1465 4473 1504 4518 ac
1519 4454 1727 4521 thesauraria

357 4545 503 4613 ecclesie
525 4546 556 4610 S.
573 4543 738 4622 Johannis
754 4543 949 4610 Leodiensis
972 4557 1133 4614 vacantes
1159 4570 1219 4636 per
1237 4553 1366 4620 obitum
1382 4556 1530 4641 magistri
1555 4557 1724 4624 Guillelmi

355 4654 402 4719 de
419 4650 571 4731 Balaeto,
587 4650 621 4714 in
643 4648 741 4714 Italie
756 4650 903 4734 partibus
920 4651 1080 4735 defuncti,
1097 4675 1166 4720 non
1183 4660 1340 4725 obstante
1366 4661 1456 4745 quod
1480 4661 1513 4725 in
1539 4661 1724 4731 Vivariensi

354 4767 394 4822 et
412 4753 594 4819 Viennensi
611 4751 761 4818 ecclesiis
776 4754 993 4822 canonicatus
1008 4766 1043 4824 et
1058 4761 1247 4845 prebendas
1265 4764 1408 4830 obtinet.

403 4859 604 4945 Apostolice
619 4858 754 4923 Sedis...

403 4965 487 5028 Dat.
502 4962 602 5028 Avin.
618 4961 684 5027 kal.
699 4960 811 5047 aprilis
827 4981 917 5025 anno
931 4980 960 5045 7.

386 5176 415 5207 α.
433 5158 461 5204 S.
474 5155 585 5202 Servatil
598 5155 746 5202 Leodiensis
758 5170 808 5217 req.
