4409 6017
481 725 520 789 68
1024 717 1172 783 Premiere
1195 715 1299 780 anule.

524 870 693 936 inducunt
709 890 779 934 nos.
789 919 812 933 ..

525 975 604 1040 Dat.
620 973 719 1038 Avin.
737 972 779 1038 id.
796 972 981 1038 decembris
996 990 1086 1035 anuo
1108 990 1132 1034 1.

514 1113 575 1173 ch.
587 1114 634 1159 Ar.
647 1114 669 1162 l.
683 1111 700 1157 l.
713 1111 772 1158 420*
783 1125 788 1162 ;
801 1109 860 1156 Vat.
872 1111 910 1166 61,
923 1109 941 1155 f.
955 1111 1009 1160 202.
1022 1123 1047 1156 n.
1061 1108 1122 1155 lna?
1135 1123 1156 1155 c.

525 1269 633 1354 214.
1456 1278 1550 1361 1316,
1568 1301 1609 1365 19
1625 1280 1806 1346 decembre.

525 1390 681 1474 Jolranni,
700 1399 780 1456 nato
805 1387 923 1453 nobilis
940 1387 998 1451 viri
1015 1386 1178 1452 Guidonis
1201 1387 1243 1452 de
1258 1389 1403 1468 Albon0,
1420 1386 1542 1471 militis,
1559 1385 1725 1455 canonico
1740 1383 1850 1450 eccle-

481 1496 527 1560 sie
553 1497 584 1561 S.
602 1497 694 1562 Pauli
722 1491 961 1577 Lugdunensis,
987 1501 1173 1557 reservatur
1197 1492 1340 1576 dignitas
1364 1512 1422 1556 seu
1445 1501 1644 1576 personatus
1669 1490 1703 1554 in
1728 1487 1851 1554 eadem

482 1600 622 1665 ecclesia
638 1601 668 1665 S.
687 1597 789 1676 Pauli,
807 1616 874 1661 nou
892 1598 1047 1660 obstante
1071 1595 1162 1679 quod
1186 1596 1219 1658 in
1244 1595 1384 1661 ccclesia
1399 1595 1430 1661 S.
1448 1595 1538 1662 Petri
1555 1592 1750 1673 Insulensis,
1765 1591 1851 1658 Tor·

484 1706 636 1770 nacensis
651 1704 802 1783 diocesis,
819 1700 1054 1767 canonicatum
1070 1709 1104 1765 et
1120 1700 1324 1786 prebendam
1341 1701 1482 1769 obtinet.

527 1807 695 1874 Nobilitas
710 1807 879 1891 generis...

528 1913 606 1979 Dat.
623 1913 722 1978 Avin.
743 1933 780 1996 14
797 1911 863 1976 kal.
876 1908 1016 1996 januarii
1032 1929 1122 1974 anno
1143 1929 1168 1974 1.

528 2015 567 2080 ln
584 2040 613 2081 e.
629 2038 674 2080 m.
691 2014 934 2080 :ltlranacensis
949 2013 1191 2096 Lugdunensis
1207 2023 1242 2078 et
1257 2014 1299 2079 de
1317 2013 1428 2081 Insula
1444 2014 1598 2096 Barbara,
1614 2015 1852 2101 Lugdunensis

483 2121 632 2197 diocesis,
648 2119 926 2184 monasteriorum
942 2117 1116 2183 abbatibus
1131 2137 1171 2182 ac
1186 2117 1285 2202 priori
1301 2118 1343 2183 de
1360 2117 1502 2185 Plateria
1518 2120 1746 2206 Lugdunensi.

519 2249 579 2309 llrg.
592 2250 639 2295 nv.
652 2252 674 2302 5,
688 2249 705 2296 f.
718 2249 765 2295 593
777 2263 782 2298 ι
796 2247 854 2295 Vnt.
867 2250 905 2303 ⁴55,
919 2247 936 2294 f.
949 2248 1015 2306 150',
1027 2259 1052 2294 n.
1065 2247 1137 2293 249⁸.

528 2412 634 2495 215.
1456 2421 1550 2504 1316,
1565 2441 1607 2485 21
1624 2422 1806 2486 decembre.

528 2530 709 2595 Guillelmo
725 2529 766 2593 de
784 2527 948 2608 Flandria,
960 2526 1097 2592 domino
1114 2526 1155 2591 de
1171 2524 1200 2589 T
1202 2525 1417 2605 enremonde‚
1431 2524 1680 2591 Cameracensis
1695 2524 1850 2606 diocesis,

485 2646 519 2701 et
537 2633 644 2699 Marie
668 2632 709 2697 de
737 2632 887 2711 Rurnsta,
905 2631 996 2696 uxori
1022 2631 1102 2715 ejus,
1128 2629 1322 2694 conceditur
1345 2628 1550 2714 dispensatio
1574 2632 1607 2696 in
1632 2633 1851 2698 matrimonio

482 2740 552 2824 jam
577 2743 763 2816 contracto,
780 2757 855 2800 cum
881 2734 1054 2813 Jolrannes
1079 2734 1121 2798 de
1147 2731 1273 2813 Baluel‚
1289 2733 1395 2813 miles,
1412 2733 1467 2817 qui
1492 2733 1583 2800 dicto
1608 2734 1793 2803 Guillelmo
1816 2736 1850 2800 in

486 2851 604 2927 quarto
621 2840 919 2924 consanguinitatis
934 2838 1036 2923 gradu
1053 2838 1251 2923 conjunctus
1267 2845 1347 2917 erat,
1359 2857 1435 2902 eum
1451 2836 1541 2903 dicta
1557 2836 1667 2905 Maria
1681 2840 1852 2927 sponsalia

484 2967 542 3031 per
557 2947 659 3009 rerba
675 2943 717 3008 de
734 2943 844 3008 luturo
860 2944 949 3028 prius
965 2942 1179 3008 contraxerit.

527 3049 598 3114 Etsi
616 3048 830 3112 interillos...

527 3154 605 3218 Dat.
623 3152 720 3216 driu.
742 3171 777 3215 12
796 3150 861 3214 kal.
874 3151 1014 3235 januarii
1029 3170 1119 3215 anno
1140 3172 1165 3215 r.

518 3284 577 3343 llog.
592 3283 637 3330 Ar.
651 3282 667 3335 l,
681 3281 698 3328 l.
712 3282 758 3327 llll
772 3295 776 3326 :
789 3279 847 3327 vat.
858 3281 894 3337 til,
909 3280 926 3326 f.
942 3282 1004 3338 ΠΨ,
1019 3295 1043 3327 n.
1058 3282 1127 3327 1538.

526 3435 634 3518 216.
1458 3458 1552 3539 1316,
1568 3479 1588 3521 2
1587 3478 1611 3539 5
1626 3462 1805 3528 decembre.

528 3556 696 3642 Episcopo
719 3557 923 3624 Tornacensi
955 3557 1133 3622 mandatur
1163 3567 1327 3641 quatenus
1357 3559 1525 3645 dispenset
1557 3583 1635 3626 curn
1658 3563 1779 3648 Egidio
1806 3566 1848 3631 de

483 3659 580 3725 Curia
596 3673 631 3724 et
648 3659 848 3746 Margareta,
866 3680 968 3725 uxore
983 3662 1063 3745 ejus,
1080 3659 1301 3727 Tornacensis
1325 3663 1475 3743 diocesis,
1495 3664 1527 3727 in
1551 3668 1767 3735 matrimonio
1778 3671 1847 3756 jam

483 3771 668 3844 contract0,
686 3787 762 3830 cum
779 3766 897 3831 eadem
911 3763 1102 3847 lllargareta
1112 3766 1227 3831 relicta
1239 3775 1326 3832 esset
1342 3767 1512 3850 quondam
1523 3767 1542 3846 J
1546 3770 1687 3837 ohannis
1702 3772 1745 3839 de
1762 3772 1847 3839 Beu-

482 3868 639 3953 vinghen,
656 3879 691 3934 et
707 3871 828 3935 deinde
845 3869 977 3953 Rogeri,
994 3868 1073 3933 dicti
1092 3868 1225 3946 Busere,
1242 3871 1296 3954 qui
1316 3871 1425 3935 eidem
1444 3871 1562 3954 Egidio
1579 3871 1612 3935 in
1628 3880 1748 3955 quarto
1768 3893 1847 3938 con-

483 3968 713 4051 sanguinitatis
728 3973 831 4052 gradu
847 3981 942 4037 erant
959 3973 1140 4057 conjuncti,
1160 3982 1193 4039 et
1218 3974 1327 4040 dictus
1353 3974 1488 4059 ligidius
1513 3975 1684 4059 quondam
1706 3996 1847 4062 puerum

484 4080 600 4137 natum
617 4073 717 4158 ipsius
734 4073 923 4156 Margarete
940 4099 979 4141 ex
999 4098 1065 4140 uno
1080 4077 1247 4142 dictorum
1258 4079 1403 4143 virorum
1414 4079 1456 4144 de
1467 4100 1561 4145 sacro
1571 4079 1664 4145 fonte
1674 4081 1847 4147 levaverit.

528 4177 578 4241 Ex
595 4187 689 4263 parte
704 4179 860 4246 dilecti...

526 4281 605 4346 Dat.
621 4282 719 4346 stt-in.
738 4286 755 4348 8
773 4283 837 4349 kal.
851 4286 990 4369 januarii
1007 4307 1096 4350 anno
1118 4307 1142 4351 1.

517 4410 576 4468 lior.
589 4412 636 4458 Au.
649 4416 671 4470 5,
685 4412 701 4459 l.
715 4416 773 4469 ”dvi
788 4412 845 4461 l'at.
860 4416 897 4471 til,
911 4417 928 4462 f.
942 4418 1008 4473 mv,
1022 4430 1046 4462 n.
1063 4417 1130 4463 1:13.

525 4577 630 4659 217.
1454 4598 1548 4679 1516,
1560 4617 1604 4678 31
1624 4600 1802 4663 decernere.

527 4697 717 4778 Guillelnro,
734 4699 893 4785 episcopo
909 4698 1093 4778 Parisiensi,
1111 4699 1305 4764 conceditur
1325 4699 1464 4764 lacultas
1485 4700 1678 4767 conferendi
1698 4701 1848 4768 officium

482 4803 720 4868 tabellionatus
736 4802 880 4880 Jolranni
898 4804 939 4867 de
959 4802 1040 4883 Rua,
1057 4804 1178 4868 clerico
1196 4802 1390 4867 Morinensi.

529 4905 584 4971 Ne
602 4914 835 4972 contractuum
852 4908 1056 4972 memoria...

528 5009 604 5076 Dat.
622 5011 719 5074 Asin.
739 5032 755 5075 2
773 5011 838 5075 kal.
852 5011 990 5096 januarii
1007 5032 1096 5077 anno
1118 5033 1142 5077 1.

515 5137 576 5199 lte-g.
589 5142 636 5187 Aa.
647 5143 668 5196 5,
681 5140 699 5189 l.
712 5141 742 5187 at
756 5155 761 5196 ;
776 5139 832 5187 l'at.
846 5142 882 5198 ul,
897 5141 914 5188 l.
928 5143 993 5197 32⁵st
1007 5155 1031 5189 n.
1046 5142 1115 5189 lusa.
