4409 6017
875 678 1023 745 lluitilme
1043 679 1146 745 annae.
1631 674 1694 740 493

329 822 523 891 Bertrando
548 826 589 892 de
620 827 745 893 Sancto
775 827 932 909 Genesio,
959 829 1135 915 capellano
1164 832 1282 894 nostro
1310 836 1345 893 et
1371 825 1549 914 apostolici
1579 822 1695 912 palatii

329 926 477 993 auditori
494 950 679 1011 causarum,
695 931 738 996 ad
762 931 958 998 instantiam
980 933 1061 999 dicti
1084 933 1225 1013 abbatis,
1248 931 1450 998 audiendam
1466 928 1696 996 commisimus

331 1039 370 1096 et
385 1031 453 1096 fine
469 1031 584 1100 debito
598 1034 866 1114 terminandam
892 1055 1006 1101 coram
1032 1056 1098 1120 quo
1121 1037 1270 1122 ipsorum
1298 1034 1428 1101 abbatis
1450 1042 1486 1099 et
1509 1040 1697 1100 conventus

332 1142 371 1199 et
395 1136 530 1203 alterius
556 1138 660 1223 partis
683 1139 953 1224 procuratoribus
978 1141 1013 1204 in
1033 1139 1161 1225 judicio
1182 1139 1464 1226 comparentibus,
1487 1146 1561 1203 tam
1584 1156 1697 1204 coram

332 1236 476 1304 diversis
504 1240 578 1306 aliis
607 1240 812 1307 auditoribus
842 1241 923 1308 dicti
954 1243 1071 1330 palatii
1102 1264 1123 1309 a
1153 1243 1251 1310 nobis
1280 1264 1379 1330 super
1408 1241 1474 1308 hoc
1509 1240 1697 1308 successive

333 1341 435 1423 datis,
465 1343 522 1409 diu
549 1344 660 1410 extitit
687 1345 864 1431 litigatum,
889 1354 924 1412 et
950 1347 993 1413 ad
1022 1367 1159 1434 presens
1184 1367 1298 1413 coram
1321 1346 1449 1413 dilecto
1482 1345 1551 1410 filio
1581 1353 1698 1411 nostro

334 1445 533 1529 Gaucelm0,
548 1448 636 1514 tituli
663 1448 718 1514 SS.
736 1448 923 1515 Marcellini
948 1459 983 1516 et
1008 1450 1098 1516 Petri
1126 1451 1312 1537 presbitero
1339 1446 1509 1530 cardinali,
1535 1448 1698 1535 deputato

334 1571 397 1636 per
412 1571 474 1617 nos
489 1551 651 1633 auditore,
667 1552 856 1638 huiusmodi
883 1575 983 1621 causa
1006 1554 1133 1640 pendet
1153 1564 1189 1621 et
1204 1555 1340 1621 interim
1354 1555 1390 1619 in
1405 1553 1487 1620 dicti
1503 1552 1697 1619 monasterii

335 1662 373 1719 et
387 1655 461 1721 aliis
475 1655 624 1722 ecclesiis
639 1656 838 1742 supradictis
853 1677 913 1743 per
927 1678 1040 1723 earum
1055 1668 1214 1740 rectores,
1229 1658 1359 1724 ratione
1375 1656 1543 1723 interdicti
1566 1655 1698 1743 prefati,

335 1766 506 1824 cessatum
517 1759 640 1841 extitit,
656 1769 756 1846 prout
770 1770 919 1827 cessatur
933 1761 1037 1828 etiam
1052 1783 1072 1828 a
1087 1762 1218 1828 divinis.
1231 1761 1317 1827 Cum
1332 1770 1457 1843 autem,
1466 1780 1544 1846 rege
1556 1757 1699 1846 pacifico

336 1871 519 1943 annuente,
544 1883 643 1929 causa
665 1863 815 1950 predicta
841 1865 894 1946 sit,
922 1873 959 1930 ut
977 1865 1079 1932 iidem
1094 1867 1197 1932 abbas
1213 1875 1248 1932 et
1263 1874 1452 1933 conventus
1474 1868 1637 1944 asserunt,
1665 1860 1699 1925 in

337 1966 440 2031 certis
454 1967 521 2032 suis
536 1967 684 2033 articulis
699 1967 786 2033 inter
801 1969 892 2055 ipsos
907 1971 1066 2035 abbatem
1081 1979 1117 2036 et
1131 1978 1337 2036 conventum
1359 1969 1554 2053 dictamque
1569 1973 1700 2054 partem

337 2071 491 2150 alteram,
507 2071 672 2137 amicabili
688 2073 934 2158 compositione
950 2073 1071 2160 sopita,
1087 2080 1123 2139 et
1137 2094 1236 2160 super
1252 2074 1372 2140 ceteris
1386 2072 1534 2140 articulis
1550 2070 1701 2157 ejusdem

337 2194 450 2254 cause,
466 2175 554 2240 inter
579 2177 747 2258 abbatem,
775 2186 981 2243 conventum
996 2186 1032 2243 et
1047 2185 1179 2265 partem
1194 2167 1373 2265 predictos,
1390 2176 1602 2244 concorditer
1617 2172 1703 2239 ordi-

332 2288 459 2344 natum
474 2277 596 2345 existat
612 2280 701 2363 quod
712 2300 818 2365 usque
833 2280 877 2346 ad
893 2281 1073 2347 triennium
1089 2303 1189 2348 causa
1204 2283 1276 2368 ipsa
1292 2288 1466 2347 remaneat
1481 2282 1515 2347 in
1531 2297 1703 2366 suspenso,

339 2394 378 2450 ut
388 2382 502 2448 medio
514 2391 667 2469 tempore
679 2405 777 2470 super
787 2385 887 2451 dictis
898 2385 1018 2452 ceteris
1029 2384 1176 2451 articulis
1185 2387 1272 2451 inter
1283 2387 1659 2468 abbatem,conventum
1669 2389 1704 2447 et

339 2499 473 2576 partem
490 2487 658 2572 predictos
673 2496 835 2554 tractatus
850 2488 1105 2575 compositionis
1113 2491 1277 2555 habeatur
1285 2490 1462 2575 diligenter
1474 2498 1508 2555 et
1521 2487 1704 2556 solenniter

341 2593 556 2678 compleatur
573 2591 630 2676 (¹),
646 2591 802 2677 prelibati
829 2594 935 2659 abbas
961 2601 996 2658 et
1022 2602 1209 2660 conventus
1233 2595 1329 2659 nobis
1353 2589 1524 2659 humiliter
1538 2591 1703 2678 supplica·

338 2706 432 2775 rrmt,
449 2693 567 2760 eadem
584 2705 678 2780 parte
694 2694 801 2760 altera
816 2714 915 2781 super
938 2696 1005 2762 hoc
1030 2705 1204 2782 prestante
1231 2716 1444 2777 consensum,
1468 2702 1506 2762 ut
1530 2715 1591 2783 pro
1613 2697 1704 2759 bono

342 2799 438 2886 pacis
452 2805 571 2863 mutuo
587 2806 622 2862 et
634 2799 814 2879 communi,
831 2807 866 2863 et
881 2797 1068 2885 superbiis,
1085 2799 1161 2864 Deo
1176 2799 1323 2880 favente,
1339 2799 1519 2866 concordie
1541 2806 1704 2879 secuture,

343 2903 433 2968 circa
449 2900 674 2966 sublationem
695 2902 862 2967 sententie
878 2922 920 2969 ac
934 2902 1188 2988 suspensionem
1211 2902 1379 2969 interdicti
1402 2901 1630 2989 predictomm
1645 2918 1705 2988 per

343 3005 435 3071 idem
450 3005 630 3069 triennium
645 3004 827 3086 duraturas,
855 3005 1032 3091 providere
1056 3006 1098 3072 de
1123 3006 1225 3092 ipsius
1248 3006 1341 3071 Sedis
1366 3005 1547 3073 clementia
1562 3014 1597 3071 et
1611 3003 1706 3070 beni-

343 3109 475 3193 gnitate
491 3107 589 3173 solita
605 3106 826 3192 dignaremur.
855 3107 928 3175 Nos
945 3108 1052 3194 igitur,
1070 3109 1271 3175 affectantes
1286 3118 1324 3174 ut
1339 3109 1426 3175 inter
1442 3117 1583 3175 cunctos
1605 3107 1708 3175 chris·

343 3212 465 3277 ticolas
491 3211 584 3297 pacis
610 3211 720 3276 unitas
745 3213 859 3297 vigeat
885 3221 921 3277 et
945 3212 1092 3278 caritatis
1118 3213 1292 3279 sinceritas
1315 3221 1515 3299 perseveret,
1542 3220 1580 3278 ut
1602 3214 1644 3277 ab
1660 3212 1708 3277 eis

345 3316 476 3381 colatur
490 3315 706 3395 reverentius,
722 3314 878 3381 devotius
903 3326 938 3380 et
962 3316 1119 3382 humilius
1144 3316 1238 3402 pacis
1252 3313 1379 3397 auctor,
1394 3315 1561 3383 dictorum
1577 3315 1709 3381 abbatis

346 3428 380 3484 et
405 3426 594 3484 conventus
619 3419 919 3505 supplicationibus
939 3419 1036 3485 factis
1060 3419 1102 3485 de
1128 3440 1294 3486 consensu
1317 3419 1408 3508 dicte
1433 3420 1536 3506 partis
1561 3419 1707 3500 alterius,

345 3522 521 3606 benignius
536 3531 735 3602 annuentes,
751 3521 938 3608 predictam
962 3523 1167 3589 sententiam
1191 3524 1391 3589 auctoritate
1417 3523 1604 3609 apostolica
1620 3523 1703 3589 tolli·

346 3645 422 3691 mus
438 3635 473 3691 et
488 3624 704 3690 interdictum
731 3626 898 3712 prefatum
922 3626 1155 3713 suspendimus
1171 3647 1275 3711 usque
1291 3626 1334 3692 ad
1349 3626 1477 3693 dictum
1492 3627 1674 3692 triennium
1689 3646 1710 3691 a

345 3730 428 3795 data
445 3729 651 3814 presentium
677 3729 711 3793 in
736 3740 836 3794 antea
864 3730 1138 3816 computandum,
1166 3730 1393 3797 concedentes
1415 3739 1453 3797 ut
1475 3731 1621 3796 triennio
1635 3731 1709 3816 ipso

346 3833 491 3899 durante
507 3832 540 3897 in
557 3832 706 3916 ejusdem
731 3835 923 3899 monasterii
940 3843 974 3899 et
989 3834 1062 3900 aliis
1085 3834 1233 3901 ecclesiis
1260 3835 1431 3922 prelibatis
1453 3834 1546 3901 licite
1572 3834 1710 3900 valeant

347 3936 482 4024 publice
496 3936 609 4002 divina
633 3935 744 4002 officia
767 3938 937 4017 celebrari,
958 3937 1061 4003 etiarn
1076 3938 1167 4004 dicta
1183 3937 1399 4004 universitate
1415 3957 1455 4004 ac
1471 3938 1623 4024 personis
1645 3937 1710 4003 sin·

348 4041 515 4126 gularibus
530 4040 572 4107 de
589 4040 661 4127 ipsa
675 4041 893 4126 presentibus,
910 4042 936 4106 si
953 4042 1034 4107 alias
1050 4034 1178 4127 dejure
1197 4041 1321 4108 fuerint
1336 4041 1379 4107 ad
1394 4041 1505 4109 officia
1521 4041 1709 4127 hujusmodi

349 4143 568 4223 admittende,
586 4164 626 4210 ac
641 4144 820 4209 ministrari
837 4145 1064 4212 ecclesiastica
1090 4155 1311 4212 sacramenta.
1340 4146 1371 4209 Si
1399 4166 1480 4212 vero
1504 4145 1602 4230 hujus
1619 4144 1711 4211 com-

349 4249 528 4335 positionis
551 4257 715 4314 tractatus
740 4269 838 4334 super
862 4249 961 4314 dictis
991 4250 1112 4315 ceteris
1141 4250 1287 4316 articulis
1318 4270 1387 4314 non
1418 4250 1574 4316 sortiatur
1601 4250 1711 4315 forsan

351 4354 510 4418 effectum
535 4353 619 4418 inira
643 4352 824 4417 triennium
849 4352 1070 4433 antedictum,
1097 4356 1251 4419 volumus
1273 4362 1320 4432 ut,
1336 4374 1377 4418 eo
1394 4355 1518 4440 elapso,
1535 4355 1711 4420 memorati

351 4459 505 4543 majores,
522 4457 704 4542 complices
719 4466 753 4520 et
770 4457 916 4521 fautores
932 4477 973 4522 eo
990 4457 1063 4543 ipso
1079 4457 1113 4521 in
1130 4456 1271 4522 eandem
1296 4448 1502 4522 sententiam
1517 4459 1709 4523 relabantur

352 4582 394 4628 ac
409 4561 499 4626 dicte
516 4561 617 4646 ipsius
632 4559 824 4625 monasterii
843 4569 877 4624 et
892 4560 956 4624 alie
977 4560 1118 4626 ecclesie
1146 4560 1297 4646 predicto
1321 4560 1501 4626 interdicto
1526 4562 1600 4647 ipso
1621 4562 1711 4628 facto

351 4667 560 4751 subjaceant,
576 4664 662 4729 sicut
677 4664 777 4749 prius,
793 4663 940 4748 dictique
967 4666 1069 4729 abbas
1084 4674 1119 4729 et
1135 4674 1324 4730 conventus
1339 4674 1374 4729 et
1389 4665 1515 4749 reliqua
1535 4685 1610 4751 pars
1633 4686 1712 4730 ean·

351 4771 432 4836 dem
449 4789 584 4834 causam
601 4768 633 4831 in
651 4789 693 4832 eo
708 4777 798 4832 statu
815 4788 881 4852 quo
891 4777 962 4832 erat
974 4776 1127 4853 tempore
1139 4767 1327 4853 hujusmodi
1338 4769 1536 4835 sublationis
1545 4769 1711 4836 sententie

392 5099 413 5143 1.
430 5093 493 5154 Voy.
509 5092 576 5146 illd..
589 5099 608 5140 t.
619 5093 639 5151 Ι,
652 5107 676 5155 p.
692 5094 746 5149 459,
759 5097 817 5140 acte
829 5092 864 5139 dn
877 5095 908 5138 20
920 5092 1021 5153 jariviur
1035 5093 1105 5141 1324.
