4409 6017
898 723 1045 791 Huititno
1065 727 1168 790 annae.
1656 723 1718 793 499

356 869 485 957 Brugis,
495 869 719 938 Tomacensis
730 872 883 954 diocesis,
896 873 1050 940 scribitur
1059 873 1151 958 quod
1160 884 1299 941 moneat
1309 875 1463 941 consules
1472 875 1563 941 dicte
1574 875 1721 941 civitatis

353 983 392 1040 ut
408 976 545 1042 solvant
560 983 686 1042 certam
702 996 867 1043 summam
883 977 1099 1065 pecuniarum
1126 976 1281 1044 societati
1298 977 1487 1044 Bardorum
1502 998 1563 1065 pro
1579 977 1720 1045 Camera

352 1080 552 1165 apostolica.

399 1271 416 1311 a
435 1247 570 1314 Dilecto
586 1248 655 1315 fllio
671 1248 830 1334 magistro
846 1248 880 1314 N
883 1249 993 1316 icolao
1008 1259 1022 1283 ⁶
1042 1249 1084 1315 de
1099 1249 1279 1332 Ambiano,
1295 1250 1426 1317 decano
1443 1250 1584 1317 ecclesie
1600 1249 1632 1317 S.
1648 1250 1719 1317 Do-

352 1352 483 1419 natiani
498 1352 540 1418 de
554 1351 681 1439 Brugis,
697 1352 921 1419 Tornacensis
935 1352 1089 1420 diocesis.
1105 1353 1244 1420 Auditui
1259 1353 1365 1420 nostri
1381 1355 1592 1441 apostolatus
1612 1375 1719 1441 nuper

351 1456 502 1523 innotuit
518 1458 698 1541 quodcum
714 1465 762 1539 tu,
778 1456 966 1523 litterarum
991 1466 1184 1524 nostrarum
1210 1457 1271 1524 tibi
1298 1457 1501 1525 directarum
1515 1458 1720 1526 auctoritate

351 1560 552 1645 procedens,
566 1560 709 1627 dilectos
724 1560 812 1627 filios
835 1560 1050 1627 Godekinum
1074 1561 1117 1627 de
1143 1559 1343 1628 Molendino
1358 1569 1394 1627 et
1408 1562 1586 1629 Albertum
1607 1559 1719 1628 Credo
1822 1632 1825 1638 ,

350 1665 541 1731 monuisses
555 1673 591 1730 et
606 1664 834 1749 requisivisses
860 1665 1025 1731 instanter
1040 1673 1078 1732 ut
1092 1664 1165 1746 tibi,
1181 1676 1296 1733 nostre
1314 1664 1456 1732 Camere
1471 1665 1619 1747 nomine,
1635 1685 1719 1732 non-

349 1777 475 1853 gentos
486 1769 671 1855 nonaginta
684 1776 827 1852 quatuor
835 1768 981 1834 florenos
992 1768 1072 1851 auri,
1086 1789 1170 1854 quos
1182 1768 1306 1836 habere
1322 1771 1551 1836 noscebantur
1566 1768 1666 1835 certis
1678 1789 1720 1834 ex

351 1873 464 1940 causis
476 1872 640 1960 expressis
651 1872 685 1938 in
695 1871 822 1938 eisdem
834 1871 958 1938 nostris
970 1871 1089 1938 litteris
1101 1871 1145 1939 ad
1156 1872 1300 1939 eandem
1310 1870 1487 1939 Cameram
1500 1873 1719 1960 pertinentes,

351 1975 562 2061 integraliter
573 1975 791 2061 assignarent,
803 1975 917 2042 dilecti
930 1975 988 2040 filii
1000 1975 1259 2062 burgimagistri,
1276 1975 1404 2042 scabini
1417 1983 1453 2066 et
1468 1977 1624 2043 consules
1640 1975 1720 2041 ville

351 2080 398 2154 de
423 2079 550 2164 Brugis,
575 2079 800 2147 Tornacensis
827 2078 981 2160 diocesis,
1008 2100 1176 2146 summam
1196 2078 1400 2146 florenorum
1425 2079 1627 2164 hujusmodi,
1657 2097 1719 2165 pro

352 2183 488 2251 illorum
503 2184 617 2250 tutiori
634 2183 797 2264 custodia,
807 2183 932 2269 deponi
948 2183 1099 2249 fecerunt
1114 2183 1149 2248 in
1166 2182 1322 2250 manibus
1336 2183 1452 2250 dilecti
1468 2183 1526 2249 filii
1540 2234 1568 2251 ..
1584 2183 1720 2250 thesau-

351 2289 430 2354 rarii
446 2288 537 2355 dicte
559 2287 649 2353 ville.
667 2286 740 2354 Nos
755 2296 869 2353 autem
884 2286 1040 2353 volentes
1055 2287 1281 2372 quantitatem
1304 2287 1506 2354 florenorum
1531 2286 1720 2373 hujusmodi

353 2400 545 2458 memorate
561 2391 702 2457 Camere
718 2390 887 2477 assignari,
913 2390 1106 2457 discretioni
1122 2399 1180 2456 tue
1195 2410 1255 2478 per
1270 2390 1457 2478 apostolica
1480 2391 1606 2478 scripta
1627 2410 1719 2457 com·

354 2495 524 2562 mittimus
540 2504 575 2561 et
589 2495 791 2561 mandamus
804 2501 967 2580 quatenus
983 2494 1122 2561 eosdem
1143 2494 1428 2580 burgimagistros,
1448 2494 1613 2577 scabinos,
1640 2514 1720 2561 con·

354 2601 447 2666 sules
462 2608 497 2665 et
512 2599 755 2666 thesaurarium
771 2619 909 2666 moneas
924 2597 1106 2665 efficaciter
1120 2607 1156 2664 et
1171 2598 1310 2664 inducas
1325 2605 1362 2664 ut
1377 2598 1508 2664 dilectis
1523 2597 1600 2664 filiis
1615 2597 1721 2665 socie-

355 2704 441 2770 tatis
453 2703 636 2770 Bardorum
646 2704 688 2770 de
701 2702 883 2784 Florentia,
898 2702 1062 2790 prelibate
1078 2702 1217 2769 nomine
1233 2702 1386 2782 Camere,
1413 2704 1537 2788 absque
1552 2701 1721 2769 dilationis

357 2807 525 2875 ulterioris
551 2808 738 2889 obstaculo,
766 2807 925 2874 studeant
951 2807 1128 2892 assignare,
1153 2826 1213 2892 per
1242 2805 1379 2872 eosdem
1402 2813 1606 2872 mercatores
1636 2804 1721 2871 infra

358 2920 490 2979 certum
515 2912 707 2994 terminum,
732 2932 791 2998 per
818 2920 853 2977 te
880 2911 940 2978 sibi
967 2931 1066 2998 super
1091 2910 1157 2977 hoc
1181 2909 1423 2997 prefigendum,
1446 2909 1557 2976 eidem
1580 2908 1721 2975 Camere

356 3016 576 3104 postmodum
591 3016 861 3105 persolvendam,
875 3015 1021 3102 prefatos
1035 3014 1319 3101 burgimagistros,
1335 3012 1500 3096 scabinos,
1516 3013 1671 3081 consules
1686 3022 1722 3080 et

355 3121 603 3189 thesaurarium
632 3121 783 3206 aliosque
815 3119 1080 3186 contradictores
1107 3118 1275 3203 quoslibet
1304 3117 1347 3183 ad
1373 3118 1437 3185 hec
1459 3138 1520 3205 per
1546 3137 1721 3185 censuram

355 3225 621 3293 ecclesiasticam
644 3224 873 3312 appellatione
899 3223 1098 3311 postposita,
1124 3223 1149 3288 si
1175 3242 1312 3289 necesse
1339 3222 1447 3303 fuerit,
1474 3221 1721 3309 compellendo.

356 3329 522 3396 Volumus
537 3338 651 3396 autern
675 3330 804 3414 tibique
828 3327 1046 3394 concedimus
1061 3326 1153 3412 quod
1171 3326 1425 3411 prenominatos
1439 3325 1720 3412 burgimagistros,

356 3434 522 3515 scabinos,
539 3434 693 3501 consules
708 3442 743 3499 et
758 3431 1003 3499 thesaurarium
1019 3451 1060 3497 ac
1075 3429 1291 3497 Godekinum
1307 3439 1343 3496 et
1357 3430 1535 3496 Albertum
1551 3428 1721 3516 predictos

355 3538 400 3604 de
416 3537 574 3624 predictis
589 3537 733 3620 florenis,
750 3557 827 3603 cum
843 3535 969 3603 eisdem
992 3534 1232 3601 mercatoribus
1257 3533 1414 3618 assignati
1439 3533 1583 3613 fuerunt,
1599 3533 1642 3598 de
1656 3532 1722 3598 illis

355 3643 531 3707 absolvere
555 3644 668 3708 valeas
694 3651 729 3708 et
756 3641 896 3725 quitare,
923 3639 1002 3705 inde
1029 3638 1099 3704 fieri
1127 3637 1254 3704 faciens
1279 3637 1347 3703 duo
1375 3636 1563 3704 consimilia
1588 3635 1721 3723 publica

354 3748 592 3827 instrumenta,
616 3766 757 3831 quorum
781 3746 888 3811 altero
916 3764 1020 3831 penes
1043 3751 1078 3808 te
1104 3743 1157 3807 vel
1181 3740 1319 3808 eosdem
1342 3740 1551 3826 assignantes
1572 3740 1721 3823 dimisso,

355 3852 521 3936 reliquum
537 3850 580 3916 ad
595 3849 750 3917 eamdem
766 3849 944 3915 Cameram
960 3847 1096 3913 mittere
1112 3867 1181 3912 non
1197 3854 1392 3933 postponas.
1410 3844 1489 3912 Dat.
1505 3845 1606 3910 Avin.
1624 3844 1722 3910 nonis

353 3956 440 4042 junii
457 3975 548 4022 anno
565 3957 627 4020 8.»

391 4094 453 4155 Bag.
465 4093 523 4143 vat.
538 4095 592 4152 112,
605 4106 664 4156 pars
673 4092 693 4151 Ι,
706 4092 724 4141 i.
734 4093 784 4149 83¹,
797 4106 822 4139 n.
835 4092 891 4140 388.

413 4261 558 4347 1343.
1449 4287 1545 4351 1324,
1561 4287 1582 4353 9
1592 4265 1680 4349 y'zcm.

404 4381 626 4469 Strigonensis
641 4388 676 4445 et
690 4378 879 4445 Arosiensis
893 4375 1073 4464 prepositis
1083 4395 1123 4441 ac
1135 4373 1296 4458 magistro
1308 4371 1508 4439 Hermanno
1519 4371 1562 4438 de
1572 4369 1723 4450 Boemia,

358 4488 537 4576 capellano
562 4506 660 4575 pape,
684 4483 848 4551 canonico
881 4481 1057 4567 Pragensis
1092 4478 1320 4558 ecclesiarum,
1351 4475 1530 4543 mandatur
1559 4482 1724 4560 quatenus

392 4651 418 4685 a.
433 4634 548 4684 Jobanni
562 4648 625 4697 repa
638 4647 691 4696 roy.
704 4634 758 4679 note
769 4632 791 4690 1,
800 4645 830 4694 p.
841 4630 896 4677 498.

361 4836 607 4897 Limbnrgfltirum,
621 4833 706 4884 Codex
719 4833 898 4898 diplomaticus
910 4831 1063 4892 Floradriae,
1075 4837 1095 4879 t.
1110 4832 1129 4890 l,
1147 4846 1188 4896 pp.
1203 4833 1249 4879 119
1267 4835 1293 4880 et
1311 4832 1365 4879 186.
1379 4831 1415 4879 Le
1430 4828 1607 4894 compendium
1623 4829 1725 4877 ultronc-

361 4919 472 4980 quicum
482 4920 515 4968 de
527 4920 652 4982 Foppens,
664 4933 688 4983 p.
701 4919 740 4977 80,
752 4919 776 4966 le
787 4919 938 4966 mentionne
957 4931 989 4965 en
1007 4917 1069 4964 1308
1080 4920 1108 4964 et
1121 4916 1183 4963 1326
1195 4930 1199 4968 ;
1213 4915 1238 4962 la
1253 4912 1344 4961 Gallia
1362 4912 1521 4972 Christiana,
1533 4917 1552 4961 t.
1562 4912 1593 4972 V,
1606 4911 1654 4961 col.
1670 4912 1724 4968 257,

360 5004 403 5051 dit
413 5002 479 5064 qn'il
491 5003 532 5051 tut
542 5002 625 5063 doyen
637 5001 669 5050 de
682 5003 744 5049 1290
756 5003 771 5048 a
786 5002 855 5048 1326.
869 5001 906 5047 La
917 4999 988 5048 bulle
998 4999 1031 5047 de
1042 4999 1205 5048 nomination
1223 4996 1256 5045 de
1271 5011 1316 5045 son
1334 5010 1488 5056 successeur,
1506 4994 1622 5044 Bernard
1638 4992 1726 5040 ‹l'Albi

363 5086 391 5146 (5
409 5084 503 5133 temler
519 5084 603 5145 1329),
622 5083 742 5147 l'appelle
760 5081 865 5132 Nicolas
886 5081 984 5128 llurier·
1004 5082 1069 5141 (reg.
1091 5082 1137 5128 Av.
1153 5081 1191 5139 ³3,
1210 5079 1229 5127 1.
1249 5080 1316 5139 143).
1340 5078 1388 5126 Ces
1407 5078 1573 5126 nombreuses
1597 5074 1727 5124 mentions

362 5170 523 5230 permettcnt
533 5163 566 5214 de
577 5165 658 5214 croire
669 5180 720 5228 que
731 5164 755 5213 le
767 5164 850 5214 scribo
861 5163 920 5213 s’est
931 5159 1032 5225 trompe
1043 5162 1076 5210 ici
1088 5175 1121 5211 en
1133 5158 1251 5210 derivant
1261 5157 1399 5209 Johauaes.
1416 5158 1479 5220 Voy.
1495 5158 1563 5207 aussi
1577 5170 1602 5205 n.
1622 5155 1694 5204 1250.
