4409 6017
887 715 1043 781 Neuvieme
1063 715 1166 780 annea
1647 712 1708 777 537

307 891 309 930 ε
343 891 418 934 rum
442 890 483 935 ac
510 867 614 934 etiam
648 864 854 953 presentium
880 864 998 931 seriem
1023 863 1202 931 continens
1231 863 1429 946 litterarum,
1452 862 1543 951 quod
1566 861 1707 928 nobise

342 972 487 1057 vestigio
513 971 681 1038 destinare
696 970 839 1036 fideliter
862 991 930 1036 non
957 978 1152 1056 postponas.
1177 968 1255 1035 Dat.
1272 976 1309 1034 ut
1332 968 1431 1055 su'pra
1460 968 1573 1055 [Avin.
1598 971 1616 1031 6
1640 964 1708 1031 kal.

343 1076 538 1144 novembris
550 1095 640 1142 anno
658 1075 739 1161 9].»

378 1215 440 1277 neg.
455 1215 513 1264 vae
530 1217 584 1274 113,
596 1216 614 1264 r.
630 1216 653 1273 3,
668 1227 694 1261 n.
709 1216 748 1261 22.

391 1391 539 1474 1445.
1347 1417 1441 1482 1324,
1465 1414 1507 1481 27
1530 1397 1668 1462 octobre.

390 1509 574 1595 Magistris,
599 1509 718 1595 juratis
743 1517 777 1575 et
801 1507 1036 1574 communitati
1069 1504 1247 1572 Leodiensi
1282 1504 1461 1570 mandatur
1492 1510 1658 1588 quatenus
1693 1522 1713 1568 a

345 1614 640 1681 molestationibus
660 1611 842 1694 Bernardo,
860 1612 892 1678 S.
908 1612 1018 1697 Agate
1033 1610 1178 1677 diacono
1194 1608 1363 1687 cardinali,
1379 1607 1552 1695 preposito
1569 1607 1712 1673 ecclesie

346 1717 555 1797 Leodiensis,
572 1717 673 1782 illatis
687 1716 863 1782 desistant.

393 1876 573 1942 ‹Dilectis
587 1874 664 1940 filiis
686 1874 862 1960 magistris,
875 1873 992 1959 juratis
1017 1880 1051 1938 et
1077 1870 1313 1938 communitati
1341 1869 1530 1936 Leodiensi.
1556 1866 1600 1949 Si,
1615 1874 1715 1955 prout

348 1981 580 2070 supponimus,
610 1978 833 2044 reverentiam
859 1977 1032 2063 dignitatis
1061 1977 1204 2043 ecclesie
1235 1975 1355 2057 colitis,
1386 1975 1412 2039 si
1446 1972 1608 2060 reputatis
1638 1991 1714 2037 eam

349 2107 483 2153 summa
503 2092 581 2170 post
598 2082 709 2147 Deum
724 2082 945 2147 veneratione
965 2081 1178 2166 condignam,
1195 2080 1221 2146 si
1240 2080 1393 2147 debitum
1409 2078 1470 2145 sibi
1494 2076 1630 2144 honoris
1645 2076 1715 2143 cul-

348 2199 423 2255 tum
448 2187 643 2274 impendere
663 2186 795 2273 cupitis,
811 2186 922 2268 decet,
937 2206 958 2252 o
974 2186 1043 2268 filii,
1058 2193 1096 2251 ut
1119 2185 1244 2252 nedum
1265 2183 1496 2250 universaliter
1518 2182 1589 2267 ejus
1602 2189 1716 2269 caput,

349 2292 410 2358 sed
422 2291 626 2376 reliquorum
641 2292 869 2357 membrorum
880 2290 1117 2376 compaginem
1133 2289 1343 2374 singulariter
1356 2287 1541 2354 honoretis.
1557 2286 1611 2353 Sic
1627 2285 1716 2351 enim

350 2397 408 2461 illa
425 2416 461 2462 se
477 2416 629 2463 connexe
644 2395 826 2481 respiciunt
841 2395 955 2480 sicque
964 2395 1088 2461 mutuis
1104 2394 1236 2480 organis
1246 2393 1446 2460 sensibiliter
1454 2414 1491 2460 se
1505 2392 1716 2478 contingrmt,

351 2501 446 2586 quod
460 2499 517 2585 qui
538 2499 756 2566 honoraverit
782 2499 927 2581 unicum,
944 2521 980 2565 se
1003 2520 1124 2586 corpus
1139 2499 1322 2565 honorasse
1344 2518 1414 2563 non
1429 2494 1561 2564 dubitet
1584 2496 1718 2563 univer-

352 2627 438 2673 sum.
455 2604 542 2670 Sane
558 2604 701 2670 dilectus
715 2603 801 2669 filius
816 2612 932 2669 noster
955 2602 1153 2684 Bernardus,
1169 2602 1201 2669 S.
1216 2603 1328 2687 Agate
1353 2601 1515 2669 diaconus
1531 2600 1718 2682 cardinalis,

352 2708 533 2774 occasione
554 2708 763 2795 prepositure
781 2707 923 2774 ecclesie
951 2706 1156 2787 Leodiensis,
1172 2727 1275 2792 quam
1301 2706 1373 2793 ipse
1394 2705 1557 2785 canonice
1576 2705 1719 2787 obtinet,

351 2811 444 2898 apud
460 2833 522 2878 nos
528 2811 735 2879 familiariter
746 2819 929 2877 murmurat
942 2811 1032 2896 quod
1044 2810 1205 2876 officiales
1216 2810 1316 2876 vestri
1326 2811 1547 2897 personaliter
1556 2816 1720 2897 ceperunt

352 2935 545 2982 suosmanu
553 2917 712 3001 sacrilega
721 2915 871 2997 clericos,
882 2914 1190 2981 dehonestaverunt
1200 2914 1263 2981 sibi
1275 2914 1454 2982 commissa
1466 2915 1617 2995 sacraria,
1628 2933 1720 2980 usur·

351 3026 477 3105 parunt
489 3028 645 3105 spectans
656 3019 699 3086 ad
709 3040 796 3101 eum,
807 3019 1016 3106 prepositure
1028 3019 1189 3105 jamdicte
1201 3026 1367 3105 pretextu,
1389 3019 1569 3105 spiritualis
1585 3027 1619 3083 et
1634 3015 1720 3085 tem·

352 3123 433 3189 ralis
455 3124 694 3209 jurisdictionis
718 3123 894 3210 imperium
919 3133 953 3188 et
977 3123 1167 3210 impediunt
1192 3123 1338 3208 denique
1362 3124 1423 3189 sibi
1454 3127 1659 3190 obventuros
1685 3131 1721 3188 et

351 3226 488 3293 debitos
518 3228 621 3314 ipsius
643 3228 854 3314 prepositure
880 3227 1006 3293 fructus
1037 3234 1071 3292 et
1102 3226 1252 3293 redditus
1282 3236 1473 3294 consuetos,
1505 3229 1591 3293 Cum
1623 3227 1721 3312 igitur

351 3330 504 3418 prefatus
519 3331 695 3398 cardinalis
710 3332 764 3413 sit,
780 3339 817 3397 ut
833 3331 935 3412 scitis,
956 3340 1073 3398 sancte
1099 3331 1253 3397 Romane
1276 3332 1392 3398 matris
1415 3333 1555 3398 ecclesie
1578 3333 1721 3399 honora-

353 3435 425 3501 bile
441 3439 629 3503 membrum
652 3456 692 3502 ac
716 3436 839 3517 nobile,
855 3443 891 3500 et
913 3456 1009 3502 carus
1033 3436 1140 3518 nobis,
1161 3438 1337 3523 ipsumque
1362 3436 1538 3522 presertim
1566 3437 1629 3502 ista
1650 3437 1720 3523 pati

355 3560 428 3605 non
443 3539 573 3622 deceat,
590 3541 624 3606 in
641 3541 770 3627 quibus,
786 3540 813 3606 si
831 3561 910 3606 vera
926 3547 1015 3622 sunt,
1038 3542 1155 3628 procul
1171 3540 1274 3607 dubio
1285 3540 1415 3626 justitia
1430 3540 1562 3621 leditur,
1578 3549 1614 3606 et
1628 3560 1722 3606 reve-

355 3644 468 3709 rentia
491 3643 604 3710 divine
630 3643 826 3730 majestatis,
842 3652 957 3710 nostra
980 3653 1016 3711 et
1043 3644 1253 3712 auctoritatis
1268 3645 1409 3711 ecclesie
1429 3644 1624 3727 minoratur,
1650 3642 1723 3710 uni·

357 3748 552 3815 versitatem
580 3757 727 3815 vestram
758 3768 914 3834 rogamus
935 3756 971 3814 et
992 3749 1167 3816 hortamur
1196 3758 1338 3832 attente,
1364 3749 1460 3816 vobis
1485 3748 1723 3816 nichilominus

356 3860 501 3941 paterno
527 3853 669 3919 consilio
695 3852 874 3918 suadentes
909 3861 1077 3938 quatenus
1101 3854 1241 3940 provide
1268 3875 1308 3921 ac
1331 3855 1516 3921 deliberate
1541 3859 1724 3940 pensantes

311 3954 317 3963 “
348 3957 442 4044 vquid
457 3956 617 4024 debeatur
628 3958 661 4023 in
677 3958 801 4023 talibus
813 3977 875 4043 pro
891 3957 962 4043 ipsa
977 3960 1167 4024 reverentia
1181 3968 1297 4026 nostra
1313 3968 1347 4025 et
1359 3959 1546 4046 apostolice
1559 3957 1662 4038 Sedis,
1677 3955 1724 4022 sic

359 4060 543 4148 prudenter
560 4071 661 4147 atque
685 4061 860 4128 salubriter
885 4060 920 4127 in
951 4061 1130 4148 premissis,
1156 4071 1256 4149 prout
1279 4063 1399 4130 viderit
1425 4071 1537 4129 vestra
1557 4061 1725 4139 discretim

360 4164 532 4250 corrigatis
554 4174 675 4246 errata,
692 4165 782 4250 quod
797 4165 964 4251 prefatum
987 4164 1190 4231 cardinalem
1206 4168 1302 4232 vobis
1318 4167 1534 4247 conservetis,
1549 4173 1585 4231 ut
1602 4184 1725 4231 conve-

359 4269 423 4348 nit,
440 4269 549 4336 amica
564 4271 767 4336 tractatione
782 4270 987 4351 benivolum,
1003 4278 1038 4335 et
1054 4291 1209 4336 excessus
1225 4271 1413 4356 hujusmodi
1431 4273 1518 4337 fame
1529 4279 1638 4335 vestre
1655 4288 1723 4333 non

359 4372 478 4438 afferat
503 4372 769 4453 detrimentum;
802 4375 882 4458 quin
909 4375 1021 4459 potius
1044 4375 1134 4461 apud
1161 4396 1222 4440 nos
1252 4384 1287 4439 et
1313 4374 1439 4440 dictam
1464 4373 1585 4439 Sedem
1615 4372 1725 4457 dignis

359 4486 539 4564 propterea
561 4478 695 4564 possitis
717 4479 751 4542 in
780 4478 928 4543 Domino
952 4478 1103 4543 laudibus
1127 4478 1366 4545 commendari.
1393 4478 1470 4545 Dat.
1497 4477 1632 4542 Avin.6
1661 4474 1725 4540 kal.

360 4582 555 4647 novembris
570 4603 661 4647 anno
675 4604 730 4662 9.»

399 4726 458 4785 lleg.
472 4726 531 4778 Vnt.
547 4729 601 4785 113,
615 4728 633 4775 f.
646 4730 698 4786 42ν,
713 4743 738 4777 η,
752 4731 807 4777 340.

412 4901 556 4984 1446.
1351 4936 1446 5001 1324,
1460 4935 1484 4998 5
1501 4915 1680 4980 ›iovembra

409 5019 593 5103 Ludovico,
615 5022 731 5088 comiti
758 5021 924 5104 Flandrie,
940 5022 1093 5087 scribitur
1109 5021 1199 5106 quod
1222 5043 1309 5108 papa
1325 5025 1366 5087 ab
1383 5019 1580 5087 evocatione
1595 5017 1725 5083 abbatis

350 5123 611 5190 'Virziliacensis
627 5127 841 5215 supersedere
857 5147 924 5192 non
941 5134 1064 5215 potest.
