4409 6017
915 741 1085 822 Cinquibme
1105 730 1207 808 anuto.
1673 740 1734 805 855

418 894 539 978 888.
1335 924 1431 987 1320,
1449 923 1491 968 22
1506 902 1690 968 novembre.

420 1013 593 1100 Episcopo
610 1011 843 1079 Cameracensi
859 1010 1037 1077 mandatur
1051 1018 1218 1095 quatenus
1232 1008 1385 1074 absolvat
1400 1006 1418 1084 J
1422 1006 1602 1085 ohannem,
1614 1002 1735 1069 ducem

373 1116 569 1198 Brabantie,
580 1119 622 1183 ab
638 1116 821 1184 homicidio
836 1137 896 1203 per
911 1136 989 1182 eum
1011 1115 1043 1179 in
1063 1133 1242 1200 personam
1266 1111 1438 1198 cujusdam
1453 1110 1646 1178 subdiaconi
1663 1130 1735 1195 per-

371 1230 520 1307 petrato,
534 1242 597 1308 pro
617 1222 764 1307 eoquod
783 1242 819 1287 se
838 1220 1032 1307 opponebat
1055 1237 1117 1284 suo
1139 1216 1301 1283 dominio.

420 1325 474 1390 Ex
489 1334 584 1412 parte
600 1325 757 1392 dilecti...
1064 1386 1066 1390 Α

420 1431 501 1498 Dat.
516 1431 617 1498 Avin.
637 1452 675 1498 10
690 1430 756 1497 kal.
772 1429 960 1514 decembris
974 1447 1064 1494 anno
1082 1447 1111 1512 5.

407 1561 471 1623 Reg.
483 1562 533 1610 dv,
547 1563 584 1620 ll,
596 1562 615 1611 l.
627 1562 670 1609 47*
683 1577 688 1618 ;
701 1561 760 1610 Vat.
773 1563 811 1620 71,
824 1560 842 1610 f.
856 1563 922 1619 127⁹,
934 1573 959 1608 n.
973 1559 1027 1607 184.

417 1717 536 1803 889.
1360 1755 1492 1818 132o,r
1514 1737 1691 1800 decembre.

416 1835 437 1915 J
441 1836 566 1903 ohanni
592 1835 685 1903 dicto
711 1829 848 1918 Feloris,
880 1836 1065 1922 presbitero
1096 1835 1286 1920 Leodiensi,
1316 1847 1503 1905 reservatur
1536 1838 1733 1904 beneficium

371 1943 524 2008 seculare
540 1944 598 2028 (80
614 1943 670 2009 lib.
686 1951 749 2009 tur.
766 1942 874 2029 parv.)
891 1942 925 2007 in
941 1942 1077 2008 civitate
1093 1945 1148 2009 vel
1163 1943 1287 2012 diocesi
1309 1943 1546 2025 Suessionensi‚
1569 1944 1611 2010 ad
1634 1944 1734 2009 colla-

371 2047 504 2114 tionem
529 2046 677 2133 episcopi
704 2046 959 2128 Suessionensis,
975 2067 1052 2113 cum
1074 2046 1185 2113 dictus
1207 2047 1389 2129 Johannes,
1411 2047 1510 2113 simili
1525 2046 1630 2131 gratia
1650 2048 1735 2132 jam-

372 2150 502 2218 dudum
518 2152 659 2218 obtenta
672 2152 730 2236 (¹),
741 2149 907 2236 quandam
924 2150 1144 2237 capellaniam
1159 2159 1356 2239 perpetuam
1371 2151 1413 2217 ad
1428 2151 1644 2217 collationem
1653 2151 1733 2216 dicti

372 2254 526 2341 episcopi
540 2263 678 2341 propter
693 2254 895 2320 tenuitatem
922 2255 1113 2321 reddituum
1139 2255 1286 2342 recipere
1308 2254 1462 2338 noluerit,
1485 2275 1554 2320 non
1579 2257 1734 2320 obstante

372 2358 467 2443 quod
481 2359 684 2425 beneficium
700 2359 742 2425 ad
755 2359 971 2425 collationem
988 2358 1107 2425 decani
1123 2359 1263 2426 ecclesie
1274 2357 1312 2423 B.
1324 2356 1434 2425 Mario
1456 2358 1632 2444 Aquensis
1649 2358 1734 2424 Leo-

371 2462 500 2529 diensis
515 2462 666 2544 diocesis
683 2470 849 2549 expectat.

418 2565 557 2632 Dudum
572 2567 766 2634 volentes...

420 2670 500 2735 Dat.
516 2670 615 2735 Avin.
631 2669 697 2737 kal.
713 2669 900 2737 decembris
914 2691 1004 2737 anno
1022 2691 1051 2756 5.

420 2771 462 2838 In
478 2793 508 2839 e.
523 2794 568 2838 m.
584 2774 744 2860 episcopo
760 2772 981 2842 Noviomensi
1007 2783 1042 2840 et
1064 2774 1178 2840 abbati
1201 2773 1394 2841 monasterii
1418 2773 1449 2841 S.
1467 2773 1620 2841 Medardi
1638 2774 1733 2840 Sues·

373 2877 541 2945 sionensis
566 2899 605 2945 ac
632 2877 819 2945 Bertrando
842 2879 885 2945 de
911 2877 1118 2959 Mediolan0,
1142 2878 1306 2944 canonico
1338 2876 1526 2960 Leodiensi,
1558 2864 1732 2965 capellano

374 3003 475 3069 Pflpe·
1665 2998 1667 3002 ’

408 3112 471 3173 Reg.
484 3113 531 3162 Au.
545 3111 610 3170 ll‚l.
624 3112 687 3168 103;
701 3110 758 3159 Vat.
772 3111 840 3170 71‚f.
853 3112 908 3170 138,
921 3125 946 3158 n.
959 3111 1013 3158 217.

418 3275 539 3359 890-
930 3313 933 3318 ·
1359 3311 1454 3373 1320,
1471 3292 1491 3356 6
1512 3294 1688 3358 decembre.

417 3393 599 3474 Walram0,
627 3394 696 3459 filio
718 3391 867 3474 Gerardi,
892 3392 1025 3459 comitis
1051 3390 1259 3475 Juliaeensis‚
1294 3403 1481 3461 reservatur
1504 3395 1648 3481 dignitas
1679 3397 1731 3460 vel

373 3504 575 3583 personatus
599 3517 657 3563 seu
684 3496 832 3563 officium
860 3498 893 3563 in
918 3499 1059 3565 ecclesia
1074 3497 1277 3581 Coloniensi,
1294 3501 1561 3567 consideratione
1577 3502 1732 3588 Philippi,

372 3601 471 3685 regie,
488 3609 522 3667 et
539 3599 658 3682 Marie,
673 3602 785 3686 regine
803 3600 1019 3683 Francorum,
1035 3622 1104 3666 non
1120 3603 1276 3668 obstante
1288 3603 1378 3687 quod
1390 3603 1423 3667 in
1438 3604 1528 3669 dicta
1540 3603 1731 3669 Coloniensi

373 3714 409 3770 et
425 3705 459 3769 in
476 3704 508 3769 S.
525 3702 632 3770 Marie
647 3705 689 3771 de
699 3706 908 3790 Aquisgrani,
925 3705 1122 3773 Leodiensis
1137 3706 1287 3790 diocesis,
1303 3707 1452 3774 ecclesiis
1467 3708 1683 3773 canonicatus
1699 3715 1733 3771 et

374 3807 563 3894 prebendas
578 3808 719 3889 obtinet,
735 3817 770 3873 et
786 3830 885 3896 super
899 3810 1109 3897 prepositura
1126 3810 1265 3876 ecclesie
1286 3811 1317 3877 S.
1343 3811 1504 3878 Gereonis
1525 3811 1734 3877 Coloniensis

375 3912 466 3999 apud
481 3912 602 3978 Sedem
617 3913 838 3998 apostolicam
854 3914 972 3999 litigat,
989 3935 1047 3980 seu
1063 3912 1153 3999 quod
1167 3914 1201 3978 in
1218 3924 1308 3981 etate
1325 3918 1383 4000 (19
1399 3916 1493 3998 ann.)
1516 3924 1550 3980 et
1566 3914 1735 3980 ordinibus

375 4016 544 4083 defectum
561 4017 696 4102 patitur.

420 4121 511 4187 Dum
527 4120 575 4185 tui
592 4121 843 4187 nobilitatem...

420 4225 499 4291 Dat.
512 4223 612 4291 Avin.
630 4227 648 4289 8
666 4224 708 4291 id.
724 4226 910 4292 decembris
924 4247 1014 4292 anno
1032 4246 1060 4311 5.

421 4329 462 4395 In
478 4349 508 4394 e.
525 4349 569 4393 m.
585 4328 715 4396 decano
732 4330 763 4395 S.
781 4329 943 4396 Gereonis
959 4339 994 4395 et
1009 4332 1215 4397 thesaurario
1230 4334 1261 4398 S.
1277 4335 1411 4399 Andree
1428 4332 1680 4398 Coloniensium
1697 4353 1736 4398 ac
1791 4322 1794 4328 ’

379 4435 538 4520 magistro
555 4432 656 4500 Petro
671 4434 713 4500 de
729 4433 915 4520 Nogareto,
943 4436 1108 4502 canonico
1129 4435 1384 4522 Burdegalensis
1409 4438 1633 4516 ecclesiarum,
1649 4457 1736 4522 pape

380 4541 565 4627 capellano.

412 4670 472 4731 Reg.
483 4670 532 4719 Av.
548 4667 587 4725 ll,
600 4666 620 4715 f.
637 4667 680 4712 127
692 4680 697 4722 ;
711 4665 769 4714 vm.
783 4668 821 4720 71,
834 4668 966 4725 i.13lil,n.
979 4668 1033 4716 212.

423 4834 533 4918 891.
1371 4867 1465 4929 1320,
1483 4849 1503 4912 ό
1519 4852 1695 4916 decembre.

425 4952 574 5019 Gerardo
600 4950 642 5016 de
670 4952 845 5017 Sconauhe
872 4951 1041 5017 confertur
1067 4953 1285 5019 canonicatus
1309 4952 1449 5019 ecclesie
1478 4955 1512 5020 S.
1535 4954 1628 5021 Pauli
1655 4956 1739 5021 Leo·
