4409 6017
908 705 1054 780 Premilre
1074 707 1176 771 eunde.

411 851 528 919 Dilecti
547 853 647 926 filii...

309 1027 326 1054 Σ
411 955 486 1022 Dat.
501 958 604 1024 Avin.
622 975 640 1043 7
657 956 723 1024 kal.
739 958 929 1025 novembris
945 980 1034 1024 anno
1055 980 1080 1026 1.

309 1117 320 1156 ,-
399 1084 456 1146 fleg.
470 1086 521 1135 Ar.
533 1086 556 1145 l,
568 1086 587 1135 i.
601 1088 662 1135 364*
675 1102 681 1143 ;
695 1086 753 1137 ναὶ.
768 1088 807 1147 bl,
819 1088 839 1139 f.
857 1089 911 1147 186,
924 1103 948 1137 n.
963 1090 1032 1137 1531.

408 1256 517 1342 154.
1080 1323 1083 1327 .
1368 1273 1521 1356 1316,26
1544 1276 1679 1341 octobre.

309 1455 312 1466 A
408 1371 570 1440 Michaeli
594 1374 721 1440 Troeta
744 1376 912 1442 confertur
938 1375 1154 1444 canonicatus
1183 1378 1324 1443 ecclesie
1349 1377 1380 1443 S.
1405 1377 1494 1443 Petri
1520 1379 1561 1445 de
1586 1377 1724 1462 Lileriis,
1820 1383 1824 1390 '

369 1475 567 1545 Morinensis
590 1477 743 1559 diocesis,
768 1481 827 1544 sub
853 1481 1088 1566 expectatione
1113 1481 1282 1566 prebende
1305 1482 1569 1566 integre,·libere
1598 1490 1632 1548 et
1654 1504 1723 1549 non

366 1581 587 1663 sacerdotalis,
603 1603 670 1647 non
687 1585 843 1648 obstante
859 1583 949 1667 quod
958 1584 1199 1669 parrochialem
1210 1585 1386 1650 ecclesiam
1399 1584 1441 1651 de
1453 1582 1673 1651 comitisvilla
1688 1595 1723 1652 et

365 1686 395 1750 in
409 1684 452 1751 de
470 1684 684 1772 Rolinghem,
702 1685 739 1752 B.
757 1685 864 1751 Maris
880 1687 922 1752 de
940 1687 1170 1754 Haudunborc
1182 1677 1220 1754 ¹et
1236 1687 1274 1754 B.
1287 1687 1393 1754 Maris
1410 1686 1451 1753 de
1469 1686 1609 1754 Bolonia
1625 1711 1722 1776 supra

309 1853 310 1860 χ
364 1809 453 1854 mare
468 1789 622 1855 ecclesiis
637 1798 671 1854 et
690 1790 723 1853 in
747 1789 903 1876 hospitali
928 1791 969 1856 de
996 1791 1151 1875 Fregues,
1176 1791 1419 1872 Ambianensis,
1444 1789 1666 1863 Toruacensis
1688 1803 1722 1860 et

366 1889 571 1957 Morinensis
586 1892 768 1972 diocesum,
785 1893 929 1979 quedam
945 1894 1108 1981 simplicia
1123 1895 1286 1961 beneficia
1301 1896 1443 1961 obtinet.

309 1987 310 2000 ¹
402 1995 604 2082 Apostolice
619 1997 889 2062 munificentie...

403 2099 485 2164 Dat.
501 2099 603 2165 Avin.
621 2118 638 2183 7
654 2099 721 2165 kal.
737 2100 928 2167 novembris
943 2122 1032 2167 anuo
1053 2124 1078 2168 1.

403 2200 443 2267 ln
463 2224 493 2268 e.
513 2224 559 2269 m.
579 2201 784 2274 Brivatensis
807 2212 842 2269 et
867 2204 898 2269 S.
916 2203 1023 2271 Marie
1048 2205 1091 2270 de
1117 2205 1258 2272 Bolonia
1283 2228 1380 2293 supra
1405 2229 1496 2273 mare
1521 2210 1718 2275 secularium

358 2306 547 2387 abbatibus,
573 2305 859 2373 Claromontcnsis
883 2316 918 2374 et
944 2308 1146 2375 Morinensis
1170 2310 1352 2391 diocesum,
1372 2333 1411 2377 ac
1427 2310 1573 2389 Jolrauni
1590 2313 1632 2378 de
1651 2313 1721 2378 He-

358 2418 465 2490 mont,
482 2410 649 2476 canonico
663 2397 885 2477 Tomacensis
900 2413 1127 2479 ecclesiarum.

392 2539 455 2598 RQ.
467 2540 517 2588 nv.
529 2542 552 2599 5,
564 2540 584 2588 r.
600 2541 661 2597 ism
677 2539 733 2589 ναι.
746 2542 785 2600 ar,
796 2541 815 2589 f.
828 2543 894 2600 arev,
907 2545 1016 2591 narrar.

309 2695 312 2764 i
401 2705 513 2786 155·
566 2774 570 2781 .
1361 2720 1454 2802 1516,
1473 2722 1516 2783 28
1537 2723 1674 2786 octobre.

401 2822 562 2901 Gnidoni,
581 2822 739 2907 episcopo
754 2820 969 2900 Tomacensi,
986 2821 1041 2905 qui
1058 2822 1100 2887 ad
1117 2822 1315 2887 comitatum
1333 2822 1498 2903 Flandrie,
1522 2845 1583 2910 pro
1599 2845 1719 2909 magua

359 2935 452 3011 parte
469 2927 503 2989 in
520 2946 579 2991 sua
595 2924 834 2991 consistentem
850 2925 986 3004 diocesi,
997 2945 1131 2991 necnon
1147 2934 1182 2990 et
1198 2926 1241 2991 ad
1255 2926 1401 2992 diversas
1416 2928 1497 2993 alias
1513 2939 1623 3013 partes
1636 2930 1720 3014 ejus-

360 3028 436 3093 dem
451 3029 605 3108 diocesis,
621 3038 758 3114 propter
772 3050 961 3113 guerrarum
985 3029 1176 3095 discrimina
1192 3037 1226 3094 et
1242 3029 1323 3094 alias
1335 3030 1440 3114 justas
1461 3052 1586 3112 causas,
1609 3053 1720 3117 perso-

362 3133 481 3198 naliter
506 3131 669 3198 accedere
693 3153 808 3198 secure
839 3153 905 3198 nou
931 3142 1052 3218 potest,
1081 3134 1270 3218 indulgetur
1294 3141 1331 3198 ut
1356 3152 1459 3216 usque
1485 3134 1528 3199 ad
1548 3135 1720 3200 biennium

363 3236 528 3315 ecclesias,
545 3237 747 3302 monasteria
762 3246 796 3301 et
813 3257 970 3320 personas
985 3236 1228 3302 ecclesiasticas
1243 3257 1301 3301 sue
1320 3236 1462 3302 diocesis
1484 3258 1543 3322 per
1564 3259 1721 3323 personas

365 3338 497 3404 idoneas
513 3339 639 3404 visitari
657 3339 767 3406 facere
783 3342 903 3404 valeat.

403 3442 507 3508 Grata
522 3442 752 3508 devotionis...

406 3546 481 3612 Dat.
497 3547 600 3611 Avin.
619 3568 635 3630 5
652 3544 718 3612 kal.
735 3548 925 3612 novembris
941 3569 1031 3613 anno
1051 3570 1076 3613 1.

406 3648 442 3713 ln
458 3671 488 3714 e.
505 3671 550 3715 m.
573 3650 733 3736 episcopo
754 3650 980 3716 Suessionensi
1002 3662 1036 3716 et
1058 3652 1172 3716 abbati
1195 3653 1350 3717 secularis
1373 3653 1585 3734 Brivatensis‚
1607 3656 1720 3720 Claro-

323 3679 333 3810 ι
370 3753 545 3818 montensis
560 3752 712 3833 diocesis,
728 3774 769 3819 ac
787 3753 886 3818 Petro
901 3752 1087 3834 Bertrandi,
1105 3755 1268 3820 canonico
1284 3756 1472 3822 Aniciensis
1493 3759 1720 3825 ecclesiarum.

399 3879 452 3940 leg.
465 3883 514 3929 Ar.
527 3883 549 3939 l,
563 3881 580 3929 f.
594 3884 656 3937 302;
671 3881 728 3929 l'at.
740 3884 778 3930 el.
791 3883 808 3931 i.
825 3884 889 3938 lllv,
903 3897 928 3930 n.
943 3885 1012 3931 13⁸⁸.

408 4048 515 4134 156.
1362 4063 1458 4143 1316,
1477 4064 1521 4124 28
1541 4065 1678 4128 octobre.

407 4166 563 4246 Guidoni,
589 4166 747 4251 episcopo
771 4164 800 4230 T
802 4165 985 4244 omacensi,
1011 4165 1066 4248 qui
1092 4172 1229 4250 propter
1254 4184 1443 4248 guerrarum
1467 4166 1658 4230 discrimina
1689 4167 1720 4230 in

376 4268 496 4336 civitate
514 4279 548 4335 et
565 4270 688 4335 diocesi
706 4268 908 4334 Tomacensi
933 4289 1060 4333 moram
1084 4269 1215 4333 trahere
1240 4269 1417 4333 commode
1442 4270 1494 4332 vel
1518 4291 1632 4334 secure
1653 4291 1720 4334 non

377 4376 458 4452 valet,
485 4374 675 4458 indulgetur
699 4373 742 4437 ad
766 4373 1029 4456 ‹prinquennium
1047 4383 1083 4436 ut
1099 4373 1245 4456 quinque
1262 4371 1424 4450 canonici,
1442 4371 1508 4437 suis
1526 4381 1561 4438 et
1582 4374 1721 4439 ecclesie

376 4470 583 4543 lomacensis
606 4477 772 4560 obsequiis
797 4477 997 4553 insistentes,
1022 4476 1147 4540 linctus
1173 4475 1410 4540 beneficiorum
1439 4496 1574 4540 suorum
1598 4480 1722 4561 absque

376 4581 538 4647 residentia
557 4580 727 4666 percipere
744 4581 887 4644 valeant.

332 4717 338 4822 Ι
407 4683 568 4750 Sollicitat
584 4694 774 4748 mentem...

408 4786 481 4854 Dat.
498 4788 599 4852 rivin.
618 4808 634 4871 5
652 4786 718 4852 kal.
735 4787 927 4853 novembris
942 4808 1031 4853 anuo
1051 4808 1077 4853 1.

331 4887 338 5006 l
409 4888 443 4955 In
459 4913 488 4957 e.
505 4913 550 4955 m.
567 4892 726 4976 episcopo
746 4892 972 4958 Suessionensi
997 4900 1031 4955 et
1054 4894 1165 4957 abbati
1193 4893 1348 4957 secularis
1376 4891 1722 4974 B1·ivatensis‚Clar0-

332 5009 336 5024 ·
379 4995 544 5061 montensis
560 4994 712 5076 diocesis,
728 5015 768 5060 ac
784 4994 885 5062 Petro
908 4995 1092 5074 Bertrandi,
1110 4999 1272 5061 canonico
1295 4996 1478 5060 Auitiensis
1497 4997 1724 5062 ecclesiarum.

403 5119 453 5182 Rvg.
464 5127 511 5174 Ar.
527 5126 550 5173 4.
564 5126 581 5172 l.
595 5125 670 5180 3er
683 5123 742 5173 Vnt.
755 5126 793 5181 ol,
806 5125 824 5174 i.
838 5127 892 5183 142,
910 5140 935 5173 n.
951 5126 1011 5173 13⁸⁹
1023 5139 1045 5170 a.
