4409 6017
897 689 1054 756 Troisieme
1075 691 1178 756 annea.
1655 694 1717 758 287

352 833 441 900 Sane
456 843 599 922 paterna
615 840 723 925 pietas
739 848 860 926 optans
876 838 1046 906 ardentius
1061 859 1123 904 vos
1138 837 1284 904 invicem
1303 839 1408 906 solide
1425 842 1572 908 caritatis
1587 844 1716 928 glutino

352 940 515 1024 copulari,
531 962 594 1009 nos
606 963 626 1008 a
638 943 745 1029 ceptis
760 943 870 1009 adhuc
884 964 953 1009 non
970 942 1048 1007 sinit
1063 941 1233 1024 desistere,
1249 942 1291 1009 ad
1307 942 1527 1011 insistendum
1543 948 1717 1013 continua·

352 1042 447 1108 tione
463 1054 632 1131 oportune
647 1047 909 1133 importunitatis
931 1068 993 1113 nos
1013 1046 1187 1113 stimulans
1202 1056 1237 1113 et
1252 1048 1448 1133 astringens,
1465 1050 1607 1136 ideoque
1623 1053 1717 1118 nobi-

352 1145 487 1213 litatem
510 1142 605 1217 tuam
621 1172 662 1217 eo
678 1152 849 1217 ardentius
865 1172 931 1235 quo
947 1151 1152 1236 frequentius
1167 1172 1352 1235 monemus
1368 1174 1523 1240 rogamus
1547 1163 1581 1220 et
1605 1156 1717 1221 horta-

352 1271 428 1316 mur
443 1252 478 1317 in
490 1254 639 1321 Domino
651 1275 691 1323 ac
707 1257 919 1322 obsecramur
933 1276 993 1341 per
1004 1256 1131 1321 viscera
1145 1255 1370 1323 misericordie
1386 1257 1405 1336 J
1409 1258 1490 1324 hesu
1507 1258 1640 1340 Christi,
1656 1261 1716 1324 tibi

352 1356 592 1425 nichilominus
607 1380 690 1426 sano
710 1361 850 1427 consilio
874 1361 1052 1427 suadentes
1077 1361 1242 1446 quatinus,
1270 1361 1449 1428 attendens
1474 1364 1657 1429 consultius
1682 1373 1716 1429 et

352 1459 441 1525 intra
456 1463 604 1546 pectoris
620 1463 668 1528 tui
681 1463 824 1530 claustra
838 1464 970 1530 solicita
985 1464 1206 1531 meditatione
1218 1466 1396 1531 revolvens
1412 1475 1537 1551 quanta
1552 1489 1593 1531 ex
1609 1471 1716 1554 pemi-

352 1562 443 1629 ciosa
457 1563 485 1628 F
487 1565 653 1633 landrensi
667 1567 832 1636 discordia
843 1568 969 1635 dudum
981 1568 1128 1655 pericula
1138 1571 1354 1656 provenerint
1363 1571 1558 1653 animarum,
1576 1583 1716 1656 quantas

352 1672 483 1752 strages
503 1668 574 1755 ipsa
591 1669 753 1738 dissensio
769 1672 936 1738 induxerit
952 1693 1140 1759 corporum,
1157 1681 1282 1758 quanta
1297 1660 1527 1760 multiplicarit
1543 1676 1716 1761 dispendia

352 1773 553 1841 fircultatum
569 1783 761 1861 quantaque
777 1776 1020 1863 impedimenta
1035 1777 1098 1863 piis
1113 1778 1278 1864 operibus,
1302 1785 1337 1843 et
1360 1779 1548 1863 specialiter
1569 1780 1716 1847 subsidio

351 1877 539 1962 prestiterit
559 1878 662 1945 Terre
684 1881 816 1963 Sancte,
838 1889 962 1965 quanta
983 1880 1086 1947 etiam
1103 1902 1122 1945 e
1138 1880 1304 1947 contrario
1318 1891 1332 1917 ⁰
1355 1882 1511 1948 duratura
1536 1886 1715 1952 concordia

352 1981 442 2046 inter
457 1989 493 2046 te
509 1990 544 2047 et
559 2003 672 2069 regem
692 1983 858 2070 prefatum
883 1993 998 2071 posset
1023 1984 1166 2051 comoda
1190 2005 1375 2071 procurare,
1400 1987 1532 2071 quantis
1556 2009 1615 2073 per
1642 2011 1715 2055 eam

353 2094 584 2151 occurreretur
596 2087 760 2172 periculis,
773 2110 873 2174 quam
885 2088 1029 2169 liberius
1041 2088 1112 2175 ipsa
1121 2089 1272 2171 durante,
1285 2090 1425 2176 privatis
1435 2091 1590 2176 utrinque
1603 2102 1716 2179 posset

353 2198 388 2254 et
404 2190 607 2256 comunibus
629 2192 830 2258 utilitatibus
846 2193 1022 2279 provideri,
1039 2193 1195 2278 quodque
1211 2193 1236 2258 si
1252 2201 1287 2258 te
1304 2194 1337 2258 in
1352 2194 1499 2279 antiqua,
1516 2196 1605 2279 quod
1621 2196 1716 2275 absit,

353 2314 547 2377 guerrarum
573 2294 764 2362 discrimina
787 2296 943 2377 recidere,
959 2304 1017 2362 tua
1033 2296 1066 2361 in
1083 2297 1149 2363 hoc
1173 2297 1326 2382 superbia
1350 2298 1515 2382 exigente,
1531 2300 1715 2384 contingat,

353 2397 469 2463 omnia
485 2399 574 2464 mala
590 2420 655 2483 que
670 2400 749 2466 hinc
766 2401 843 2466 inde
866 2400 1065 2486 provenient
1081 2409 1117 2466 et
1132 2408 1312 2485 sequentur
1334 2391 1489 2487 imputari
1512 2403 1571 2467 tibi
1596 2405 1716 2470 merito

353 2509 526 2586 poterunt,
542 2510 577 2567 et
601 2502 643 2568 de
658 2503 722 2569 hiis
738 2503 893 2570 omnibus
915 2505 1053 2571 habebis
1070 2504 1102 2568 in
1119 2503 1259 2571 districti
1276 2505 1429 2570 examine
1450 2506 1563 2591 judicii
1580 2508 1717 2573 reddere

354 2604 532 2684 rationem,
549 2626 657 2690 eoque
672 2608 881 2673 molestiores
905 2608 1062 2673 ressidive
1085 2608 1266 2674 collisionis
1288 2610 1428 2675 insultus
1451 2610 1573 2676 debeas
1596 2612 1717 2677 merito

354 2709 536 2775 formidare
552 2732 619 2795 quo
635 2713 721 2778 solet
737 2712 831 2778 esse⁶
846 2712 1006 2778 recidenti
1020 2712 1166 2777 deterius
1179 2733 1279 2798 quam
1291 2714 1435 2792 cadenti,
1456 2734 1588 2780 necnon
1605 2724 1639 2781 et
1652 2717 1716 2782 alia

354 2832 424 2877 non
449 2812 547 2879 facile
570 2815 776 2882 numeranda
792 2815 983 2882 discrimina
998 2836 1063 2901 que
1078 2836 1268 2901 guerrarum
1284 2816 1419 2883 dissidia
1444 2817 1658 2903 spiritualiter
1681 2829 1716 2884 et

354 2915 587 3002 temporaliter
602 2918 767 3004 ingerunt,
783 2920 947 2984 immensa
967 2940 1100 3004 quoque
1123 2918 1188 2984 alia
1211 2919 1353 2986 comoda
1377 2941 1440 3004 que
1464 2940 1529 3005 pax
1554 2922 1715 3002 amabilis,

354 3041 421 3107 pax
436 3020 657 3088 desideranda
672 3024 836 3109 producit,
846 3024 889 3090 ad
901 3022 1177 3089 considerationis
1187 3031 1279 3089 recte
1288 3022 1449 3107 judicium
1461 3011 1716 3106 refferens,'nos-

354 3124 415 3190 tris
431 3123 577 3191 consiliis
592 3146 631 3191 ac
647 3126 844 3193 salutaribus
866 3126 1003 3192 monitis
1018 3134 1076 3191 tua
1092 3127 1206 3211 utique
1222 3126 1366 3192 comoda
1389 3130 1667 3213 prosequentibus
1683 3139 1717 3196 te

355 3236 529 3314 coaptans,
542 3249 660 3314 pacem
676 3230 863 3316 predictam
878 3234 1003 3315 absque
1019 3250 1112 3295 more
1128 3230 1305 3316 dispendio
1320 3231 1479 3317 perficere
1495 3232 1629 3297 studeas
1645 3243 1717 3299 tan-

355 3352 457 3417 quam
484 3330 518 3396 in
546 3333 711 3415 omnibus,
727 3343 890 3420 quantum
913 3334 955 3400 ad
979 3343 1014 3399 te
1041 3334 1197 3420 pertinet,
1224 3333 1418 3420 adimplere,
1435 3335 1628 3401 securitates
1656 3359 1717 3422 pro

355 3436 446 3504 dicta
461 3455 545 3521 pace
561 3437 797 3503 inviolabiliter
812 3437 1020 3504 observanda
1032 3438 1128 3522 juxta
1151 3437 1289 3502 modum
1305 3446 1339 3503 et
1356 3439 1497 3503 formam
1514 3440 1618 3505 nostri
1637 3461 1716 3505 con·

356 3541 429 3624 silii,
446 3541 537 3628 quod
552 3549 588 3606 te
602 3542 726 3607 habere
742 3542 972 3628 supponimus,
989 3562 1087 3627 super
1114 3540 1313 3606 sufficientia
1330 3541 1474 3627 ipsarum
1490 3544 1716 3618 securitatum,

356 3666 423 3712 non
452 3648 577 3730 absque
606 3646 799 3711 maturitate
829 3644 968 3731 provida
994 3653 1029 3710 et
1055 3644 1296 3710 deliberatione
1322 3655 1452 3712 matura
1477 3646 1511 3710 in
1533 3654 1667 3712 tuorum
1684 3656 1718 3712 et

355 3749 436 3816 dicti
453 3749 539 3834 regis
564 3756 817 3834 procuratorum
844 3748 1011 3834 presentia
1035 3747 1236 3834 promulgati
1251 3757 1270 3829 ⁶,
1293 3749 1401 3815 eidem
1426 3748 1494 3834 regi
1519 3749 1668 3814 tribuens
1684 3760 1718 3814 et

355 3852 519 3939 recipiens
543 3855 585 3917 ab
612 3851 743 3930 eodem,
760 3852 901 3917 sciturus
926 3852 1016 3936 quod
1041 3851 1078 3931 si,
1094 3851 1205 3917 adhuc
1230 3850 1308 3937 ipsis
1324 3852 1556 3918 securitatibus
1572 3853 1718 3939 prestitis

356 3968 387 4023 et
403 3956 560 4041 receptis,
576 3975 636 4040 per
652 3976 714 4020 nos
729 3955 834 4041 possit
851 3955 1018 4041 procurari
1031 3976 1091 4040 per
1107 3954 1197 4039 quod
1213 3975 1278 4039 pax
1296 3954 1366 4040 ipsa
1382 3956 1468 4020 inter
1480 3975 1542 4021 vos
1557 3954 1718 4020 solidetur

357 4060 473 4126 lortius
498 4068 533 4125 et
561 4060 719 4140 firmetur,
735 4060 909 4144 diligentia
933 4068 1048 4124 nostra
1074 4080 1143 4123 non
1168 4057 1284 4138 deerit,
1309 4080 1426 4143 ymmo
1454 4080 1515 4123 nos
1545 4067 1719 4144 promptos

355 4165 527 4231 offerimus
539 4171 573 4228 et
585 4171 720 4249 paratos
733 4184 831 4248 super
841 4164 906 4229 hoc
920 4184 1097 4248 operosum
1110 4162 1255 4228 studium
1272 4171 1307 4227 et
1317 4162 1500 4227 studiosam
1513 4182 1649 4247 operam
1662 4162 1718 4226 ad-

356 4268 481 4333 hibere.
498 4266 530 4330 Si
547 4274 670 4346 autem,
688 4265 778 4350 quod
795 4267 891 4344 absit,
909 4275 1022 4330 nostra
1037 4266 1177 4345 monita,
1193 4285 1286 4330 more
1308 4266 1417 4345 solit0,
1430 4264 1563 4330 duxeris
1584 4265 1617 4328 in
1639 4284 1718 4329 cou-

355 4368 603 4457 temptum,tibi
620 4371 741 4435 merito
756 4372 882 4455 poteris
899 4370 1073 4455 imputare,
1081 4369 1107 4434 si
1121 4368 1330 4434 auctoritatis
1340 4369 1525 4454 apostolice
1536 4369 1719 4448 dexteram,

355 4494 459 4557 quam
486 4482 642 4558 expertus
667 4494 703 4537 es
728 4474 760 4535 in
795 4473 1061 4538 admonitionem
1098 4481 1133 4536 et
1152 4472 1425 4537 exhortationum
1449 4472 1718 4557 prosecutionem

355 4576 547 4661 benignam,
575 4576 716 4641 senseris
732 4575 755 4654 l,
770 4577 898 4660 justitia
929 4576 1094 4660 exigente,
1121 4576 1153 4639 in
1193 4563 1262 4659 ejus
1292 4576 1526 4660 prosecutione
1557 4596 1717 4640 severam.

358 4681 485 4746 Datum
502 4682 560 4764 (¹).
575 4702 592 4742 n

388 4818 448 4876 ling.
466 4817 524 4865 liat.
537 4821 590 4877 llll,
604 4833 662 4881 pars
674 4820 694 4874 l,
708 4820 725 4866 i.
738 4821 776 4876 ul,
791 4833 817 4868 n.
833 4820 878 4866 lili
893 4846 924 4853 -
937 4818 1044 4876 doulon,
1059 4832 1084 4865 n.
1101 4819 1148 4864 832
1161 4819 1266 4879 (texte).

388 4950 412 4982 α.
431 4933 454 4980 le
467 4948 518 4996 rep.
527 4949 544 4979 a
556 4936 709 4995 erogioncm.
723 4963 754 4969 -
767 4934 788 4984 b.
803 4939 867 4982 essct
882 4949 930 4994 rep.
943 4963 965 4968 -
984 4950 1004 4981 c.
1018 4934 1186 4996 promulgatis
1199 4950 1249 4993 rias.
1260 4962 1289 4966 —
1300 4932 1324 4981 d.
1337 4935 1441 4981 senserit
1456 4948 1505 4992 rep.

497 5048 786 5058 .--————-——

393 5118 412 5164 l.
426 5118 500 5164 Cctte
521 5115 597 5163 lcttrc
615 5119 640 5161 ct
659 5114 695 5161 lcs
712 5115 844 5160 sirivantcs
861 5112 899 5172 (n.
915 5113 1106 5171 iniustissimae
1124 5116 1225 5174 portent
1242 5125 1344 5160 auclino
1360 5111 1420 5159 «late
1440 5111 1504 5159 (lans
1524 5112 1547 5158 le
1564 5112 1671 5168 rapisti-o
1683 5112 1716 5158 du
