4409 6017
907 728 1064 801 Troisibme
1085 733 1188 801 annes.
1666 732 1727 800 307

409 884 525 965 747.
1396 917 1491 983 1319,
1509 900 1554 961 18
1561 896 1683 979 juillet.

408 1001 539 1080 Jacobo
567 1002 765 1083 Rousseleti,
791 1001 906 1088 nepoti
932 1000 1111 1087 Radulphi,
1127 1000 1278 1087 episcopi
1302 1000 1543 1082 Laudunensis,
1560 999 1728 1066 confertur

359 1106 585 1172 canonicatus
622 1106 763 1172 ecclesie
798 1103 1030 1171 Laudunensis
1066 1106 1127 1169 sub
1174 1104 1411 1191 expectatione
1449 1104 1628 1189 prebende,
1658 1124 1726 1169 non

359 1212 521 1276 obstante
544 1208 636 1294 quod
658 1209 691 1274 in
714 1208 898 1274 Venetensi
922 1208 1119 1289 cantoriam,
1142 1208 1378 1275 canonicatum
1408 1215 1444 1273 et
1466 1207 1671 1293 prebendam
1694 1216 1728 1271 et

360 1314 396 1379 in
422 1314 453 1380 S.
478 1312 653 1398 Gaugerici
679 1311 929 1379 Cameracensis
956 1311 1106 1378 ecclesiis
1143 1311 1381 1379 canonicatum
1405 1315 1465 1378 sub
1493 1311 1728 1398 expectatione

361 1415 535 1503 prebende
545 1416 688 1482 obtinet.

409 1517 614 1585 Litterarum
630 1518 811 1586 scientia...

408 1623 489 1689 Dat.
504 1622 605 1689 Avin.
625 1642 662 1708 15
679 1622 746 1689 kal.
762 1623 893 1708 augusti
908 1642 998 1688 auno
1015 1642 1045 1706 3.

406 1726 447 1793 In
463 1748 492 1792 e.
510 1748 554 1793 m.
570 1728 731 1813 episcopo
747 1725 917 1794 Briocensi
934 1735 969 1792 et
979 1724 1219 1792 archidiacono
1230 1727 1462 1795 Aurelianensi
1475 1750 1514 1796 ac
1525 1729 1729 1814 Raymundo

361 1831 479 1913 Coste,
495 1832 634 1898 sacriste
649 1831 828 1897 Vaurensis
843 1831 994 1898 ecclesie.

396 1969 460 2030 neg.
473 1967 531 2018 vat.
545 1970 583 2028 69,
596 1969 615 2018 f.
628 1971 696 2030 2762,
709 1983 734 2018 n.
747 1971 802 2018 875.

408 2164 523 2247 748.
1384 2202 1480 2265 1319,
1498 2202 1543 2263 31
1562 2182 1685 2264 juillet.

406 2283 496 2349 Sado
512 2283 679 2366 Salvaygo
688 2280 858 2348 confertur
868 2281 1086 2348 canonicatus
1098 2282 1238 2349 ecclesie
1251 2282 1728 2365 Rothnaeensis,Cameracen·

359 2387 408 2452 sis
424 2386 577 2467 diocesis,
599 2387 659 2450 sub
675 2384 913 2471 expectatione
935 2386 1116 2471 prebende,
1132 2386 1400 2453 consideratione
1426 2387 1563 2454 Meliadi
1587 2390 1728 2475 Salvagi,

360 2492 478 2575 legum
503 2488 650 2577 doctoris
674 2497 709 2554 et
734 2490 971 2556 ambaxiatoris
998 2490 1151 2557 comunis
1175 2489 1294 2573 Janue‚
1320 2512 1388 2557 non
1413 2495 1569 2558 obstante
1593 2493 1684 2578 quod
1698 2494 1729 2559 ei

361 2593 482 2659 similis
496 2594 603 2677 gratia
618 2592 705 2658 facta
728 2592 834 2659 firerat
849 2592 892 2658 de
908 2594 1109 2660 canonicatu
1131 2594 1271 2660 ecclesie
1293 2594 1470 2673 Januensis
1490 2599 1550 2662 sub
1571 2606 1729 2684 expecta·

362 2698 461 2764 tione
476 2695 655 2783 prebende,
672 2716 736 2780 que
752 2695 857 2781 gratia
873 2696 965 2763 irrita
979 2696 1178 2764 decernitur.

413 2800 593 2867 Probitatis
608 2807 707 2865 tue...

413 2904 492 2971 Dat.
507 2904 607 2970 Avin.
625 2924 642 2969 2
658 2903 725 2970 kal.
741 2904 870 2990 augusti
886 2925 976 2972 anno
993 2926 1022 2990 3.

411 3007 453 3073 In
468 3029 497 3073 e.
511 3028 556 3074 m.
572 3006 604 3073 S.
620 3008 760 3073 Auberti
776 3015 811 3073 et
821 3008 853 3074 S.
863 3008 1011 3095 Sepulcri
1028 3008 1320 3075 cameracensium
1335 2974 1729 3079 monasteriorum'abba-

359 3113 456 3179 tibus
471 3132 510 3177 ac
525 3111 685 3197 magistro
700 3110 942 3178 Bartholomeo
957 3112 1001 3178 de
1017 3112 1135 3198 Regio,
1155 3112 1319 3180 canonico
1333 3112 1353 3191 J
1356 3114 1505 3181 aunensi.

397 3250 460 3311 neg.
473 3251 519 3296 nv.
534 3251 571 3309 11,
584 3249 601 3297 t.
614 3252 681 3309 1011,
694 3265 720 3299 u.
738 3251 799 3297 1193
811 3266 817 3308 ;
831 3249 891 3299 vm.
903 3251 942 3309 00,
955 3250 972 3298 t.
985 3251 1040 3309 467,
1053 3264 1078 3298 n.
1092 3251 1162 3300 11111.

408 3442 525 3525 749.
1396 3477 1490 3546 1319,
1501 3479 1548 3541 31
1559 3458 1684 3542 juillet.

406 3564 428 3643 J
430 3564 566 3644 ohanni,
584 3565 652 3629 filio
681 3562 862 3631 Meliaduci
879 3565 1037 3650 Salvaygi
1058 3564 1100 3630 de
1118 3563 1138 3642 J
1141 3585 1238 3646 anua,
1254 3572 1442 3630 reservatur
1456 3564 1658 3630 beneficium
1675 3584 1729 3630 ec·

359 3669 597 3748 clesiasticum,
610 3668 714 3733 etiam
730 3668 756 3733 si
773 3668 918 3753 dignitas
933 3669 989 3733 vel
1004 3677 1202 3754 personatus
1219 3675 1276 3733 aut
1293 3667 1440 3733 officium
1456 3665 1588 3749 existat,
1604 3668 1647 3734 ad
1663 3669 1731 3735 col·

358 3772 524 3838 lationem
551 3770 699 3856 episcopi
726 3771 932 3853 Leodiensis,
948 3771 1220 3839 consideratione.
1244 3770 1395 3851 Roberti,
1417 3772 1502 3855 regis
1526 3772 1645 3853 Sicilie,
1662 3792 1730 3837 non

358 3880 521 3942 obstante
537 3873 627 3959 quod
643 3874 677 3938 in
694 3872 892 3941 Virdunensi
917 3876 1153 3941 canonicatum
1181 3884 1215 3941 et
1239 3875 1445 3962 prebendam
1466 3875 1550 3939 etin
1567 3874 1731 3941 Lichelel-

348 3978 457 4047 ,densi
474 3976 620 4042 ecclesiis
635 3977 872 4044 canonicatum
887 3981 946 4044 sub
963 3979 1200 4065 expectatione
1213 3977 1382 4065 prebende
1397 3977 1529 4045 obtinet
1538 4001 1547 4060 ;
1564 3999 1623 4044 seu
1641 3978 1731 4063 quod

360 4082 394 4146 in
413 4080 583 4147 ordinibus
598 4090 632 4146 et
649 4088 740 4146 etate
755 4084 811 4166 (23
828 4083 923 4165 ann.)
940 4081 1111 4148 defectum
1127 4083 1265 4169 patitur.

407 4185 503 4251 Sedis
519 4184 745 4271 apostolice...

408 4287 488 4354 Dat.
504 4287 604 4354 Avin.
622 4309 639 4353 2
656 4286 722 4354 kal.
740 4290 870 4375 augusti
887 4309 977 4356 anno
995 4309 1025 4375 3.

410 4389 450 4456 ln
485 4412 514 4455 e.
538 4410 582 4456 m.
605 4393 718 4457 abbati
753 4394 945 4460 monasterii
978 4394 1009 4460 S.
1040 4393 1160 4472 Jacobi
1195 4403 1230 4459 et
1262 4393 1393 4461 decano
1426 4395 1566 4461 ecclesie
1594 4396 1624 4461 S.
1652 4395 1732 4461 Bar-

361 4494 528 4563 tholomei
564 4493 802 4562 Leodiensium
830 4519 870 4564 ac
900 4498 1061 4584 magistro
1087 4497 1328 4564 Bartholomeo
1353 4499 1396 4565 de
1421 4499 1537 4584 Regi0,
1569 4501 1732 4566 canonico

366 4597 543 4678 Januensi.

397 4738 459 4798 ch.
473 4738 519 4784 nv.
535 4737 571 4793 12,
584 4736 601 4784 i.
615 4739 682 4798 293¹,
695 4753 720 4786 n.
734 4741 813 4797 11191,
829 4739 886 4787 l'at.
900 4741 938 4797 69,
952 4742 969 4788 f.
983 4742 1041 4798 473,
1055 4754 1080 4789 n.
1094 4742 1165 4789 llus.

411 4933 530 5019 750.
1455 4974 1548 5034 1319,
1566 4976 1583 5017 1
1601 4961 1688 5019 aurit.

411 5053 657 5123 Suessionensis
672 5062 706 5119 et
717 5052 997 5120 Cathalaunensis
1009 5075 1049 5119 ac
1061 5054 1266 5121 Morinensis
1281 5056 1431 5142 episcopi
1443 5057 1563 5120 dantur
1575 5066 1734 5140 tanquam

367 5166 625 5225 conservatores
640 5157 769 5222 decano
785 5167 819 5222 et
835 5159 982 5245 capitulo
998 5159 1139 5224 ecclesie
1155 5159 1387 5225 Tornacensis.
