4409 6017
874 1080 1213 1184 usuvmna
1240 1085 1463 1183 aunan.

609 1354 751 1452 1324,
779 1355 810 1437 5
841 1352 1191 1451 septembre-
1223 1347 1362 1448 1325,
1391 1349 1423 1430 4
1448 1352 1758 1450 septembre.

534 1702 672 1785 1395.
1468 1733 1563 1798 1324,
1580 1714 1818 1802 8septembre.

530 1820 661 1885 Thome
688 1819 730 1884 de
755 1818 904 1884 Wissant
932 1816 1101 1883 confertur
1137 1817 1353 1882 canonicatus
1376 1816 1515 1882 ecclesie
1543 1816 1776 1887 Nivemensis
1801 1825 1858 1888 sub

488 1923 724 2010 expectatione
746 1921 926 2008 prebende,
949 1941 1019 1986 non
1042 1923 1199 1986 obstante
1216 1921 1306 2005 quod
1322 1921 1356 1986 in
1380 1919 1542 1985 Fumensi
1566 1928 1600 1985 et
1616 1922 1649 1987 S.
1675 1923 1860 1992 Salvatoris

489 2026 531 2092 de
547 2028 671 2093 Sancto
687 2026 793 2091 Paulo
809 2024 968 2105 ecclesiis,
986 2023 1190 2091 Morinensis
1206 2024 1360 2106 diocesis,
1372 2024 1591 2091 canonicatus
1607 2034 1643 2091 et
1664 2030 1859 2112 prebendas

490 2130 634 2201 obtinet.

446 2270 449 2274 <
535 2233 729 2301 Laudabilia
750 2242 848 2299 tue...

533 2337 611 2402 Dat.
628 2337 727 2402 Avin.
746 2342 763 2401 6
780 2337 823 2402 id.
840 2338 1040 2422 septembris
1055 2357 1145 2401 anno
1162 2356 1190 2414 9.

533 2440 572 2505 ln
597 2462 626 2506 e.
643 2461 687 2506 m.
704 2440 735 2505 S.
752 2440 824 2524 Syri
850 2439 1029 2517 Januensis
1053 2449 1088 2504 et
1116 2440 1147 2504 S.
1165 2438 1303 2505 Martini
1329 2439 1549 2506 Nivemensis
1571 2444 1859 2511 monasteriorum

487 2544 665 2609 abbatibus
680 2564 720 2609 ac
736 2544 834 2629 priori
852 2543 895 2609 de
911 2542 1069 2622 Caritate,
1085 2542 1371 2609 Autisiodorensis
1386 2543 1537 2610 diocesis.

520 2684 581 2742 lieg.
593 2685 641 2728 Av.
662 2683 699 2740 19,
713 2681 731 2728 f.
745 2682 821 2736 46:3⁸3
836 2680 893 2728 Val.
906 2682 946 2739 78,
962 2681 979 2729 f.
993 2683 1031 2741 15,
1046 2696 1071 2729 n.
1083 2683 1122 2729 28.

531 2850 674 2934 1396.
1443 2888 1536 2952 1524,
1555 2890 1594 2934 ιι
1620 2874 1817 2955 septembre.

532 2967 698 3053 Magistro
722 2969 855 3054 Rogero
879 2969 1024 3035 Mellerii
1051 2970 1222 3036 confertur
1246 2971 1462 3037 canonicatus
1489 2972 1630 3038 ecclesie
1656 2972 1858 3061 Bajocensis

486 3075 546 3138 sub
563 3074 799 3158 expectatione
815 3074 996 3160 prebende,
1008 3094 1074 3139 non
1092 3076 1249 3139 obstante
1266 3073 1356 3158 quod
1372 3075 1406 3139 in
1423 3074 1676 3142 Constantiensi
1693 3081 1858 3149 archidia-

488 3187 648 3242 conatum
665 3187 699 3242 et
717 3177 748 3242 in
766 3179 885 3244 eadem
909 3189 943 3243 et
961 3176 992 3243 S.
1009 3177 1185 3260 Gangetici
1203 3178 1452 3243 Cameracensis
1469 3180 1618 3245 ecclesiis
1634 3185 1859 3252 canonicatus

487 3295 521 3349 et
538 3282 734 3371 prebendas,
758 3303 798 3348 ac
814 3282 982 3368 quoddam
998 3281 1200 3348 beneficium
1224 3282 1486 3348 ecclesiasticum
1503 3284 1573 3348 sine
1589 3305 1680 3367 cura,
1697 3309 1857 3374 persona·

487 3396 559 3453 tum
586 3387 627 3452 de
650 3386 778 3452 Breche
794 3387 974 3471 vulgariter
990 3394 1230 3472 nuncupatum,
1247 3386 1498 3452 Cameracensis
1520 3387 1675 3471 diocesis,
1701 3395 1856 3475 obtinet;

488 3491 797 3557 archidiaconatum
813 3501 926 3556 autem
944 3491 1171 3577 supradictum
1188 3489 1356 3554 dimittere
1373 3491 1550 3556 tenebitur.

530 3594 703 3661 Attributa
725 3594 828 3659 tibi...

532 3700 612 3765 Dat.
627 3698 727 3764 Avin.
746 3720 762 3783 3
780 3699 823 3764 id.
840 3699 1039 3785 septembris
1055 3719 1146 3763 anno
1164 3719 1192 3779 9.

532 3803 570 3867 In
588 3825 616 3867 e.
633 3824 678 3868 m.
696 3802 963 3868 Ravennatensis
988 3812 1022 3867 et
1049 3802 1265 3867 Abrincensis
1288 3802 1534 3870 archidiaconis
1556 3826 1596 3870 ac
1620 3808 1753 3872 cantori
1771 3807 1855 3874 Con-

487 3907 681 3972 stantiensis
697 3907 923 3972 ecclesiarum.

520 4043 580 4103 llcg.
594 4046 640 4091 alr.
657 4046 697 4100 22,
712 4044 729 4091 f.
748 4046 789 4089 llll
803 4060 807 4091 :
822 4044 883 4092 vat.
897 4045 935 4101 78,
950 4044 968 4091 f.
985 4046 1022 4095 tu,
1037 4059 1062 4091 n.
1076 4046 1131 4097 133.

535 4214 672 4297 1397.
1444 4249 1541 4312 1324,
1555 4250 1595 4292 11
1612 4235 1809 4318 septembre.

534 4332 780 4397 Executoribus
811 4333 991 4397 mandatur
1025 4341 1191 4415 quatenus
1216 4333 1422 4417 compellant
1452 4332 1636 4398 creditores
1665 4338 1800 4402 abbatis
1822 4344 1853 4401 et

489 4445 677 4501 conventus
700 4437 893 4501 monasterii
919 4436 961 4500 de
978 4435 1155 4513 Vaucellis,
1172 4435 1424 4501 Cameracensis
1440 4436 1592 4517 diocesis,
1607 4436 1652 4502 ad
1678 4439 1854 4506 restituen-

487 4539 566 4604 dum
584 4541 712 4605 litteras
728 4540 971 4622 obligationum
985 4538 1168 4604 eorundem
1181 4538 1311 4603 abbatis
1328 4548 1362 4603 et
1379 4548 1575 4604 conventus

535 4729 549 4765 a
571 4702 710 4767 Dilectis
736 4700 843 4766 siliis..
868 4701 898 4766 S.
924 4699 1098 4765 Genoi'ese
1126 4698 1317 4765 Parisiensis
1344 4710 1412 4765 et..
1442 4700 1472 4765 S.
1490 4700 1650 4764 Germani
1676 4701 1720 4767 de
1749 4701 1854 4767 Pratis

484 4806 580 4889 juxta
597 4806 739 4870 Parisius
762 4825 835 4869 ac..
854 4805 884 4869 S.
902 4803 1033 4869 Odoeni
1059 4803 1343 4887 Rothomagensis
1367 4804 1645 4869 monasteriorum
1667 4807 1853 4875 abbatibus.

488 4910 643 4976 salutern.
660 4909 865 4994 Significavit
889 4908 986 4974 nobis
1008 4907 1209 4974 venerabilis
1236 4908 1337 4972 irater
1364 4917 1478 4973 noster
1503 4908 1632 4990 Petrus,
1649 4908 1854 4993 Baj0censis,

488 5012 568 5076 olim
594 5012 846 5078 Cameracensis
871 5013 1061 5097 episcopus,
1090 5012 1180 5096 quod
1207 5011 1332 5077 dudum
1358 5032 1434 5076 cum
1451 5012 1686 5078 Cameracensi
1712 5015 1853 5081 ecclesie

489 5116 641 5201 regimini
660 5116 861 5204 presidebat,
878 5115 1016 5181 domum
1040 5116 1083 5182 de
1100 5114 1335 5182 Ribaudicuria
1359 5115 1393 5180 in
1414 5115 1646 5201 jurisdictione
1670 5118 1853 5204 temporali
