4409 6017
867 711 1014 777 Huitieme
1034 710 1137 779 eunde.

363 855 547 924 Personam
562 866 693 924 tuam...

363 960 443 1027 Dat.
459 962 559 1027 Avin.
576 962 684 1027 idibus
699 961 893 1028 novembris
907 983 997 1029 anno
1014 965 1043 1029 8.

362 1061 402 1128 In
421 1086 449 1129 e.
466 1087 511 1130 m.
523 1066 636 1131 abbati
652 1065 845 1131 monasterii
864 1066 895 1132 S.
912 1066 1088 1132 Genovefe
1112 1067 1307 1134 Parisiensis
1322 1089 1361 1134 ac
1377 1068 1507 1141 decano
1522 1079 1556 1135 et
1573 1071 1677 1135 archi-

312 1166 464 1235 diacono
484 1169 624 1235 ecclesie
641 1168 846 1237 Parisiensis.

351 1310 414 1371 neg.
428 1313 474 1358 xv.
489 1314 529 1369 20,
544 1311 561 1358 r.
579 1312 625 1357 113
638 1326 643 1358 ι
657 1309 715 1359 uae.
731 1311 770 1369 rs,
786 1310 804 1357 r.
819 1311 860 1370 so,
874 1324 899 1359 n.
915 1311 969 1359 eoa.

363 1476 507 1561 1245.
1284 1509 1379 1572 1323.
1396 1509 1437 1571 13
1453 1491 1635 1573 reovembre.

361 1593 397 1659 N
401 1595 509 1660 icolao
527 1594 570 1659 de
593 1593 711 1661 Litra“
728 1595 900 1661 confertur
922 1594 1139 1661 canonicatus
1161 1593 1303 1660 ecclesie
1326 1594 1358 1661 S.
1383 1593 1578 1674 Audomari,
1603 1592 1679 1657 Mo-

309 1698 460 1763 rineusis
478 1698 630 1778 diocesis,
646 1700 707 1764 sub
723 1698 961 1785 expectatione
984 1696 1165 1784 prebende,
1189 1717 1257 1763 non
1281 1700 1439 1783 obstante
1461 1696 1551 1781 quod
1567 1716 1679 1782 parro-

310 1800 464 1869 chialem
486 1801 664 1867 ecclesiam
688 1802 730 1868 de
756 1801 921 1868 Fontanis
943 1804 1060 1867 subtus
1083 1800 1215 1867 Catheu
1230 1799 1251 1883 ⁶,
1273 1799 1512 1867 Ambianensis
1527 1799 1679 1879 diocesis

310 1906 462 1971 obtinet.

361 2016 587 2102 Suffragantia
601 2017 704 2084 tibi...

360 2121 442 2185 Dat.
458 2120 558 2187 Avin.
576 2120 684 2186 idibus
699 2118 892 2186 novembris
907 2138 998 2184 anno
1014 2120 1044 2184 8.

318 2262 325 2276 ·
360 2224 403 2289 In
427 2244 455 2289 e.
478 2245 523 2289 m.
546 2223 659 2289 abbati
687 2222 880 2290 monasterii
906 2223 938 2287 S.
964 2222 1139 2288 Genovefe
1166 2230 1201 2286 et
1226 2222 1355 2287 decano
1379 2243 1419 2288 ac
1442 2221 1680 2288 archidiacono

309 2330 460 2396 ecclesie
477 2328 681 2395 parisiensis.

353 2472 418 2532 Beg.
433 2473 482 2519 Ar.
494 2474 534 2530 20,
548 2472 567 2519 1.
581 2473 625 2518 191
639 2486 645 2518 :
657 2470 717 2518 Vae.
731 2471 770 2527 76,
785 2469 803 2516 f.
815 2470 865 2527 tor,
879 2483 903 2517 n.
918 2469 974 2517 268.

365 2648 510 2731 1246.
1195 2688 1199 2695 ·
1280 2684 1375 2747 1323,
1395 2684 1434 2747 14
1451 2664 1634 2728 novembre.

360 2775 551 2859 Reginaldo
566 2774 609 2840 de
627 2774 757 2840 Flesses
772 2774 942 2840 confertur
957 2776 1176 2842 canonicatus
1194 2775 1336 2842 ecclesie
1359 2775 1595 2840 Ambianensis
1618 2777 1678 2841 sub

311 2880 556 2966 expectatione
572 2879 752 2964 prebende,
768 2899 836 2944 uon
854 2881 1011 2945 obstante
1027 2879 1119 2963 quod
1134 2879 1168 2944 in
1181 2880 1212 2946 S.
1228 2878 1247 2957 J
1251 2879 1393 2958 ohannis
1405 2877 1636 2944 Laudunensis
1645 2887 1680 2944 et

309 2982 524 3067 Senogicnsi,
542 2981 792 3047 Cameracensis
807 2982 960 3063 diocesis,
976 2985 1198 3051 canonicatus
1222 2994 1257 3052 et
1279 2985 1465 3072 prebendas
1481 2984 1623 3064 obtinet,
1640 3004 1681 3049 ac
1726 2985 1728 2990 ⁴

310 3090 347 3154 in
376 3087 582 3153 Tomacensi
610 3086 758 3152 ecclesiis
783 3089 844 3152 sub
869 3088 1108 3173 expectatione
1144 3089 1314 3174 prebende
1342 3090 1374 3154 in
1402 3087 1604 3155 canonicum
1628 3096 1679 3152 cst

313 3200 487 3278 receptus.

358 3296 565 3360 Litterarum
581 3291 764 3356 scientia...

358 3400 439 3464 Dat.
455 3397 556 3463 Avin.
567 3398 613 3460 '18
630 3394 697 3460 kal.
714 3392 902 3460 decembris
917 3413 1008 3459 anno
1026 3395 1055 3459 8.

358 3503 400 3567 In
417 3524 446 3567 e.
463 3524 507 3567 m.
523 3501 555 3566 S.
574 3497 713 3563 Martini
730 3497 773 3563 de
789 3496 951 3562 Gemellis
967 3497 1206 3563 Ambianensis
1220 3508 1255 3564 et
1272 3500 1304 3565 S.
1320 3500 1484 3566 Acheoli‘
1508 3510 1679 3566 monaste-

308 3608 440 3673 riorum
455 3604 632 3670 abbatibus
647 3623 686 3668 ac
711 3601 915 3687 Raymundo
931 3602 1101 3683 Suberani,
1119 3604 1296 3688 capellano
1311 3625 1408 3691 pape,
1424 3605 1555 3671 decano
1570 3607 1677 3671 eccle-

309 3710 361 3777 sie
376 3706 637 3792 Montisregalis,
648 3704 884 3770 Ambianensis
899 3714 935 3770 et
950 3703 1227 3772 carcassonensis
1243 3706 1425 3775 diocesum.

346 3844 410 3905 neg.
423 3844 471 3892 nv.
486 3843 525 3899 eo,
540 3841 557 3889 f.
575 3843 617 3887 ror
632 3840 710 3890 :Vae
726 3842 766 3898 ro,
780 3840 798 3890 f.
815 3838 959 3896 11111111.

360 4010 500 4091 1247.
1285 4042 1379 4104 1323,
1396 4042 1437 4104 15
1454 4024 1636 4088 novembre.

358 4138 522 4221 Magistro
539 4136 726 4203 Ventorino
742 4138 784 4203 de
801 4135 963 4221 Garganis
979 4143 1167 4201 reservatur
1182 4134 1386 4201 beneficium
1401 4136 1677 4216 ecclesiasticum,

310 4245 416 4309 etiam
433 4242 459 4305 si
477 4240 631 4324 dignitas,
648 4250 846 4327 personatus
861 4242 915 4304 vel
933 4238 1082 4305 officium
1097 4236 1208 4317 fuerit,
1224 4238 1266 4304 ad
1289 4239 1506 4304 collationem
1530 4239 1677 4326 episcopi

311 4344 511 4411 Leodiensis
528 4344 586 4428 (60
602 4345 658 4410 lib.
675 4344 789 4431 paris.)
807 4344 840 4408 in
857 4344 994 4410 civitate
1010 4346 1065 4408 vel
1080 4342 1207 4409 diocesi
1224 4341 1412 4422 Leodiensi,
1429 4363 1498 4408 non
1520 4345 1677 4409 obstante

309 4449 404 4537 quod
431 4449 464 4512 in
492 4447 705 4533 Pergamensi
733 4459 767 4513 et
795 4449 825 4512 S.
853 4447 960 4514 Marie
985 4445 1163 4524 Januensis
1186 4444 1405 4512 canonicatus
1431 4455 1466 4512 et
1490 4447 1677 4536 prebendas

309 4555 446 4621 obtinet
461 4560 496 4616 et
512 4552 545 4615 in
561 4551 722 4629 Januensi
739 4552 889 4618 ecclesiis
905 4555 964 4617 sub
982 4551 1221 4638 expectatione
1237 4550 1408 4635 prebende
1425 4550 1458 4615 in
1475 4552 1676 4616 canonicum

309 4668 363 4724 est
379 4663 547 4740 receptus.

356 4762 562 4826 Litterarum
580 4757 761 4822 scientia...

355 4865 436 4930 Dat.
452 4862 553 4926 Avin.
574 4880 611 4944 17
628 4861 694 4925 kal.
711 4859 897 4925 decembris
913 4878 1003 4922 anno
1019 4860 1048 4921 8.

343 5065 368 5100 u.
385 5045 496 5096 lambro
504 5043 810 5110 persommpeeatappele
825 5044 888 5106 plur
908 5041 959 5089 loire
981 5043 1103 5090 Nicolnus
1122 5042 1153 5090 de
1173 5045 1253 5092 Atrio
1273 5044 1331 5106 loy.
1353 5046 1460 5095 111296.
1482 5075 1513 5081 —
1532 5048 1553 5096 b.
1575 5049 1673 5097 Charon

310 5152 362 5199 rep.
385 5133 440 5178 t'm.
461 5158 493 5164 -
510 5145 530 5177 c.
548 5132 590 5177 SS.
607 5129 671 5175 Acbi
684 5137 711 5175 ct
723 5126 829 5174 Achcoli
843 5141 892 5186 rep.
