4409 6017
308 395 324 808 Ι
919 729 1066 795 Prenibre
1087 732 1190 798 annea.
1701 748 1735 813 21

308 829 324 970 d
369 869 587 955 Turonensis,
594 874 725 941 notario
740 897 836 963 pape,
843 885 877 942 et
894 877 925 943 S.
941 877 1031 943 Petri
1046 880 1089 945 de
1106 879 1247 964 Falesta,
1263 886 1439 970 Aquinatis
1454 889 1605 973 diocesis,
1614 915 1735 982 prepo-

369 974 448 1056 sitis,
463 997 505 1043 ac
521 976 669 1044 Nicolao
684 978 727 1044 de
743 977 905 1062 Ceccan0,
921 982 1086 1049 canonico
1102 983 1315 1064 Belvacensis
1330 991 1557 1061 ecclesiarum.

400 1112 461 1174 Reg.
473 1115 523 1162 Ar.
536 1117 560 1173 5,
571 1116 591 1164 f.
603 1117 664 1173 33';
677 1115 736 1164 Vnt.
749 1119 787 1176 33,
800 1117 818 1165 f.
830 1119 881 1176 28',
893 1134 918 1167 n.
931 1121 1003 1167 2093.

414 1274 498 1358 69.
1357 1306 1451 1388 1316,
1470 1325 1488 1389 7
1504 1312 1692 1395 septembre.

411 1393 563 1462 Gerardo
589 1396 632 1462 de
660 1395 771 1483 Haya,
787 1398 908 1464 clerico
930 1398 1151 1467 Tornacensis
1174 1403 1325 1486 diocesis,
1342 1417 1529 1474 reservatur
1556 1432 1659 1477 unum
1682 1416 1735 1480 vel

325 1529 329 1538 ·
373 1498 474 1583 pluria
487 1499 652 1565 beneficia
667 1500 701 1564 in
717 1499 853 1567 Nolana
868 1510 902 1568 et
917 1501 1113 1570 Adversana
1127 1505 1314 1575 diocesibus
1333 1509 1388 1596 (25
1406 1532 1482 1579 unc.
1499 1515 1595 1600 auri).

309 1673 320 1680 ,
411 1600 533 1689 Nuper
548 1602 767 1688 exigentibus.
777 1656 803 1672 ..

309 1761 318 1798 .·
410 1706 490 1773 Dat.
507 1705 662 1792 Lugduni
680 1727 699 1795 7
715 1708 758 1775 id.
774 1710 973 1796 septembris
989 1732 1080 1778 anno
1100 1733 1127 1779 1.

408 1808 449 1875 In
466 1831 496 1876 e.
513 1832 559 1876 m.
575 1811 734 1898 episcopo
751 1811 949 1880 Massiliensi
966 1822 1000 1879 et
1016 1816 1251 1883 archidiacono
1267 1818 1428 1906 Capuano
1452 1831 1487 1888 et
1511 1822 1654 1892 Matheo
1673 1827 1732 1891 Sil-

309 1964 316 1970 .
371 1914 495 1995 marini,
512 1915 678 1982 canonico
694 1915 931 2003 Neapolitano

321 2013 330 2100 f
397 2051 461 2114 aeg.
473 2055 523 2101 av.
535 2054 558 2111 a,
571 2054 590 2101 f.
605 2054 668 2112 111;
681 2053 740 2102 vn.
752 2057 791 2112 aa,
805 2055 822 2103 1.
835 2057 890 2114 tol,
903 2070 928 2102 n.
941 2056 1012 2103 raas.

406 2216 491 2297 70.
1350 2238 1446 2320 1516,
1464 2256 1482 2320 7
1497 2243 1685 2327 septembre.

406 2333 596 2420 Hugonino
619 2332 778 2420 Lyatardi
801 2335 844 2402 de
870 2335 1043 2421 Lugdun0,
1060 2336 1229 2402 confertur
1251 2339 1467 2406 canonicatus
1490 2343 1630 2409 ecclesie
1647 2341 1727 2409 Fur·

361 2438 486 2519 nensis,
504 2436 707 2504 Mutinensis
722 2438 872 2520 diocesis,
889 2442 949 2505 sub
966 2440 1200 2525 expectatione
1216 2444 1396 2527 prebende.

404 2540 527 2627 Nuper
541 2549 689 2628 propter.
698 2594 721 2608 ..

404 2646 485 2711 Dat.
503 2644 656 2731 Lugduni
675 2663 694 2731 7
710 2645 753 2712 id.
769 2646 967 2733 septembris
982 2667 1071 2712 anno
1092 2667 1118 2713 1.

404 2748 447 2815 ln
470 2771 501 2814 e.
517 2770 561 2815 m.
577 2749 826 2837 archiepiscopo
849 2749 1063 2834 Lugdunensi
1086 2761 1122 2816 et
1145 2750 1334 2819 Guichardo
1357 2754 1400 2819 de
1424 2752 1566 2841 Farnay,
1591 2755 1723 2841 Lugdu·

359 2853 485 2937 nensis,
502 2876 541 2922 ac
555 2854 575 2933 J
577 2856 704 2921 ohanni
719 2856 806 2938 Albi,
825 2855 1083 2922 Matisconensis
1098 2858 1312 2924 ecclesiamm
1327 2861 1505 2928 canonicis.

392 2993 456 3055 Beg.
467 2994 517 3042 Aa.
528 2995 551 3052 3,
564 2994 581 3042 f.
595 2996 658 3050 1503
671 2993 730 3043 Vat.
742 2996 781 3054 65,
792 2994 811 3043 f.
823 2996 891 3054 3191,
903 3009 929 3042 n.
940 2996 1012 3043 3002.

400 3160 476 3240 71.
1344 3179 1438 3261 1316,
1456 3181 1477 3243 8
1491 3183 1678 3267 septembre.

399 3276 558 3363 Philippo
584 3277 627 3342 de
654 3276 883 3360 Herquiriaco,
911 3286 992 3341 nato
1019 3276 1139 3342 nobilis
1165 3277 1225 3342 viri
1253 3278 1395 3365 Herpini
1422 3282 1464 3347 de
1490 3282 1720 3369 HerquiriaCO,

353 3379 527 3445 confertur
548 3380 763 3446 canonicatus
784 3380 924 3446 ecclesie
945 3379 1203 3462 Cameracensis,
1220 3385 1280 3447 sub
1300 3385 1534 3469 expectatione
1549 3389 1718 3472 prebende

352 3485 469 3564 libere,
486 3484 613 3568 integre
629 3494 663 3548 et
679 3505 747 3550 non
764 3485 986 3565 sacerdotalis,
1003 3505 1043 3551 ac
1058 3484 1228 3570 dignitatis
1244 3507 1301 3551 seu
1321 3498 1516 3573 personatus
1538 3493 1591 3556 vel
1607 3493 1718 3574 officii,

353 3591 500 3653 obtentu
516 3587 671 3674 Philippi,
687 3587 841 3674 Philippi,
857 3589 943 3672 regis
960 3588 1110 3670 Francie,
1127 3589 1194 3653 filii.

396 3692 494 3757 Sedis
509 3693 736 3778 apostolice...

397 3797 478 3862 Dat.
495 3795 649 3880 Lugduni
668 3800 685 3859 6
703 3795 745 3861 id.
762 3797 959 3881 septembris
975 3818 1065 3862 anno
1085 3818 1111 3863 1.

395 3898 437 3964 In
461 3922 491 3965 e.
514 3921 559 3964 m.
584 3899 741 3986 episcopo
765 3898 931 3965 Meldensi
955 3910 989 3965 et
1010 3902 1239 3969 Aurelianensi
1262 3924 1300 3969 ac
1321 3904 1537 3971 Ainbianensi
1556 3908 1716 3974 archidia-

353 4025 457 4070 coms.

383 4134 445 4195 Reg.
458 4134 506 4181 As.
521 4135 575 4186 115,
587 4132 606 4180 f.
621 4134 666 4180 168
679 4148 685 4191 ;
697 4132 756 4180 Vat.
770 4134 808 4190 63,
820 4134 839 4181 f.
853 4135 906 4192 123,
919 4149 944 4181 11.
956 4135 1011 4182 383.

395 4299 474 4382 72.
1337 4316 1431 4398 1316,
1449 4318 1470 4380 8
1484 4320 1671 4401 septembre.

394 4417 498 4482 Petro
515 4414 650 4494 Bruerii,
661 4417 835 4500 capellano
849 4416 997 4495 Roberti,
1009 4416 1220 4502 primogeniti
1234 4419 1403 4502 quondam
1416 4419 1570 4500 Othonis,
1583 4421 1715 4486 comitis

353 4519 544 4606 Burgundie
574 4518 730 4604 palatine,
766 4519 934 4585 confertur
971 4520 1187 4586 canonicatus
1217 4522 1355 4588 ecclesie
1386 4522 1622 4604 Nannetensis,
1653 4527 1713 4589 sub

353 4622 588 4710 expectatione
599 4623 768 4708 prebende
780 4645 819 4689 ac
831 4623 1000 4708 dignitatis
1013 4644 1071 4689 seu
1082 4634 1278 4710 personatus
1291 4626 1343 4689 vel
1356 4626 1543 4706 officii,n0n
1557 4629 1713 4693 obstante

354 4728 442 4811 quod
465 4728 499 4791 in
523 4726 662 4791 ecclesia
685 4727 716 4792 S.
732 4727 867 4792 Andree
891 4726 1105 4793 Carnotensis
1128 4730 1361 4795 canonicatum
1383 4738 1417 4794 et
1438 4732 1651 4815 prebendam,
1676 4753 1714 4797 ac

355 4830 594 4915 parrochialem
610 4830 783 4896 ecclesiam
800 4831 843 4895 de
860 4830 1023 4896 Marcona
1038 4853 1170 4898 necnon
1188 4842 1220 4897 et
1237 4833 1455 4918 capellaniam
1477 4836 1573 4900 castri
1592 4834 1714 4901 Hisdu-

356 4934 473 5014 nensis,
489 4932 561 4999 sine
577 4954 664 5014 cura,
678 4932 880 5000 Morinensis
895 4935 1044 5018 diocesis
1058 4937 1198 5017 obtinet,
1212 4958 1276 5021 que
1293 4937 1404 5001 omnia
1420 4939 1587 5004 tenebitur
1602 4938 1712 5005 dimit-

357 5047 433 5103 tere.

396 5141 591 5208 Laudabilia
604 5142 820 5229 probitatis...
