4409 6017
516 707 577 774 224
1052 701 1210 773 uruntur
1230 682 1334 776 annae.

558 858 670 942 573.
1547 866 1643 947 1318,
1667 881 1713 947 27
1738 863 1838 928 aarr'l.

559 976 705 1042 Nicolao
717 976 759 1041 de
769 971 1167 1057 Gavereles,capellanoJ
1171 974 1314 1055 ohanne,
1325 972 1494 1039 comitisse
1500 968 1697 1049 Hannonie,
1709 967 1878 1034 confertur

515 1082 732 1146 canonicatus
747 1080 888 1145 ecclesie
903 1078 934 1141 S.
950 1075 1114 1154 Johannis
1130 1076 1158 1141 T
1160 1078 1361 1162 rajectensis,
1372 1081 1433 1143 sub
1444 1074 1683 1162 expectatione
1695 1072 1875 1158 prebende,

515 1203 581 1247 non
598 1186 754 1247 obstante
770 1182 859 1267 quod
876 1180 1119 1267 parrochialem
1136 1182 1312 1247 ecclesiam
1337 1182 1378 1247 de
1394 1177 1564 1265 Quercetd
1592 1186 1626 1243 et
1653 1178 1875 1261 capellaniam

515 1286 611 1351 castri
628 1287 776 1369 ejusdem
792 1286 856 1351 loci
872 1285 914 1350 de
930 1285 1109 1368 Querceto,
1126 1284 1375 1351 Cameracensis
1390 1284 1542 1364 diocesiS,
1557 1282 1702 1348 obtinet.

558 1390 777 1473 Suffragantia
792 1391 891 1454 tibi...

560 1495 637 1558 Dat.
653 1494 752 1557 xvin.
771 1514 787 1575 5
804 1492 870 1557 kal.
887 1492 963 1557 maii
979 1513 1068 1556 auno
1086 1513 1114 1557 2.

560 1597 599 1661 ln
625 1619 653 1661 e.
675 1618 719 1661 m.
736 1597 875 1662 Auberti
892 1596 1142 1662 Cameracensis
1165 1606 1199 1661 et
1215 1598 1246 1663 S.
1262 1595 1281 1674 J
1285 1596 1426 1662 ohannis
1446 1596 1479 1660 in
1497 1593 1698 1659 Valencenis
1723 1613 1765 1658 ac
1781 1591 1873 1655 l'ico-

514 1701 646 1780 niensis,
655 1700 905 1766 Cameracensis
916 1709 950 1766 et
962 1702 1193 1766 Atrebatensis
1203 1700 1383 1781 diocesum,
1395 1698 1675 1764 monasteriorum
1689 1696 1871 1762 abbatibus.

551 1861 609 1919 ch.
621 1864 668 1908 Ar.
681 1864 704 1911 9.
715 1864 733 1909 f.
746 1864 820 1911 348':
834 1862 892 1910 Vat.
904 1864 943 1913 68.
957 1864 973 1910 l.
988 1864 1041 1912 147.
1054 1877 1078 1910 11.
1093 1864 1163 1910 1457.

556 2046 670 2128 574.
1546 2063 1642 2144 1318,
1665 2080 1710 2144 27
1734 2061 1831 2125 avril.

557 2163 737 2229 Wilhelmo
767 2164 964 2230 Theoderici
989 2166 1030 2231 de
1063 2166 1253 2247 Harlaeam,
1285 2166 1454 2232 confertur
1483 2166 1702 2231 canonicatus
1736 2165 1870 2230 ecclesie

513 2265 543 2330 S.
561 2266 649 2332 Petri
665 2266 897 2352 'l'r'ajectensis
909 2272 968 2334 sub
981 2272 1217 2356 expectatione
1229 2270 1410 2358 prebende,
1423 2269 1696 2335 consideratione
1707 2267 1869 2346 Johanne.

513 2372 680 2437 comitisse
698 2371 891 2439 Hannonie.
1797 2370 1799 2374 ¹

555 2474 627 2539 Tue
643 2477 802 2540 merita...

557 2578 634 2642 Dat.
650 2579 749 2644 Avin.
768 2600 783 2663 5
809 2580 874 2646 hal.
890 2583 966 2646 maii
983 2595 1074 2646 anno
1090 2604 1118 2647 2.

556 2680 595 2745 ln
613 2703 703 2746 em.
722 2691 758 2747 ret
772 2691 885 2771 sarpta,
904 2709 934 2750 n.
950 2704 1025 2769 573.

548 2836 606 2895 llcg.
619 2839 666 2882 Ar.
678 2840 701 2894 tl,
714 2838 731 2884 f.
745 2841 791 2884 3111
803 2856 808 2895 ;
822 2839 879 2889 l'at..
892 2844 929 2894 lta.
944 2842 961 2888 i.
978 2844 1041 2900 llil,
1055 2857 1079 2890 11,
1091 2844 1161 2889 1459.

554 3030 667 3113 575·
1546 3044 1640 3125 1718,
1664 3060 1708 3125 27
1731 3044 1831 3108 avril.

556 3146 736 3212 Willrelmo
764 3148 912 3214 Foillet‘²
943 3150 1112 3214 coulertur
1136 3150 1352 3215 canonicatus
1376 3149 1516 3213 ecclesie
1543 3146 1581 3211 B.
1607 3144 1718 3210 Marie
1741 3148 1871 3211 Antho-

512 3250 644 3333 niensis,
653 3250 902 3318 Cameracensis
917 3253 1069 3334 diocesis,
1080 3257 1141 3318 sub
1154 3254 1389 3339 expectatione
1406 3252 1584 3338 prebende,
1601 3250 1871 3317 consideratione

511 3351 530 3430 J
533 3355 678 3436 ohanne,
696 3357 864 3421 comitisse
882 3356 1073 3438 Hannonie,
1091 3379 1158 3421 non
1176 3360 1331 3421 obstante
1348 3356 1438 3441 quod
1454 3358 1674 3440 capellaniam
1700 3358 1734 3421 iu
1762 3366 1871 3422 castro

511 3457 552 3522 de
567 3460 664 3539 ntht,
680 3461 770 3525 dicte
786 3459 1036 3527 Cameracensis
1051 3461 1202 3538 diocesis,
1219 3461 1360 3525 obtinet.

552 3564 748 3647 Apostolice
763 3564 1031 3630 munificentie...

553 3666 632 3731 Dat.
647 3668 746 3732 Avin.
765 3691 781 3752 5
799 3670 864 3734 kal.
881 3671 958 3734 maii
975 3692 1065 3736 anno
1083 3693 1111 3735 2.

555 3769 593 3834 In
611 3793 640 3835 e.
656 3794 700 3836 m.
718 3783 753 3837 al
768 3782 880 3861 snpra,
899 3799 928 3838 11.
944 3796 1019 3859 573.

543 3932 603 3992 Reg.
618 3934 663 3979 Aa.
676 3937 697 3983 ll.
712 3934 728 3980 l.
742 3936 803 3983 428:
817 3935 872 3982 Vat.
886 3940 923 3987 68,
938 3938 955 3983 f.
970 3940 1035 3987 lliv.
1046 3954 1070 3985 n.
1086 3941 1155 3986 llssll.

552 4121 666 4203 576.
1546 4143 1640 4222 1318,
1664 4159 1707 4223 27
1730 4142 1830 4204 aarr'l.

553 4240 704 4304 Arnoldo
728 4240 770 4304 de
795 4241 825 4304 S.
854 4240 987 4306 Gilleno
1010 4244 1178 4308 confertur
1201 4246 1417 4310 canonicatus
1444 4244 1583 4311 ecclesie
1608 4245 1639 4308 S.
1668 4244 1810 4310 Servatii
1840 4246 1873 4309 in

511 4342 539 4406 T
541 4344 665 4427 rajecto
689 4344 859 4429 superiori,
878 4346 1072 4412 Leodicnsis
1087 4350 1238 4428 diocesis
1255 4353 1315 4414 sub
1339 4350 1577 4435 expectatione
1592 4349 1777 4433 prebende,
1795 4371 1873 4415 con-

510 4447 711 4512 sideratione
723 4447 889 4528 Johanne,
906 4451 1075 4515 comitisse
1092 4451 1285 4533 Hannonie,
1302 4475 1368 4517 nou
1397 4456 1552 4518 obstante
1575 4452 1667 4536 quod
1682 4453 1715 4516 in
1733 4454 1765 4518 S.
1783 4452 1875 4518 Mar-

510 4549 572 4615 tini
600 4550 822 4635 Trajectensis
853 4561 886 4616 et
917 4554 947 4617 S.
979 4552 1151 4638 Gangerici
1183 4556 1225 4621 ad
1256 4559 1377 4621 Aulam
1414 4559 1446 4621 in
1484 4557 1684 4625 Valencenis
1722 4562 1874 4626 ecclesiis

511 4655 727 4720 canonicatus
743 4668 776 4721 et
793 4658 977 4740 prebendas
992 4679 1031 4722 ac
1047 4660 1286 4743 parrochialem
1304 4663 1478 4726 ecclesiam
1495 4663 1537 4728 de
1553 4663 1737 4743 Roucourt,
1753 4667 1872 4730 Came-

511 4758 655 4822 racensis
670 4759 819 4834 diocesis,
836 4760 978 4825 obtinet.

555 4863 751 4945 Apostolice
766 4864 1037 4929 munificentie...

544 5126 568 5158 11.
583 5110 688 5160 Foilliet
699 5129 751 5176 rep.
774 5115 825 5160 l'al.
