4409 6017
517 719 580 786 478
1058 712 1205 779 lluitibme
1226 710 1328 777 annia.

563 867 603 932 ln
618 889 648 932 e.
663 887 708 931 m.
724 865 756 932 S.
772 864 945 931 Genovefe
962 863 1155 929 Parisiensis
1170 872 1205 928 et
1215 861 1246 927 S.
1264 860 1401 927 Martini
1411 861 1455 928 ad
1466 859 1487 939 J
1489 862 1639 929 umellos
1649 857 1866 928 Ambianem'r

518 970 797 1038 monasteriorum
811 969 987 1035 abbatibus
1001 988 1042 1033 ac
1058 967 1250 1034 subdecano
1264 965 1407 1032 ecclesie
1424 963 1660 1032 Carnotensis.
1906 979 1907 984 ’

551 1110 612 1171 aeg.
626 1112 674 1160 Ar.
688 1110 726 1168 20,
739 1109 757 1159 f.
772 1109 815 1155 all
832 1107 909 1165 3Vat.
925 1108 963 1166 76,
976 1106 995 1154 i.
1008 1107 1074 1164 193',
1087 1119 1113 1152 u.
1125 1106 1180 1153 57⁴.

563 1298 704 1382 1289.
1538 1327 1640 1393 1324,
1664 1310 1694 1373 8
1704 1308 1840 1396 fcurr'ea

559 1418 699 1483 Alberto
725 1416 768 1482 de
793 1414 997 1481 Mancasolis
1027 1414 1197 1480 confertur
1227 1413 1444 1479 canonicatus
1474 1411 1621 1479 ecclesie
1654 1411 1690 1477 S.
1725 1407 1866 1491 Johannis

516 1520 711 1587 Leodiensis
725 1523 786 1585 sub
802 1519 1037 1604 expectatione
1063 1518 1243 1603 prebende,
1262 1538 1330 1584 non
1347 1521 1504 1584 obstante
1520 1516 1614 1602 quod
1632 1516 1668 1581 in
1688 1514 1867 1583 Placentina

515 1626 760 1713 preposituram
776 1632 810 1689 et
826 1622 857 1688 S.
873 1623 1037 1689 Antonini
1055 1622 1244 1689 Placentini
1263 1643 1302 1688 ac
1327 1622 1358 1686 S.
1380 1620 1544 1699 Johannis
1571 1619 1616 1686 de
1646 1620 1780 1687 Viculo
1799 1616 1868 1685 uu·

513 1731 682 1810 chionum,
699 1727 896 1795 Placentine
907 1727 1059 1808 diocesis,
1075 1727 1226 1793 ecclesiis
1242 1726 1460 1791 canonicatus
1475 1732 1510 1789 et
1526 1723 1730 1809 prebendas
1746 1722 1868 1790 obtinet

555 1834 618 1900 Tui
635 1833 832 1900 nobilitas...

555 1938 636 2003 Dat.
651 1937 751 2002 Avin.
769 1942 787 2000 6
803 1935 847 2002 id.
864 1935 1016 2002 februarii
1032 1955 1123 2001 anno
1140 1937 1169 2000 8.

554 2041 593 2107 In
610 2063 639 2107 e.
654 2062 699 2106 m.
716 2040 877 2126 episcopo
893 2039 1092 2104 Placentino
1107 2046 1143 2103 et
1158 2038 1270 2103 abbati
1295 2036 1486 2103 monasterii
1507 2036 1539 2101 S.
1556 2037 1718 2124 Sepulcri
1747 2038 1868 2104 Placen·

509 2146 570 2212 tini
587 2166 626 2212 ac
641 2144 813 2231 preposito
828 2144 969 2210 ecclesie
986 2143 1186 2209 Parmensis

541 2284 602 2345 neg.
617 2286 664 2331 nv.
676 2285 715 2334 21.
726 2283 744 2329 r.
760 2253 807 2328 aar»
820 2297 826 2337 ;
841 2281 898 2329 vm.
911 2283 949 2339 rr,
962 2282 980 2331 r.
995 2283 1049 2332 sm.
1063 2296 1088 2329 n.
1107 2283 1176 2333 rara.

552 2471 695 2555 1290.
1506 2503 1603 2568 1324,
1629 2504 1676 2567 13
1691 2486 1839 2573 saturier.

548 2591 672 2656 Abbati
690 2590 882 2656 monasterii
900 2590 931 2656 S.
949 2589 1121 2655 Laurentii
1137 2594 1231 2655 extra
1247 2609 1359 2655 muros
1375 2587 1583 2654 Leodienses
1598 2589 1795 2656 mandatur
1806 2608 1871 2675 qua·

506 2704 604 2759 tenus
627 2695 787 2760 decernat
811 2694 905 2758 litem
921 2701 1029 2758 ortam
1053 2693 1140 2758 inter
1162 2693 1365 2758 abbatissam
1387 2700 1421 2757 et
1445 2700 1656 2758 conventum
1681 2690 1870 2761 monasterii

505 2797 608 2862 Vallis
624 2797 736 2863 Sancti
754 2796 899 2882 Georgii,
918 2797 1000 2862 alias
1015 2796 1058 2863 de
1074 2798 1250 2877 Salesines,
1267 2796 1499 2863 Cisterciensis
1514 2795 1657 2878 ordinis,
1675 2796 1871 2865 Leodiensis

503 2900 656 2980 diocesis,
672 2909 708 2965 et
725 2898 901 2981 Mathiam,
919 2900 1022 2965 filium
1039 2901 1211 2986 quondam
1226 2899 1358 2965 Thorne
1374 2899 1416 2965 de
1442 2899 1587 2979 Heldris,
1605 2902 1782 2969 clericum
1797 2903 1870 2988 ejus

502 3006 580 3071 dem
592 3005 744 3086 diocesis,
760 3026 859 3091 super
874 3006 1066 3091 provisione
1075 3006 1168 3071 dicto
1185 3003 1316 3070 Matbie
1327 3004 1415 3071 facta
1431 3025 1490 3090 per
1505 3004 1692 3071 officialem
1706 3008 1870 3075 Leodien-

502 3130 584 3190 scm,
601 3109 674 3175 vice
690 3109 837 3195 episcopi
858 3107 1063 3188 Leodiensis,
1079 3108 1123 3173 de
1142 3109 1288 3194 quodam
1304 3108 1399 3173 altari
1417 3109 1448 3173 S.
1465 3106 1485 3186 J
1487 3108 1632 3173 ohannis
1651 3108 1869 3198 Evangeliste

500 3214 567 3279 sito
582 3214 615 3277 in
634 3214 756 3279 eodem
771 3214 986 3294 monasterie,
1004 3222 1166 3279 consueto
1192 3216 1233 3278 ab
1250 3214 1330 3279 olim
1347 3233 1406 3298 per
1429 3213 1614 3278 monachos
1638 3214 1728 3280 dicti
1753 3216 1868 3282 ordinis

499 3318 687 3401 gubernari,
704 3317 794 3402 quod
810 3318 919 3383 dictus
931 3318 1069 3383 clericus
1087 3317 1296 3383 mendaciter
1305 3337 1425 3382 vacare
1443 3317 1586 3394 dicebat,
1596 3317 1640 3381 ad
1650 3319 1867 3386 collationem

500 3421 646 3507 ipsarum
662 3421 829 3485 abbatisse
845 3430 880 3485 et
896 3430 1084 3486 conventus
1099 3420 1283 3507 pertinens.
1791 3426 1794 3435 '

544 3526 644 3590 Suam
660 3524 758 3589 nobis

543 3628 620 3693 Dat.
639 3628 736 3692 Avin.
754 3628 862 3693 idibus
875 3628 1026 3693 februarii
1045 3650 1137 3693 anuo
1155 3631 1184 3692 8.

530 3765 646 3825 Originnl
659 3780 710 3812 aux
724 3752 984 3813 Arclrivcsdcl'l'ltnt
1006 3767 1141 3824 ianmur,
1160 3766 1267 3813 t'lrartcs
1289 3765 1321 3812 dc
1334 3766 1473 3812 Salriuncs.
1487 3793 1517 3798 —
1539 3766 1647 3813 Charlcs
1667 3767 1863 3819 Vanrlenhgute,

499 3846 806 3909 Irrrcnlrrirrururlptiqac
824 3846 978 3895 reschaim<
994 3847 1458 3909 del'nblmporlr·Slrlzimrarjnrqa'en
1485 3849 1547 3893 1370
1558 3847 1625 3894 «laus
1648 3849 1779 3900 Brrlletin
1802 3852 1861 3900 datr

501 3929 660 3977 (lutmiorum
672 3929 897 3991 rupalad'lrixlnire
908 3929 939 3976 (lc
953 3931 1087 3992 Balpiqrru,
1098 3936 1116 3977 t.
1134 3932 1163 3976 75
1176 3930 1271 3987 (1906),
1284 3945 1307 3991 p.
1324 3932 1361 3978 82.
1376 3945 1400 3977 n.
1417 3932 1468 3977 llll.

546 4104 679 4188 1291.
1519 4128 1610 4191 1324.
1626 4129 1669 4191 13
1676 4113 1823 4197 [darier.

542 4222 725 4303 LudovicO,
748 4222 863 4287 comiti
887 4221 1052 4303 Flandrie,
1078 4224 1232 4289 scribitur
1260 4234 1425 4308 quatenus
1451 4224 1631 4309 Raynaldo
1654 4227 1802 4297 Zenardi
1823 4232 1859 4297 de

496 4324 622 4402 Laude,
639 4336 721 4392 tunc
751 4326 902 4390 familiari
926 4348 1023 4412 pape,
1049 4328 1129 4392 olim
1146 4328 1189 4393 ad
1215 4328 1403 4393 Romanam
1421 4328 1545 4392 curiam
1565 4351 1584 4393 a
1611 4329 1780 4415 Roberto,
1801 4355 1859 4401 aro

496 4429 575 4496 dicti
592 4430 735 4510 comitis,
752 4430 956 4509 transmisso
984 4431 1131 4496 redditus
1148 4432 1210 4517 ipsi
1231 4452 1290 4518 per
1305 4433 1433 4496 dictum
1459 4432 1644 4498 Robertum
1662 4432 1856 4523 assignatos.

497 4532 596 4598 faciat
613 4533 772 4600 exbiberi.

540 4683 690 4749 «Nobili
720 4686 790 4749 riro
816 4685 998 4766 LudovicO,
1021 4687 1136 4751 comiti
1167 4685 1331 4752 Flandrie,
1359 4684 1577 4752 Meminimus
1600 4690 1693 4772 quod
1717 4692 1853 4761 dilectus

498 4789 617 4876 [iilius]
637 4792 758 4856 nobilis
784 4793 833 4855 vir
851 4792 1044 4875 Rayualdus
1063 4793 1202 4856 Zeuardi
1220 4793 1261 4856 de
1281 4792 1407 4867 Laud0,
1426 4814 1515 4857 nuuc
1540 4794 1713 4863 l'amiliaris
1730 4810 1850 4881 noster,
1906 4789 1907 4839 ἶ

495 4894 575 4959 olim
590 4894 633 4959 ad
651 4894 839 4960 Romanam
855 4896 979 4961 curiam
995 4898 1114 4960 abone
1130 4896 1291 4959 memorie
1309 4896 1468 4976 Robert0,
1499 4918 1563 4961 avo
1591 4907 1660 4978 tuo,
1682 4907 1849 4973 transmis-

494 5019 558 5078 suS,
574 4998 750 5081 diligenter
774 4999 834 5063 fuit
850 5007 952 5080 atque
967 4999 1096 5062 solicite
1112 4999 1289 5063 commissa
1305 4999 1366 5062 sibi
1390 5001 1525 5080 negotia
1549 5016 1760 5086 prosecutus.
1781 5010 1850 5077 Hec

495 5123 575 5168 saue
591 5104 719 5188 aliaque
735 5125 794 5170 sua
809 5104 948 5169 servicia
963 5103 1024 5189 ipsi
1041 5125 1105 5169 avo
1122 5114 1180 5169 tuo
1197 5106 1345 5189 prestita,
1372 5106 1451 5170 dum
1479 5107 1626 5190 vivebat,
1642 5109 1668 5175 si
1687 5122 1848 5199 tanquam
