4409 6017
498 708 554 773 134
1038 706 1185 773 Premiere
1206 708 1307 773 annia

540 856 656 942 385.
1544 889 1639 956 1317,
1664 889 1706 954 27
1727 870 1813 954 juin.

543 983 714 1070 Magistris
739 983 839 1049 Petro
866 983 1025 1062 Durandi,
1044 983 1221 1068 capellano
1244 1002 1340 1068 pape,
1367 982 1532 1049 canonico
1558 982 1799 1062 Ebredunensi,
1822 993 1852 1048 et

500 1088 671 1154 Bemardo
686 1087 728 1153 de
745 1086 1014 1165 Montevalrano,
1030 1086 1150 1151 rectori
1167 1086 1309 1151 ecclesie
1326 1084 1364 1153 B.
1386 1085 1495 1152 Marie
1517 1086 1561 1153 de
1581 1086 1748 1168 vernano,
1769 1086 1853 1152 Tho

499 1194 613 1259 losane
628 1192 780 1271 diocesis,
796 1190 981 1277 apostolice
1006 1189 1103 1256 Sedis
1125 1190 1262 1268 nuntiis
1284 1190 1480 1256 conceditur
1502 1190 1643 1257 facultas
1665 1191 1857 1257 absolvendi

500 1317 618 1363 omnes
635 1298 668 1361 in
681 1293 889 1381 Maguntina,
903 1294 1093 1361 Coloniensi
1108 1303 1142 1359 et
1151 1293 1348 1369 Treverensi
1364 1295 1555 1380 provinciis,
1566 1316 1585 1361 a
1597 1295 1746 1362 censuris
1757 1297 1860 1362 eccle·

500 1401 641 1467 siastrcis
658 1400 690 1463 in
707 1419 765 1464 eos
779 1399 866 1479 latis,
882 1419 943 1484 pro
963 1419 1005 1463 eo
1028 1398 1119 1484 quod
1134 1398 1167 1462 in
1184 1397 1319 1463 statutis
1339 1398 1491 1464 terminis
1514 1398 1639 1465 fructus
1660 1399 1761 1486 primi
1785 1399 1860 1464 anni

503 1504 742 1570 beneficiomm
758 1503 951 1569 vacantium
968 1502 1109 1568 Camere
1125 1502 1310 1587 apostolice
1325 1510 1512 1569 reservatos
1527 1524 1596 1568 non
1612 1502 1788 1569 solverint.

546 1606 631 1673 Cum
646 1628 710 1673 nos
724 1607 776 1673 de.
785 1658 808 1673 ..

546 1711 624 1778 Dat.
640 1711 740 1777 Avin.
758 1731 774 1795 5
791 1710 858 1776 kal.
871 1710 943 1796 julii
960 1730 1051 1776 anno
1071 1730 1097 1776 1.

535 1866 652 1927 neam.
666 1868 688 1926 a,
700 1866 719 1915 1.
732 1868 775 1914 nv
787 1881 793 1923 ;
805 1865 865 1914 rat.
876 1866 915 1925 oa,
927 1865 945 1913 1.
957 1866 1025 1925 4122,
1037 1878 1090 1913 eur.
1102 1878 1128 1912 n.
1138 1865 1195 1915 aas.

548 2080 664 2168 386-
1555 2110 1651 2179 1317,
1667 2116 1687 2159 2
1698 2093 1825 2176 juillet.

549 2198 699 2265 Arnaldo
713 2198 756 2263 de
768 2198 839 2280 Via,
852 2200 884 2267 S.
896 2198 1066 2267 Eustachii
1078 2199 1222 2266 diacono
1234 2198 1404 2279 cardinali,
1421 2198 1637 2265 conferuntur
1649 2198 1868 2264 canonicatus

507 2313 542 2369 et
567 2303 736 2388 prebenda
762 2323 802 2368 ac
827 2304 1116 2371 archidiaconatus
1140 2301 1365 2369 Bruxellensis
1389 2303 1422 2367 in
1461 2303 1603 2369 ecclesia
1633 2301 1867 2369 Cameracensi

508 2429 602 2493 qum,
618 2428 694 2474 cum
717 2416 874 2472 vacarent
898 2428 957 2493 per
983 2407 1113 2473 obitum
1139 2406 1284 2490 magistri
1308 2405 1425 2483 Jacobi
1449 2405 1491 2472 de
1515 2405 1750 2487 Buccamatiis,
1776 2405 1870 2471 Sedis

508 2511 691 2597 apostolice
718 2510 849 2589 notarii,
872 2518 907 2575 et
929 2532 988 2597 per
1014 2511 1302 2577 consecrationem
1318 2509 1498 2590 Guillelmi,
1514 2510 1663 2596 episcopi
1680 2508 1869 2590 TrecensiS,

510 2616 565 2702 qui
582 2615 616 2681 in
632 2615 695 2681 illis
710 2637 745 2680 se
758 2615 812 2698 jus
826 2614 949 2680 habere
964 2613 1109 2696 dicebat,
1125 2635 1212 2700 papa
1228 2615 1415 2680 contulerat
1430 2614 1569 2697 Jacobo,
1581 2614 1635 2679 SS.
1652 2612 1671 2692 J
1675 2613 1821 2679 ohannis
1836 2623 1870 2677 et

510 2718 603 2784 Pauli
619 2718 804 2804 presbitero
820 2717 978 2784 cardinali
993 2718 1049 2803 (¹),
1066 2717 1122 2803 qui
1138 2717 1330 2803 priusquam
1346 2718 1458 2784 littere
1473 2717 1664 2804 hujusmodi
1680 2717 1873 2783 collationis

512 2821 680 2908 publicate
695 2820 832 2886 firissent
848 2821 882 2885 in
897 2820 988 2887 dicta
998 2820 1230 2888 Cameracensi
1242 2820 1393 2902 ecclesia,
1405 2821 1495 2908 apud
1509 2821 1630 2887 Sedem
1646 2820 1872 2909 apostolicam

512 2925 666 2991 decessit.

557 3030 720 3117 Exposcit
734 3040 908 3096 tuomm...

557 3135 635 3200 Dat.
651 3134 751 3199 Avin.
770 3139 787 3198 6
804 3153 882 3199 non.
895 3131 967 3218 julii
984 3152 1074 3197 anno
1094 3151 1121 3196 1.

556 3238 596 3303 ln
612 3260 641 3305 e.
658 3260 702 3303 m.
720 3235 969 3323 Magalonensis
985 3235 1077 3301 etde
1093 3233 1318 3314 Bellomonte,
1337 3234 1563 3303 Rutheuensis
1578 3237 1733 3319 diocesis,
1750 3257 1875 3324 prepo-

512 3343 583 3409 sitis
598 3364 637 3409 ac
653 3342 811 3428 magistro
829 3341 929 3406 Petro
944 3340 986 3406 de
1003 3339 1185 3420 Cabasac0,
1202 3340 1366 3406 canonico
1382 3339 1618 3406 Convenarum
1641 3341 1874 3407 ecclesiarum.

548 3506 609 3568 Reg.
617 3507 664 3555 111.
677 3510 700 3565 2,
711 3507 730 3554 i.
744 3507 789 3554 131
803 3520 808 3562 ;
821 3504 880 3554 Vat.
892 3505 931 3562 63,
942 3503 960 3552 f.
973 3504 1028 3560 366,
1040 3517 1093 3553 our.
1115 3516 1140 3550 n.
1154 3503 1209 3550 1⁴4.

558 3708 672 3794 387.
1525 3804 1530 3813 ὓ
1565 3742 1661 3808 1317,
1672 3746 1698 3806 3
1707 3722 1834 3806 juillet.

560 3826 749 3908 Francisco,
760 3835 841 3892 nato
857 3828 1029 3912 quondam
1045 3826 1255 3894 Thomasutii
1271 3829 1313 3894 de
1324 3829 1546 3913 Saxoferrato,
1559 3831 1731 3897 confertur
1740 3833 1876 3898 canoni-

515 3941 609 3998 catus
624 3931 764 3997 ecclesie
780 3930 811 3997 S.
829 3932 922 3996 Pauli
938 3932 1143 4013 Leodiensis,
1160 3935 1220 3998 sub
1237 3934 1474 4020 expectatione
1491 3934 1670 4020 prebende,
1688 3935 1876 4002 considera·

516 4037 609 4103 tione
633 4035 813 4117 Guillelmi,
829 4036 860 4101 S.
879 4035 1010 4103 Nicolai
1038 4037 1071 4101 in
1099 4035 1238 4103 Carcere
1253 4036 1409 4102 Tulliano
1435 4038 1568 4104 diaconi
1590 4039 1780 4120 cardinalis,
1808 4061 1872 4106 non

518 4142 673 4206 obstante
689 4140 779 4225 quod
795 4142 1013 4225 plebanatum
1028 4140 1135 4226 plebis
1150 4139 1182 4205 S.
1194 4138 1302 4206 Marie
1314 4141 1356 4206 de
1367 4140 1521 4227 Cippeto,
1536 4142 1709 4210 Nucerine
1724 4144 1873 4229 diocesis,

518 4252 552 4310 et
568 4243 805 4310 canonicatum
821 4266 859 4309 ac
875 4244 1081 4330 prebendam
1098 4244 1239 4310 ecclesie
1257 4245 1436 4331 Spoletane
1453 4247 1594 4313 obtinet.

563 4348 636 4413 Tue
651 4348 868 4435 probitatis...

564 4453 643 4519 Dat.
659 4452 758 4518 Avin.
776 4472 793 4536 5
811 4474 889 4518 non.
902 4453 974 4538 julii
992 4474 1082 4519 anno
1104 4475 1129 4520 1.

564 4557 604 4623 ln
630 4579 727 4624 0111.
752 4558 881 4623 decano
906 4559 937 4624 S.
963 4559 1104 4624 Dionisii
1132 4559 1327 4627 Leodiensis
1354 4570 1388 4627 et
1415 4561 1588 4648 preposito
1613 4559 1815 4649 Maguntine
1840 4582 1877 4629 ac

521 4664 650 4729 cantori
666 4661 870 4728 Turonensis
885 4663 1112 4730 ecclesiarum.

556 4818 616 4879 Reg.
628 4820 676 4867 Av.
690 4821 711 4877 7,
723 4819 741 4866 f.
755 4818 812 4868 168:
824 4818 883 4866 vat..
896 4820 933 4877 66,
946 4818 964 4865 f.
978 4820 1041 4876 la'il',
1055 4832 1080 4866 n.
1093 4819 1164 4866 3581.

945 5000 1227 5011 -—.—--—.

559 5136 580 5184 1,
597 5129 660 5192 Voy.
672 5142 697 5177 11.
712 5129 766 5175 271.
