4409 6017
513 721 569 785 432
1054 721 1200 788 Premiere
1222 722 1324 788 annea.

554 875 637 936 374.
649 907 692 917 -
709 867 827 934 Eidem
845 866 1033 955 Margarete
1049 870 1243 937 conceditur
1257 873 1363 936 altare
1379 872 1547 957 portatile.

557 973 739 1038 Desideriis
763 974 868 1039 tuis...

556 1076 634 1143 Dat.
647 1076 746 1142 Avin.
766 1097 805 1141 10
820 1077 886 1141 kal.
900 1077 972 1161 julii
985 1098 1075 1143 anno
1095 1098 1121 1143 1.

545 1215 604 1277 neg.
617 1216 664 1263 nv.
679 1217 699 1273 a,
712 1216 730 1263 r.
743 1217 801 1262 anu
814 1231 819 1270 ;
833 1214 893 1263 tat.
905 1217 943 1275 aa,
956 1216 974 1265 r.
988 1219 1041 1275 aar,
1056 1231 1080 1265 n.
1094 1218 1157 1264 asra
1169 1217 1194 1266 a.

556 1391 635 1453 375.
648 1419 690 1430 -
708 1381 826 1446 Eidem
844 1379 1032 1466 Margarete
1049 1382 1238 1467 indulgetur
1253 1391 1291 1448 ut
1304 1403 1365 1469 per
1380 1383 1590 1450 sacerdotem
1606 1383 1777 1465 idoneum,
1798 1389 1867 1451 sub·

512 1487 612 1552 missa
642 1506 726 1551 voce
753 1493 787 1550 et
818 1505 885 1550 non
910 1487 1048 1570 pulsatis
1073 1486 1245 1572 campanis
1271 1507 1312 1552 ac
1333 1488 1442 1569 januis
1469 1488 1598 1569 clausis,
1622 1486 1737 1554 divina
1762 1488 1867 1555 officia

512 1590 668 1655 celebrari
686 1589 795 1655 facere
812 1589 844 1652 in
861 1588 943 1654 locis
959 1589 1139 1655 interdicto
1155 1591 1385 1657 ecclesiastico
1400 1592 1581 1677 suppositis
1597 1593 1720 1658 valeat.

556 1692 756 1759 Deuotionis
770 1700 869 1758 tue...

557 1796 634 1862 Dat.
649 1796 750 1860 Avin.
771 1816 808 1860 ro
824 1794 890 1861 kal.
903 1796 975 1880 julii
989 1817 1079 1862 anno
1099 1817 1124 1862 1.

545 1934 604 1993 lim.
617 1936 664 1982 Au.
677 1936 698 1989 7,
711 1935 728 1980 f.
741 1935 817 1983 216”;
832 1933 888 1981 l'at.
901 1936 940 1991 66,
952 1935 970 1981 f.
983 1936 1038 1993 224,
1051 1949 1076 1982 n.
1088 1935 1152 1982 3846
1164 1949 1185 1982 c.

554 2116 633 2176 376.
647 2144 691 2153 -
708 2106 827 2172 Eidem
843 2104 1033 2191 Margarete
1056 2105 1245 2190 indulgetur
1268 2115 1305 2171 ut
1321 2107 1525 2172 monasteria
1550 2107 1749 2173 monialium
1770 2108 1872 2174 inclu-

510 2233 620 2279 sarum
636 2212 678 2277 de
694 2231 858 2276 consensu
875 2210 1118 2276 abbatissarum
1134 2210 1262 2294 ingredi
1279 2212 1401 2277 valeat.

557 2314 755 2380 Deuotionis
770 2322 870 2379 tue...

555 2420 633 2484 Dat.
649 2418 750 2483 Avin.
771 2438 808 2482 ro
824 2415 889 2481 kal.
903 2417 976 2501 julii
993 2437 1083 2482 anno
1100 2438 1126 2482 1.

546 2559 605 2620 neg.
619 2559 668 2612 Ar.
683 2560 705 2612 7,
717 2557 734 2606 4.
750 2558 825 2612 2144“;
840 2556 897 2604 Vnt.
910 2557 948 2615 66,
960 2556 978 2604 f.
991 2557 1083 2613 22414.
1096 2558 1159 2605 3845
1173 2557 1191 2605 f.

555 2732 633 2794 377.
647 2760 690 2770 —
707 2721 826 2787 Eidem
843 2719 1033 2804 Margarete
1061 2721 1249 2806 indulgetur
1275 2730 1322 2802 ut,
1348 2723 1624 2807 quotiescumque
1650 2726 1793 2789 verbum
1811 2724 1872 2789 Dei

511 2832 545 2895 in
561 2830 631 2914 ejus
646 2826 814 2914 presentia
829 2826 1028 2910 predicatur,
1039 2825 1100 2911 ipsi
1117 2835 1152 2890 et
1168 2826 1322 2891 omnibus
1338 2826 1550 2892 audientibus
1565 2826 1787 2912 quadraginta
1803 2828 1873 2892 dies

512 2930 717 3016 indulgentie
732 2932 932 2994 relaxentur.

555 3033 687 3099 Eximio
702 3032 934 3098 devotionis...

555 3139 632 3204 Dat.
647 3138 747 3203 Avin.
768 3158 806 3202 10
821 3136 888 3202 kal.
901 3137 973 3221 julii
990 3158 1079 3202 anno
1099 3158 1125 3202 r.

544 3278 603 3338 neg.
616 3278 663 3325 nv.
676 3279 698 3334 a,
711 3277 728 3323 r.
741 3278 787 3324 atu
800 3291 806 3332 ;
818 3274 878 3325 uae
893 3277 931 3330 cru,
946 3275 964 3323 r.
978 3276 1032 3324 224.
1045 3289 1069 3323 n.
1085 3277 1148 3323 3845
1159 3276 1184 3326 u.

553 3438 797 3526 378-382.
1577 3476 1673 3541 1317,
1686 3480 1728 3523 22
1739 3458 1829 3540 juin.

553 3558 572 3636 J
576 3559 709 3624 ohanne
725 3558 767 3623 de
776 3558 920 3637 Valesio,
937 3557 1107 3623 comitisse
1125 3557 1295 3637 Hanouie‚
1315 3558 1504 3643 indulgetur
1519 3570 1556 3625 ut
1572 3581 1703 3627 sorores
1717 3563 1874 3648 religiose

510 3666 665 3731 ordinum
691 3664 897 3729 diversorum
914 3663 1032 3748 quibus
1048 3684 1123 3729 esus
1147 3664 1295 3728 camium
1312 3664 1528 3746 interdicitur,
1549 3664 1629 3729 dum
1650 3665 1695 3732 ad
1718 3688 1873 3734 mensam

510 3771 580 3856 ejus
605 3769 780 3848 accedunt,
802 3768 955 3834 carnibus
970 3766 1060 3833 vesci
1083 3769 1229 3848 valeant,
1251 3768 1386 3853 proviso
1413 3769 1503 3852 quod
1529 3767 1700 3835 confessor
1721 3772 1873 3856 ejusdem

509 3874 528 3952 J
532 3875 664 3939 ohanne
680 3873 728 3938 eis
743 3873 831 3938 hanc
847 3872 1018 3938 licentiam
1031 3871 1218 3956 elargiatur.

553 3978 645 4043 Sicut
661 3998 701 4041 ex
717 3984 853 4062 parte...

554 4082 634 4147 Dat.
650 4080 750 4146 Avin.
771 4101 809 4145 10
825 4080 892 4146 kal.
905 4080 977 4165 julii
991 4100 1082 4146 anno
1103 4099 1129 4145 1.

544 4221 603 4280 licg.
617 4222 665 4269 Au.
681 4220 701 4277 7,
715 4219 733 4269 f.
749 4221 807 4266 219ν
819 4235 824 4272 ;
838 4218 896 4267 Vnt.
909 4219 948 4278 66,
960 4218 979 4266 f.
991 4219 1046 4271 224,
1058 4233 1083 4267 n.
1098 4218 1162 4264 3945
1175 4217 1199 4266 b.

553 4399 633 4460 379.
645 4428 687 4438 -
706 4389 824 4454 Eidem
839 4387 859 4467 J
863 4389 995 4455 ohanne
1011 4388 1200 4473 indulgetur
1211 4390 1314 4453 altare
1330 4388 1498 4474 portatile.

555 4493 737 4560 Desideriis
750 4494 857 4558 tuis...

554 4597 632 4663 Dat.
648 4598 748 4661 Avin.
769 4617 806 4661 10
823 4597 888 4661 kal.
902 4596 973 4678 julii
986 4617 1076 4661 anno
1098 4617 1123 4662 1.

542 4737 603 4798 Beg.
615 4738 662 4786 Av.
676 4739 697 4796 7,
710 4736 727 4784 l.
740 4737 799 4783 219'
811 4751 817 4791 ;
831 4736 889 4785 vn.
902 4738 940 4796 66,
952 4737 970 4784 i.
983 4738 1036 4796 224,
1049 4752 1075 4785 n.
1087 4737 1151 4785 3845
1164 4752 1185 4786 c.

552 4919 691 4980 380.-
707 4909 826 4975 Eidem
843 4909 997 4987 Johanne
1020 4910 1208 4994 indulgetur
1231 4919 1266 4974 ut
1288 4932 1347 4996 per
1370 4914 1578 4979 sacerdotem
1601 4915 1769 4997 idoneum,
1793 4918 1867 4980 sub·

507 5016 609 5082 missa
634 5035 718 5080 voce
740 5024 774 5079 et
801 5035 869 5080 non
896 5016 1036 5100 pulsatis
1063 5016 1236 5101 campanis
1262 5036 1301 5081 ac
1325 5017 1434 5101 januis
1462 5019 1591 5098 clausis,
1616 5018 1732 5084 divina
1757 5017 1866 5085 officia

507 5120 667 5189 celebrari
686 5119 793 5185 facere
811 5119 843 5183 in
862 5120 945 5185 locis
962 5119 1142 5185 interdicto
1159 5120 1389 5187 ecclesiastico
1405 5123 1585 5208 suppositis
1600 5124 1722 5187 valeat.
