4409 6017
492 715 549 781 154
1030 722 1187 787 1101111110
1208 723 1309 789 annot.

532 868 646 951 427.
1521 905 1618 970 1317,
1634 906 1656 971 4
1672 887 1806 952 octobre.

535 988 708 1074 Stephano
734 989 776 1055 de
804 989 917 1054 Insula
944 989 1053 1066 Urbis,
1077 990 1326 1075 consanguineo
1351 997 1386 1055 et
1418 992 1594 1077 capellano
1635 988 1844 1056 commensali

491 1091 730 1178 Neapoleouis,
757 1093 788 1159 S.
805 1093 942 1159 Adriani
967 1093 1098 1159 diaconi
1125 1094 1311 1174 cardinalis,
1337 1094 1552 1161 conferuntur
1577 1094 1796 1160 canonicatus
1819 1100 1850 1156 et

489 1197 658 1283 prebenda
673 1197 814 1263 ecclesie
831 1196 1005 1277 Metensis,
1021 1207 1181 1264 vacantes
1202 1217 1261 1283 per
1276 1198 1406 1264 obitum
1429 1197 1547 1275 Jacobi
1572 1198 1615 1263 de
1631 1196 1852 1263 Boccamatiis

489 1302 531 1366 de
555 1301 658 1381 Urbe,
676 1301 773 1367 Sedis
795 1302 978 1387 apostolice
1002 1303 1133 1382 notarii,
1150 1302 1184 1366 in
1207 1301 1344 1368 civitate
1361 1301 1593 1368 Cameracensi
1610 1301 1774 1381 defuncti,
1790 1320 1855 1366 non

489 1408 645 1471 obstante
661 1405 751 1489 quod
766 1405 799 1470 in
817 1406 976 1490 Dignensi
1001 1413 1035 1471 et
1051 1406 1082 1471 S.
1099 1406 1334 1491 Symphoriani
1352 1404 1529 1471 Remensis
1554 1406 1708 1472 ecclesiis
1723 1404 1857 1471 canoni·

490 1518 584 1575 catus
600 1519 635 1574 et
650 1510 836 1595 prebendas
851 1510 991 1576 obtinet.

537 1609 659 1677 Matris
675 1613 858 1680 ecclesie...

534 1715 612 1780 Dat.
628 1716 728 1783 Avin.
745 1740 764 1801 4
781 1739 859 1784 non.
876 1718 1024 1784 octobris
1042 1738 1134 1782 anno
1151 1739 1180 1783 2.

535 1819 574 1883 In
591 1841 620 1885 e.
636 1841 681 1886 m.
698 1820 730 1885 S.
748 1820 840 1886 Pauli
868 1823 910 1888 de
939 1821 1032 1888 Urbe
1060 1830 1095 1887 et
1112 1822 1143 1886 S.
1161 1821 1300 1888 Martini
1327 1831 1406 1887 ante
1433 1820 1555 1888 Metim
1579 1820 1862 1887 monasteriorum

491 1923 667 1988 abbatibus
682 1944 721 1989 ac
738 1925 975 1991 archidiacono
992 1924 1162 1992 Remensi.

523 2062 584 2123 llcg.
596 2065 642 2110 Au.
655 2063 676 2122 8,
690 2063 708 2110 1.
720 2064 765 2111 121
779 2079 785 2116 ;
806 2064 862 2112 lat.
872 2066 910 2121 67,
924 2065 942 2114 1.
954 2067 993 2123 30,
1005 2081 1030 2115 11.
1046 2068 1099 2116 loo.

535 2243 653 2327 428.
927 2266 930 2272 ’
1527 2280 1622 2345 1317,
1638 2258 1659 2325 ό
1676 2262 1817 2327 octobre.

532 2364 716 2449 Aymerico
731 2365 773 2431 de
790 2366 953 2433 Cusornio
968 2378 991 2449 ⁹¹,
1001 2370 1177 2454 capellano
1193 2377 1228 2434 et
1245 2369 1395 2434 familiari
1410 2365 1580 2446 Bernardi,
1592 2367 1627 2431 S.
1638 2364 1779 2448 Agathe
1790 2364 1861 2430 dia-

491 2467 567 2533 ooni
583 2467 769 2550 cardinalis,
786 2471 1000 2536 conferuntur
1015 2472 1235 2537 canonicatus
1258 2480 1292 2537 et
1316 2471 1486 2558 prebenda
1501 2469 1644 2536 ecclesie
1661 2468 1863 2535 Leodiensis

492 2580 651 2638 vacantes
667 2594 726 2658 per
749 2575 1008 2659 resignationem
1023 2595 1042 2640 a
1057 2573 1077 2651 J
1080 2574 1215 2640 ohanne
1230 2575 1272 2640 de
1290 2573 1514 2654 Fauconront,
1530 2592 1590 2658 per
1613 2570 1803 2637 Henricum
1819 2571 1863 2637 de

492 2674 643 2758 Landen,
667 2678 896 2763 presbiterum,
917 2687 1166 2765 procuratorem
1192 2678 1341 2763 ejusdem
1357 2675 1533 2758 Johannis
1557 2676 1690 2757 factam,
1707 2697 1778 2741 non
1801 2676 1863 2741 ob-

491 2789 601 2846 stante
617 2781 707 2866 quod
722 2781 755 2847 in
772 2782 1000 2849 Aurelianensi
1017 2784 1228 2863 decanatum,
1245 2791 1279 2847 et
1295 2781 1329 2845 in
1346 2801 1386 2846 ea
1400 2801 1441 2847 ac
1457 2781 1491 2846 in
1507 2779 1705 2846 Carnotensi
1722 2779 1861 2847 canoni-

493 2892 587 2952 catus
602 2893 637 2950 et
652 2886 838 2970 prebendas
854 2888 985 2953 obtinet
1000 2898 1035 2954 et
1052 2889 1084 2953 in
1101 2888 1172 2974 ipsa
1188 2886 1385 2954 Carnotensi
1409 2884 1557 2952 ecclesiis
1580 2884 1783 2969 dignitatem
1806 2888 1860 2950 vel

496 2997 710 3076 personatum
726 3011 784 3055 seu
800 2990 949 3057 officium
965 3000 1134 3078 expectat.

538 3093 700 3159 Personas
715 3095 918 3161 virtutum...

430 3197 434 3204 ’
539 3198 616 3262 Dat.
631 3198 730 3264 Avin.
748 3219 765 3262 2
782 3219 861 3264 non.
878 3200 1023 3265 octobris
1038 3221 1129 3266 anno
1147 3222 1176 3266 2.

539 3300 578 3365 ln
604 3322 632 3367 e.
655 3323 700 3383 m.
724 3302 958 3369 archidiacono
984 3302 1099 3369 Medie
1125 3304 1354 3371 Nannetensis
1379 3313 1413 3370 et
1438 3304 1566 3369 decano
1590 3302 1621 3368 S.
1639 3300 1796 3387 Dyonisii
1820 3324 1859 3367 ac

495 3406 673 3471 scolastico
689 3406 720 3472 S.
735 3406 828 3471 Pauli
847 3406 1083 3473 Leodiensiurn
1099 3411 1324 3475 ecclesiarum.

530 3555 589 3613 11011.
602 3556 648 3601 Ar.
661 3556 682 3612 8,
696 3556 713 3604 1.
724 3558 766 3602 511ν
779 3571 784 3603 :
800 3556 856 3603 vat..
869 3558 906 3614 67,
920 3558 938 3602 1.
953 3558 1001 3614 ltv,
1013 3571 1038 3604 n.
1053 3559 1092 3604 61.

537 3738 653 3823 429.
1527 3767 1623 3831 1717,
1640 3746 1660 3812 6
1676 3748 1815 3812 octobre.

538 3857 698 3936 Amoldo,
715 3860 746 3923 S.
764 3859 934 3925 Eustachii
950 3856 1092 3923 diacono
1108 3857 1276 3936 cardinali,
1293 3855 1509 3922 conferuntur
1535 3859 1631 3917 motu
1652 3848 1790 3936 proprio
1805 3867 1859 3913 ca·

496 3961 672 4028 nonicatus
687 3972 722 4029 et
738 3964 906 4049 prebenda
931 3985 969 4030 ac
985 3962 1273 4028 archidiaconatus
1294 3958 1517 4026 Bruxellensis
1533 3957 1566 4022 in
1582 3953 1723 4021 ecclesia
1739 3951 1859 4017 Carne-

497 4066 623 4131 racensi
639 4076 797 4133 vacantes
812 4089 871 4154 per
890 4068 1018 4134 obitum
1043 4067 1190 4151 magistri
1207 4066 1225 4143 J
1229 4066 1324 4132 acobi
1341 4065 1383 4130 de
1400 4059 1657 4137 Buccamathiis,
1673 4060 1859 4142 apostolice

498 4169 591 4234 Sedis
613 4171 743 4250 notarii,
759 4192 798 4238 ac
823 4193 880 4257 per
906 4172 1189 4237 renuntiationem
1211 4169 1390 4249 Guillelmi,
1407 4165 1553 4252 episcopi
1570 4163 1758 4242 ’1100011οἰ0,
1780 4174 1859 4231 tunc

498 4273 648 4339 canonici
665 4275 813 4358 ejusdem
830 4277 980 4354 ecclesie,
993 4287 1027 4341 et
1050 4297 1110 4361 per
1126 4275 1256 4340 obitum
1278 4294 1412 4358 quoque
1428 4270 1446 4349 J
1450 4270 1557 4349 acobi,
1574 4268 1628 4333 SS.
1644 4266 1664 4344 J
1667 4268 1811 4334 ohannis
1826 4277 1860 4333 et

499 4377 590 4443 Pauli
606 4378 777 4462 presbiteri
794 4379 977 4444 cardinalis

542 4483 666 4548 Petitio
681 4493 780 4549 tua...

542 4586 620 4652 Dat.
636 4589 737 4653 Avin.
756 4608 772 4652 2
790 4609 868 4654 non.
886 4589 1031 4654 octobris
1048 4609 1138 4653 anno
1156 4610 1184 4653 2.

541 4690 581 4755 In
597 4713 626 4756 e.
642 4713 686 4756 m.
704 4692 861 4777 episcopo
878 4692 1108 4757 Lernovicensi
1127 4701 1160 4757 et
1190 4692 1289 4756 Petro
1310 4692 1351 4757 de
1369 4689 1485 4762 Pratis‚
1498 4686 1758 4766 Xanctonensis,
1775 4706 1859 4772 pape

498 4797 683 4879 capellano,
700 4804 734 4860 et
752 4795 955 4881 Raymuudo
971 4796 989 4873 J
994 4797 1119 4875 uvenis,
1144 4794 1424 4882 petragoricensis
1448 4791 1660 4858 ecclesiarum
1679 4790 1858 4857 canonicis.

532 4937 593 5000 Reg.
605 4940 653 4988 Av.
666 4940 688 4994 8,
701 4940 719 4989 1.
737 4941 812 4997 111’;
827 4940 882 4989 tat.
894 4942 935 4998 ot,
951 4941 968 4988 1.
983 4942 1019 4999 111,
1032 4942 1108 4988 111111.

532 5158 557 5191 11.
575 5145 699 5193 (ursonio
711 5159 760 5207 rep.
781 5145 835 5194 l'at.
