4409 6017
899 709 1056 778 Deuribme
1077 710 1179 776 annue.
1670 718 1721 782 151

348 860 386 917 et
425 852 536 933 saluti,
560 861 597 918 ut
620 853 683 920 hiis
705 876 770 940 que
789 856 953 941 justitiam
985 855 1119 940 sapiunt
1141 863 1177 919 et
1204 855 1381 921 continent
1404 857 1587 941 equitatem
1610 860 1723 925 lauda·

346 955 464 1021 biliter
477 963 513 1021 te
530 956 752 1041 conformans,
765 979 805 1025 ea
820 981 885 1044 que
901 960 1085 1026 secundum
1109 958 1181 1024 illas
1202 958 1397 1043 corrigenda
1413 960 1544 1042 suerint,
1567 972 1667 1047 prout
1682 963 1724 1029 ad

347 1071 383 1124 te
407 1060 617 1145 pertinuerit,
641 1062 785 1148 corrigas
811 1071 846 1128 et
869 1063 1080 1129 reformanda
1101 1062 1272 1128 reformes.
1296 1063 1421 1128 Oblata
1443 1065 1605 1149 siquidem
1629 1066 1725 1131 nobis

347 1184 409 1249 pro
422 1173 519 1249 parte
531 1163 732 1230 dilectorum
743 1166 888 1232 filiorum
900 1166 1089 1233 communis
1104 1165 1251 1232 civitatis
1266 1165 1375 1243 Janue
1391 1167 1512 1252 petitio
1527 1168 1724 1233 continebat

347 1266 450 1351 quod,
466 1276 624 1352 pretextu
639 1269 811 1353 cujusdam
826 1270 981 1336 maleficii
997 1290 1056 1355 per
1079 1270 1262 1335 nonnullos
1283 1290 1324 1334 ex
1340 1290 1455 1335 eorum
1472 1270 1600 1336 civibus
1617 1271 1650 1334 in
1666 1279 1724 1336 tua

348 1371 480 1437 ditione
504 1372 685 1453 commissi,
708 1376 816 1439 multa
837 1377 927 1439 bona
942 1374 1189 1459 quamplurium
1213 1394 1347 1439 suorum
1363 1373 1555 1440 concivium
1572 1374 1723 1454 aliorum,

350 1477 406 1562 qui
432 1498 497 1543 nec
520 1477 622 1563 ipsius
644 1478 799 1543 maleficii
829 1477 955 1543 conscii
978 1479 1032 1542 vel
1056 1477 1239 1562 culpabiles
1254 1477 1508 1562 quomodolibet
1527 1477 1721 1559 extiterunt,

349 1589 428 1644 sunt
443 1600 506 1665 per
521 1579 681 1646 officiales
695 1588 772 1646 tuos
796 1602 855 1667 per
877 1580 1149 1667 pignorationum
1170 1601 1228 1645 seu
1250 1581 1500 1666 represaliarum
1525 1580 1663 1646 modum
1688 1582 1721 1646 in

349 1683 501 1768 partibus
517 1681 741 1767 Brugensibus
761 1693 921 1750 arrestata
937 1684 971 1749 in
984 1684 1066 1769 juris
1082 1684 1234 1770 injuriam
1256 1692 1290 1749 et
1316 1684 1541 1769 predictorum
1561 1684 1719 1750 innocen·

348 1786 433 1851 tium
466 1786 686 1872 prejudicium
727 1794 762 1852 et
790 1789 964 1873 jacturam,
999 1808 1098 1873 super
1130 1808 1197 1871 quo
1231 1808 1292 1873 pro
1319 1796 1415 1873 parte
1448 1787 1600 1853 comunis
1623 1788 1724 1874 ipsius

348 1890 601 1957 intercessionis
617 1899 731 1957 nostre
747 1891 938 1977 suffragium
960 1891 1022 1956 fuit
1045 1890 1087 1956 ad
1110 1900 1145 1956 te
1169 1891 1361 1977 suppliciter
1387 1891 1603 1976 postulatum.
1630 1891 1717 1974 Quia

348 1995 447 2079 igitur
470 1995 723 2081 pignorationes
751 1994 940 2080 hujusmodi
965 2015 1023 2060 seu
1046 1994 1233 2080 represalie,
1258 1994 1291 2058 in
1315 1994 1433 2078 quibus
1456 1993 1540 2058 alius
1567 2013 1628 2080 pro
1654 1993 1721 2058 alio

348 2106 575 2185 pregravatur,
598 2107 759 2183 tanquam
782 2119 899 2183 graves
920 2099 1048 2182 legibus
1071 2106 1105 2163 et
1122 2097 1261 2183 equitati
1278 2097 1420 2163 naturali
1437 2097 1611 2176 contrarie,
1629 2096 1719 2162 civili

350 2210 429 2267 sunt
454 2202 700 2268 constitutione
721 2201 899 2287 prohibite,
926 2202 1138 2267 nobilitatem
1165 2210 1258 2266 tuam
1283 2201 1479 2286 requirimus
1508 2208 1543 2265 et
1567 2220 1721 2285 rogamus

349 2313 484 2370 attente
509 2306 666 2391 quatinus
688 2304 831 2371 dilectos
854 2305 975 2372 lilios..
1006 2305 1252 2371 ambaxiatores
1278 2304 1466 2371 communis
1495 2304 1605 2389 ipsius,
1630 2303 1722 2368 exhi-

348 2409 476 2474 bitores
491 2408 709 2495 presentium,
725 2416 820 2473 tuam
835 2417 1013 2495 propterea
1025 2409 1228 2495 presentiam
1240 2408 1414 2489 adeuntes
1425 2407 1569 2492 benigne
1581 2407 1721 2493 recipias

351 2532 539 2597 eorumque
554 2512 737 2598 petitiones
751 2511 812 2577 tibi
829 2532 927 2597 super
942 2512 1158 2597 expeditione
1173 2514 1337 2577 bonorum
1360 2518 1597 2577 arrestatorum
1622 2532 1718 2577 occa·

351 2615 445 2681 sione
469 2615 626 2701 predicta
649 2636 689 2682 ac
720 2616 995 2701 reprensaliarum
1027 2616 1243 2681 revocatione
1274 2614 1388 2681 debita
1419 2614 1633 2700 porrigendas
1675 2617 1719 2680 ob

353 2727 505 2784 nostram
521 2728 557 2784 et
572 2719 757 2804 apostolice
772 2718 866 2784 Sedis
888 2719 1110 2784 reverentiam
1132 2718 1174 2784 ad
1197 2718 1418 2784 exauditionis
1433 2727 1503 2783 tam
1515 2718 1604 2802 juste
1619 2738 1719 2802 quam

349 2822 542 2889 favorabilis
575 2822 715 2907 gratiam
748 2830 917 2908 gratanter
948 2822 1116 2902 admittas,
1147 2832 1184 2887 ut
1214 2821 1354 2908 proinde
1384 2821 1444 2886 tibi
1474 2829 1585 2906 preter
1614 2821 1720 2887 laudis

351 2928 501 2992 humane
524 2926 721 3013 preconium
744 2926 988 2992 benedictionis
1011 2926 1123 2992 divine
1150 2925 1324 3010 proveniat
1355 2925 1608 2991 incrementum.
1641 2924 1718 2989 Dat.

352 3030 455 3095 Asin.
476 3032 514 3095 18
530 3029 597 3096 kal.
613 3030 761 3097 octobris
771 3030 988 3116 pontificatus
1004 3029 1109 3094 nostri
1125 3049 1215 3094 anno
1232 3049 1260 3093 2.
1274 3050 1291 3090 r)

379 3183 499 3243 original
510 3198 563 3230 aux
575 3182 699 3230 Archives
709 3182 742 3231 de
752 3168 836 3231 l'utat
846 3184 862 3231 u
874 3183 958 3242 (land,
967 3184 1069 3233 chortes
1080 3184 1125 3232 des
1136 3189 1232 3233 comtes
1241 3184 1273 3233 dc
1286 3183 1404 3243 Flandre,
1418 3199 1443 3233 n.
1458 3186 1527 3233 1332.
1541 3213 1573 3219 -
1586 3185 1645 3245 ch.
1660 3185 1718 3234 Vat.

347 3253 407 3317 litu,
421 3265 440 3311 f.
455 3266 494 3322 88,
508 3279 533 3313 n.
546 3266 594 3311 375
606 3264 678 3325 (sans
689 3263 832 3312 indication
841 3265 873 3313 dc
885 3264 1006 3325 l'annec).

393 3452 515 3535 420.
1314 3485 1409 3549 1317,
1426 3466 1467 3530 16
1483 3467 1672 3552 septembre.

394 3570 554 3655 Riquerio
576 3570 619 3635 de
642 3569 745 3636 Stella
768 3569 984 3635 conferuntur
1006 3570 1223 3664 canonicatus
1239 3578 1273 3635 et
1289 3570 1459 3655 prebenda
1474 3569 1614 3635 ecclesie
1633 3567 1717 3633 Lau-

347 3674 520 3753 dunensis,
536 3682 696 3739 vacantes
711 3694 770 3759 per
786 3674 915 3739 obitum
927 3673 1015 3738 Petri
1029 3674 1071 3739 de
1086 3674 1247 3759 Eugubio,
1261 3671 1401 3738 Camere
1412 3672 1596 3758 apostolice
1609 3672 1718 3738 clerici

348 3787 385 3844 et
408 3776 557 3844 custodis
580 3777 725 3843 thesauri
750 3776 902 3842 Romane
926 3779 1066 3843 ecclesie
1089 3778 1124 3842 in
1157 3777 1294 3843 civitate
1320 3776 1445 3855 Assisii,
1470 3796 1537 3841 non
1562 3779 1719 3841 obstante

349 3882 442 3966 quod
467 3881 684 3946 canonicatus
710 3889 745 3946 et
771 3880 957 3966 prebendas
979 3881 1012 3944 in
1038 3880 1069 3945 S.
1086 3880 1260 3965 Gangetici
1284 3879 1544 3958 Cameracensis,
1575 3880 1618 3945 de
1649 3880 1719 3963 qui-

349 3990 413 4051 bus
428 3986 547 4071 litigat,
563 3995 598 4049 et
614 3984 773 4069 Capuana
797 3985 955 4063 ecclesiis,
981 4005 1115 4050 necnon
1140 3985 1171 4049 S.
1187 3984 1364 4069 Augustini
1381 3982 1532 4068 Capuani
1548 3991 1582 4048 et
1599 3982 1630 4048 S.
1649 3982 1717 4047 Pri-

349 4090 453 4154 miani
469 4088 512 4154 de
528 4088 681 4168 Alexina,
696 4088 938 4153 Alexanensis‘*
955 4088 1106 4168 diocesis,
1123 4088 1290 4167 ecclesias,
1307 4087 1377 4152 sine
1394 4107 1482 4164 cura,
1500 4087 1631 4152 obtinet
1643 4086 1718 4172 (A).

396 4192 478 4257 Non
489 4194 645 4256 obstante
656 4192 746 4276 quod
756 4192 973 4258 canonicatus
983 4200 1039 4256 etc.
1052 4197 1200 4278 utsupra
1213 4213 1316 4274 usque
1332 4190 1374 4255 de
1386 4191 1539 4271 Alexina,
1550 4190 1621 4255 sine
1632 4211 1718 4270 cura,

350 4306 386 4362 et
415 4296 445 4360 S.
465 4295 555 4361 Petri
580 4294 622 4360 de
639 4293 747 4359 Bosco
764 4296 797 4359 in
813 4296 957 4373 Artesi0‚
974 4316 1050 4359 cum
1067 4315 1155 4373 cura,
1171 4293 1392 4358 Alexanensis
1407 4292 1418 4327 ⁶
1433 4303 1467 4357 et
1484 4293 1719 4358 Ambianensis

352 4401 537 4479 diocesum,
555 4399 713 4466 ecclesias
729 4399 860 4463 obtinet
874 4398 946 4482 (B).

394 4504 477 4570 Non
505 4506 661 4568 obstante
691 4502 780 4586 quod
814 4503 847 4566 in
887 4502 919 4567 S.
950 4502 1124 4587 Gangerici
1157 4501 1416 4581 Cameracensis,
1448 4500 1652 4566 Sistaricensi
1685 4506 1720 4563 et

350 4608 513 4694 Capuana
537 4606 686 4672 ecclesiis
702 4606 920 4671 canonicatus
943 4614 977 4670 et
1001 4605 1196 4691 prebendas,
1218 4627 1257 4670 ac
1280 4604 1521 4690 parrochialem
1544 4603 1719 4668 ecclesiam

350 4712 382 4776 S.
402 4711 491 4776 Petri
508 4711 550 4776 de
568 4709 677 4776 Bosco
688 4709 720 4773 in
738 4710 882 4786 Artesi0,
900 4709 1135 4774 Ambianensis
1159 4709 1311 4786 diocesis,
1328 4716 1362 4772 et
1386 4707 1529 4790 quedam
1546 4707 1718 4777 beneficia,

350 4816 424 4879 sine
447 4835 536 4896 cura,
560 4816 593 4879 in
617 4835 720 4898 regno
743 4814 852 4877 Sicilie
876 4814 1007 4878 obtinet
1032 4813 1104 4898 (C).

400 4917 603 5003 Multiplicia
619 4926 715 4983 tue...

385 5149 410 5182 a,
427 5133 563 5180 Alexisien.
578 5147 627 5192 rep.
641 5132 688 5181 Ar.
701 5148 711 5186 ;
724 5134 866 5180 :llexosicn
881 5148 930 5193 rep.
953 5133 1007 5180 liri.
1024 5160 1054 5167 --
1067 5132 1087 5179 b.
1103 5132 1216 5179 Alorion.
1231 5147 1281 5193 rep.
1297 5130 1341 5179 rr.
1356 5147 1363 5180 .·
1379 5130 1507 5176 ⁴llesinen.
1519 5143 1569 5187 rep.
1594 5130 1648 5175 [ἰή.
