4409 6017
974 728 1156 796 Fornulaire

1031 955 1099 1037 11.

500 1195 667 1265 tacuuttb
692 1208 745 1263 DE
770 1209 972 1263 uacatione
997 1209 1049 1260 nn
1075 1198 1381 1263 consecanmou
1407 1200 1651 1266 bruscorum

776 1294 867 1369 u'uu
895 1302 1056 1378 aveque
1078 1308 1355 1381 quancunque·

973 1446 1010 1510 (n
1037 1447 1126 1511 1347).

455 1620 538 1679 Dilecto
556 1624 616 1682 tilio
637 1623 733 1693 Helie,
755 1624 846 1680 electo
864 1624 1048 1690 Tomacensi,
1068 1625 1199 1683 salutem.

453 1705 504 1761 Cum
517 1726 603 1774 nuper
621 1708 743 1763 ecclesie
761 1708 944 1775 Tornacensi,
963 1720 1030 1763 tunc
1047 1712 1170 1774 pastoris
1190 1710 1327 1774 regimine
1345 1710 1487 1775 destitute,
1506 1712 1542 1767 de
1560 1727 1682 1778 persona
1699 1722 1757 1770 tua.

376 1853 382 1864 Ι
430 1786 484 1840 tubis
501 1801 524 1843 et
544 1790 678 1845 iratribus
700 1791 804 1846 nostris
827 1802 940 1846 tuorum
963 1790 1107 1855 exigentia
1124 1794 1289 1846 meritorum
1306 1804 1431 1859 accepta,
1451 1793 1487 1846 de
1504 1794 1624 1847 fratrum
1640 1810 1747 1847 eorum·

376 1869 382 1903 ⁵
429 1866 472 1923 deut
487 1873 594 1927 consilio
617 1885 645 1929 et
668 1874 825 1939 apostolice
848 1875 996 1939 potestatis
1018 1874 1204 1939 plenitudine,
1225 1876 1392 1929 auctoritate
1410 1874 1566 1941 apostolica
1585 1875 1748 1930 duxerimus

427 1953 602 2017 mendum.
620 1967 649 2010 te
665 1956 847 2021 preficientes
864 1955 958 2011 eidem
974 1956 1004 2011 in
1017 1957 1187 2021 episcopum
1204 1967 1232 2011 et
1249 1967 1399 2024 pastorem,
1418 1967 1501 2021 prout
1517 1957 1545 2010 in
1562 1957 1664 2011 nostris
1681 1957 1747 2012 inde

376 2034 386 2044 “
425 2033 525 2090 numu
549 2037 649 2094 litteris
675 2038 787 2104 plenius
813 2038 982 2105 continetur,
1008 2038 1194 2104 nondumque
1215 2039 1265 2093 tibi
1286 2041 1320 2093 sit
1341 2056 1443 2093 munus
1463 2040 1681 2094 consecrationis
1701 2038 1749 2093 im-

445 2215 483 2255 bus
498 2202 534 2258 ad
552 2220 587 2257 ea
607 2219 664 2269 que
684 2204 723 2258 ad
742 2213 790 2272 tue
810 2202 989 2258 comoditatis
1009 2214 1197 2267 augmentum
1223 2204 1325 2259 cedere
1352 2205 1465 2259 valeant
1491 2204 1685 2261 favorabiliter
1710 2207 1748 2261 in·

376 2305 380 2312 ·
423 2284 536 2340 tudetes
555 2296 645 2350 teque
665 2286 794 2340 volentes
815 2302 850 2340 ac
872 2284 994 2341 eandem
1016 2286 1169 2341 ecclesiam
1200 2287 1237 2340 ab
1269 2288 1400 2352 expensis
1431 2297 1459 2341 et
1490 2287 1635 2341 laboribus
1665 2304 1745 2353 quos,

376 2364 378 2372 ’
421 2359 476 2418 liud
488 2367 671 2432 apostolicam
691 2367 797 2423 Sedetn
814 2384 866 2432 pro
884 2367 1047 2431 hujusmodi
1069 2367 1250 2434 suscipiendo
1271 2386 1389 2423 munere
1409 2380 1437 2423 te
1458 2380 1525 2423 tunc
1543 2378 1687 2451 oporteret
1707 2385 1749 2422 ac

420 2446 498 2514 tedere,
517 2450 639 2504 haberes
658 2452 696 2507 de
715 2450 886 2506 necessitate
905 2451 1008 2537 subire,
1029 2462 1150 2519 patema
1174 2451 1351 2507 solicitudine
1375 2452 1510 2518 relevare,
1535 2446 1589 2507 tuis
1612 2443 1749 2517 supplica

420 2525 511 2585 barbas
524 2531 658 2595 inclinati,

442 2608 485 2674 ubi,
506 2629 553 2679 qur
577 2614 701 2670 clericali
725 2596 873 2670 dumtaxat
898 2615 993 2670 existis
1017 2626 1163 2669 caractere
1188 2614 1345 2679 insignitus,
1370 2624 1407 2677 ut,
1433 2626 1583 2680 postquam
1606 2616 1748 2678 gradatim

420 2694 550 2749 aroneis
574 2712 593 2748 a
609 2694 673 2759 jure
706 2696 883 2761 temporibus
906 2697 994 2751 fueris
1018 2697 1048 2751 in
1070 2697 1260 2762 presbiterum
1291 2697 1444 2757 ordinatus
1476 2696 1566 2760 possis
1597 2696 1670 2751 inira
1701 2715 1748 2752 an-

419 2784 465 2828 uum
480 2792 496 2830 a
513 2776 580 2833 data
601 2779 776 2844 presentium
797 2781 1027 2845 computandum
1049 2798 1067 2833 a
1087 2796 1268 2844 quocumque
1292 2779 1425 2833 malueris
1449 2779 1575 2835 antistite
1600 2779 1748 2846 catholico,

420 2855 510 2914 Μαι
530 2870 557 2913 et
578 2862 809 2916 communionem
829 2862 985 2928 apostolice
1008 2862 1092 2938 Sedis
1107 2863 1241 2928 habente,
1258 2863 1352 2918 ascitis
1370 2862 1423 2916 sibi
1438 2873 1466 2917 et
1481 2862 1511 2919 in
1526 2862 1581 2916 hoc
1596 2859 1748 2918 assistenti·

419 2933 455 2991 bus
467 2940 569 2995 duobus
587 2942 633 2995 vel
653 2942 742 2997 tribus
759 2942 822 2998 aliis
840 2943 986 2999 catholicis
1005 2943 1147 3009 episcopis
1172 2944 1295 2999 similem
1318 2944 1441 3007 gratiam
1467 2954 1494 2998 et
1519 2943 1749 2996 communionem

418 3016 566 3088 tabentibus
597 3041 700 3078 munus
730 3026 951 3082 consecrationis
982 3027 1146 3090 hujusmodi
1172 3029 1306 3092 recipere
1331 3044 1365 3080 ac
1384 3027 1552 3089 hujusmodi
1577 3024 1693 3080 antistiti
1718 3034 1749 3079 ut

419 3114 494 3159 munus
512 3105 675 3170 hujusmodi
697 3108 864 3164 auctoritate
888 3107 1044 3173 apostolica
1070 3108 1235 3175 impendere
1255 3108 1343 3162 libere
1360 3107 1411 3165 tibi
1428 3108 1524 3174 possit
1543 3106 1657 3173 plenam
1676 3116 1703 3161 et
1720 3104 1748 3159 li-

419 3179 490 3241 beram
507 3188 687 3245 concedimus
707 3199 807 3247 tenore
827 3192 1001 3258 presentium
1017 3190 1195 3248 facultatem.

443 3263 560 3325 tolumus
575 3281 672 3328 autem
686 3271 764 3338 quod
779 3272 854 3328 idem
869 3274 985 3329 antistes
999 3275 1048 3340 qui
1069 3273 1120 3331 tibi
1141 3274 1283 3340 prefatum
1301 3289 1404 3329 munus
1425 3271 1578 3337 impendet
1598 3282 1749 3336 postquam

421 3343 470 3402 llud
485 3352 530 3409 tibi
549 3353 660 3409 duxerit
681 3354 912 3422 impendendum,
933 3373 952 3411 a
970 3366 1006 3420 te,
1027 3366 1129 3412 nostro
1150 3365 1177 3409 et
1197 3355 1318 3410 ecclesie
1338 3355 1468 3411 Romane
1487 3354 1610 3417 nomine,
1630 3351 1748 3407 fidelita·

421 3425 535 3490 tbdebite
548 3438 662 3493 solitum
679 3438 795 3524 recipiat
809 3439 1001 3504 juramentum
1016 3438 1097 3505 iuxta
1125 3439 1248 3493 formam
1273 3455 1360 3504 quam
1387 3438 1438 3493 tibi
1464 3437 1517 3493 sub
1545 3437 1623 3491 bulla
1651 3447 1747 3491 nostra

375 3561 377 3584 4
422 3509 524 3571 miumm
547 3521 725 3575 interclusam
750 3539 784 3575 ac
811 3521 933 3576 lormam
952 3521 1143 3585 hujusmodi'
1134 3522 1284 3586 juramenti
1311 3521 1388 3584 quod
1408 3530 1436 3573 te
1457 3529 1584 3584 prestare
1604 3533 1669 3572 con
1660 3516 1749 3580 inget

423 3591 483 3648 nobis
494 3597 524 3653 de
538 3601 623 3655 verbo
639 3603 677 3656 ad
691 3602 818 3668 verbum,
833 3621 885 3669 per
900 3616 964 3658 tuas
980 3613 1111 3667 patentes
1135 3602 1242 3656 litteras
1265 3613 1314 3655 tuo
1338 3601 1432 3664 sigillo
1448 3600 1589 3666 signatas
1614 3615 1664 3662 per
1688 3614 1748 3660 pro

423 3671 632 3736 mauruncium
652 3687 829 3748 quamtocius
850 3683 994 3739 destinare
1013 3694 1155 3774 procuret,
1194 3683 1327 3748 quodque
1365 3692 1481 3747 propter
1510 3681 1564 3734 hoc
1592 3678 1748 3740 venerabili

376 3753 378 3828 l
424 3747 483 3808 intui
498 3771 608 3819 nostro
620 3763 861 3828 archiepiscopo
883 3761 1026 3826 Remensi‚
1049 3764 1096 3817 cui
1111 3763 1187 3816 dicta
1201 3762 1391 3816 Tornacensis
1407 3760 1527 3816 ecclesia
1541 3758 1747 3824 metropolitico

424 3828 470 3890 iure
490 3841 591 3897 subesse
616 3845 780 3910 dinoscitur
808 3846 916 3899 nullum
943 3847 1133 3912 imposterum
1164 3845 1352 3909 prejudicium
1383 3854 1543 3909 generetur.

454 3920 536 3986 Datum
556 3934 696 3987 Arinione
720 3934 812 3990 idibus
836 3935 906 4001 junii
931 3952 1006 3990 anno
1029 3946 1143 3991 octavo.

1028 4192 1101 4281 12.

472 4434 622 4502 incutis
647 4439 861 4504 acconense
886 4453 911 4504 n
936 4453 987 4505 un
1012 4440 1173 4515 susque
1199 4452 1250 4503 na
1276 4449 1490 4502 Pnononmt
1515 4427 1611 4499 n'un
1638 4447 1692 4499 nn

520 4548 560 4605 ιε
575 4542 697 4607 nsnnr
714 4544 899 4609 accontus
917 4557 1020 4608 PotJR
1038 4538 1323 4609 c’onnmnnou
1340 4552 1631 4605 sacennomna

691 4660 738 4711 aa
765 4661 817 4712 nn
841 4649 1145 4714 consacnnmou
1172 4649 1425 4711 berscopnnn.

986 4781 1024 4843 (n.
1049 4781 1139 4843 1456).

460 4934 541 5004 Blitio
558 4955 613 5013 silio
634 4957 730 5019 Helie,
752 4958 843 5011 electo
862 4957 1045 5019 'lomacensi
1067 4957 1196 5011 salutem

461 5015 544 5088 Sineete
567 5049 612 5094 tue
640 5040 800 5094 devotionis
830 5040 1008 5103 exigentibus
1035 5039 1153 5102 meritis
1186 5039 1257 5092 votis
1297 5038 1352 5091 tuis
1385 5037 1505 5090 libenter
1536 5035 1686 5089 annuimus
1719 5043 1746 5086 et

434 5098 545 5168 mimi&
562 5130 627 5188 tuas
648 5131 787 5187 quantum
808 5137 874 5174 etun
895 5122 959 5173 Deo
979 5138 1139 5185 possumus
1162 5120 1355 5173 favorabiliter
1377 5118 1549 5172 exaudimus.

463 5177 537 5250 leun
555 5203 689 5271 siquidem
711 5213 760 5262 tua
783 5201 866 5261 nobis
853 5219 979 5273 nuper
1003 5200 1130 5259 exhibita
1153 5201 1316 5260 continebat
1338 5199 1416 5270 quod
1436 5215 1488 5255 nos
1510 5196 1579 5254 olim
1601 5196 1659 5260 tibi,
1682 5206 1749 5253 tunc
