4409 6017
901 678 1058 746 Deuxieme
1079 682 1182 747 annae.
1671 694 1722 758 161

400 816 442 883 In
459 841 490 885 e.
507 841 551 886 m.
568 822 740 908 preposito
765 823 808 889 de
824 825 969 893 Plateria
994 840 1028 895 et
1052 831 1181 897 cantori
1207 830 1439 917 Lugdunensis
1464 857 1504 901 ac
1520 837 1724 905 thesaurario

355 920 584 992 Tornacensis
598 928 840 996 ecclesiarum·

388 1059 452 1123 Reg.
464 1065 514 1111 Ar.
527 1064 550 1123 8,
562 1064 580 1113 i.
592 1067 641 1113 220
652 1073 662 1094 '
673 1081 679 1122 ;
692 1065 751 1116 Vae.
763 1068 802 1127 67,
815 1068 833 1116 f.
846 1069 885 1127 83,
898 1084 923 1117 n.
935 1071 992 1118 301.

403 1229 529 1311 444.
550 1214 555 1222 ¹
1328 1349 1331 1355 Ι
1371 1275 1467 1342 1317,
1484 1282 1525 1325 22
1541 1264 1678 1327 octobre.

400 1345 585 1430 Willelmo,
601 1358 682 1416 nato
699 1352 831 1418 comitis
847 1352 1029 1436 Lossensis,
1046 1365 1080 1422 et
1106 1356 1271 1440 Ysabelle,
1295 1369 1374 1425 nate
1399 1361 1575 1449 Raynaldi,
1592 1365 1724 1431 comitis

361 1447 482 1532 Gelrie,
499 1451 696 1520 Leodiensis
711 1464 746 1519 et
762 1455 973 1524 Coloniensis
988 1459 1169 1542 diocesum,
1186 1463 1381 1530 conceditur
1401 1466 1604 1551 dispensatio
1627 1487 1725 1552 super

361 1563 479 1638 quarto
494 1557 793 1642 consanguinitatis
807 1561 910 1644 gradu
927 1562 960 1626 in
976 1564 1191 1631 matrimonio
1207 1569 1449 1650 contrahenda
1466 1569 1508 1635 ad
1523 1571 1722 1655 petitionem

360 1646 509 1740 jamdicti
526 1658 694 1745 Raynaldi
710 1663 842 1729 comitis
858 1673 893 1730 et
909 1664 1149 1752 Neapoleonis,
1167 1669 1197 1735 S.
1214 1670 1353 1736 Adriani
1378 1672 1511 1739 diaconi
1535 1674 1720 1742 cardinalis.

403 1760 776 1848 Romanipontificis...

402 1864 482 1931 Dat.
498 1866 600 1933 nnn.
622 1889 657 1934 11
675 1870 742 1940 kal.
759 1876 951 1941 novembris
966 1897 1056 1944 anno
1074 1900 1103 1944 2.

309 2031 312 2100 l
393 2003 452 2065 neg.
465 2006 515 2054 nv.
528 2008 550 2064 a,
564 2007 582 2056 r.
594 2009 652 2056 aco
663 2024 669 2066 ;
682 2009 741 2059 vn.
754 2013 791 2066 er,
804 2012 823 2060 f.
837 2014 891 2061 ree.
905 2027 930 2062 n.
940 2017 995 2063 ssa.

400 2178 522 2263 445.
1373 2234 1434 2278 11
1485 2217 1527 2280 28
1542 2217 1678 2282 octobre.

403 2295 576 2383 Episcopo
591 2298 797 2368 Tomacensi
823 2307 1001 2373 mandatur
1027 2319 1192 2393 quatenus
1214 2231 1487 2400 dispensetjcriin
1505 2318 1605 2385 Petro
1632 2320 1723 2385 dicto
1827 2354 1828 2357 ¹

362 2399 444 2464 llint
471 2411 507 2466 et
530 2401 691 2486 Elizabet,
716 2407 832 2473 relicta
856 2412 1027 2493 quondam
1056 2413 1222 2492 Johannis
1253 2417 1475 2498 Lantmetres,
1500 2423 1585 2503 laici,
1612 2423 1722 2503 vidua,

361 2501 585 2572 Tomacensis
596 2505 747 2588 diocesis,
756 2519 803 2593 ut,
813 2513 990 2599 spiritualis
1001 2520 1212 2603 cognationis
1222 2522 1464 2608 impedimento
1474 2546 1543 2590 non
1557 2528 1722 2605 obstante,

363 2608 494 2692 possint
509 2609 544 2673 in
559 2612 775 2680 matrimonio
788 2616 858 2701 jam
873 2627 1048 2688 contracto
1065 2623 1156 2690 licite
1170 2646 1353 2695 remanere.

408 2710 568 2779 Exhibita
584 2716 721 2782 nobis...

406 2815 487 2881 Dat.
504 2817 604 2884 Avin.
622 2839 639 2903 5
656 2819 722 2887 kal.
739 2826 932 2891 novembris
947 2847 1038 2893 anno
1055 2850 1084 2896 2.

393 2960 454 3021 ch.
468 2963 515 3010 Ar.
528 2962 553 3019 8,
566 2962 584 3011 f.
601 2965 641 3010 161
658 2979 663 3022 ;
677 2963 735 3013 Vnt..
748 2967 787 3018 67,
800 2967 818 3015 f.
832 2968 881 3017 43'.
893 2984 918 3017 n.
933 2972 986 3018 154.

400 3127 525 3210 446.
1355 3173 1369 3214 r
1397 3174 1413 3216 1
1483 3172 1505 3215 2
1542 3154 1678 3218 octobre.

401 3243 541 3310 Nuntiis
564 3248 755 3331 apostolicis
771 3248 804 3313 in
820 3250 969 3334 partibus
986 3250 1013 3315 F
1015 3252 1142 3317 landrie
1169 3254 1289 3319 iterum
1313 3150 1491 3320 daidigr'n
1506 3172 1563 3335 9ut,
1589 3256 1615 3320 si
1638 3256 1722 3340 regis

357 3346 500 3415 Francie
523 3356 558 3414 et
583 3349 835 3417 Flandrensium
860 3355 967 3419 nuntii
991 3355 1034 3420 ad
1055 3355 1188 3421 Curiam
1213 3358 1433 3442 apostolicam
1460 3358 1633 3439 accedant,
1658 3360 1718 3444 ipsi

356 3472 496 3537 quoque
512 3453 589 3519 illuc
605 3456 754 3521 veniant.

400 3665 420 3716 t
437 3647 626 3713 Venerabili
643 3648 733 3713 fratri
751 3647 937 3732 Raynald0‚
954 3648 1206 3734 archiepiscopo
1229 3645 1440 3725 Bituricensi,
1457 3654 1492 3709 et
1511 3643 1638 3710 dilecto
1654 3644 1723 3709 lilio

357 3751 448 3816 fratri
465 3749 668 3834 Berengario
694 3752 736 3817 de
764 3735 947 3833 Landorra,
974 3752 1017 3817 de
1044 3751 1160 3816 ordine
1177 3751 1314 3816 fratrum
1331 3748 1592 3828 Predicatorum,
1620 3746 1722 3811 Com-

356 3856 549 3941 postellauo
572 3857 692 3936 electo,
708 3856 830 3920 nostris
846 3864 880 3921 et
906 3856 1090 3941 apostolice
1108 3855 1202 3920 Sedis
1227 3853 1363 3919 nuntiis.
1381 3852 1606 3917 Presentate‘¹
1625 3850 1722 3916 nobis
1740 3906 1747 3919 .

357 3969 470 4024 vestre
486 3958 618 4023 noviter
634 3959 745 4024 littere
760 3968 854 4043 grate
871 3959 1027 4024 nimirum
1043 3959 1166 4023 nostris
1181 3958 1349 4023 advenere
1372 3956 1618 4040 conspectibus
1635 3974 1721 4018 nun·

358 4065 483 4128 tiantes
508 4063 651 4147 qualiter
667 4062 740 4128 Rex
767 4065 821 4128 ille
849 4064 1015 4149 pacificus,
1033 4064 1087 4148 qui
1110 4063 1211 4128 corda
1226 4062 1382 4127 seditiosa
1410 4081 1478 4125 non
1505 4060 1632 4139 incolit,
1664 4058 1722 4123 sed

356 4177 520 4252 tanquam
536 4167 619 4252 lapis
635 4168 799 4251 angularis
814 4168 848 4232 in
866 4189 967 4231 unum
985 4176 1125 4252 utraque
1141 4167 1245 4232 divisa
1261 4164 1446 4245 connectit,
1462 4162 1508 4229 sic
1525 4163 1557 4227 in
1574 4162 1723 4248 partibus

358 4272 420 4336 illis
436 4271 560 4336 infudit
574 4271 806 4337 dissidentium
834 4272 990 4337 cordibus
1013 4273 1165 4357 spiritum
1190 4270 1359 4355 cogitandi
1384 4289 1449 4354 que
1476 4275 1568 4333 recta
1593 4275 1723 4332 suntet

359 4376 478 4440 eadem
495 4374 647 4455 faciendi,
658 4375 748 4458 quod
761 4396 800 4440 ea
812 4396 877 4458 que
894 4396 1013 4461 pacem
1024 4376 1157 4461 sapiunt
1174 4383 1208 4440 et
1221 4375 1429 4440 conveniunt
1441 4371 1571 4452 unitati,
1588 4370 1722 4436 sinceris

360 4478 535 4543 affectibus
551 4477 708 4543 videntur
723 4478 880 4564 amplecti
895 4501 903 4557 ;
930 4478 1019 4543 unde
1036 4480 1068 4543 in
1087 4480 1198 4545 locum
1215 4478 1465 4542 imminentium
1488 4474 1721 4541 scandalorum

360 4591 511 4667 speratur
534 4581 545 4616 ⁶
568 4603 633 4667 pax
658 4582 847 4647 desiderata
874 4602 1074 4667 consurgere
1098 4591 1133 4647 et
1156 4583 1258 4667 plene
1280 4580 1531 4664 tranquillitatis
1558 4577 1722 4643 amenitas

361 4685 513 4764 arridere,
530 4686 573 4750 de
594 4707 661 4770 quo
688 4685 870 4768 gaudemus
894 4694 928 4751 et
953 4688 1141 4750 exultamus
1166 4687 1199 4749 in
1230 4685 1388 4764 DonrinO,
1411 4704 1450 4749 ac
1475 4683 1616 4748 devotas
1645 4680 1721 4744 inde

363 4789 480 4871 gratias
497 4790 625 4874 agimus
641 4791 670 4854 ei
689 4789 743 4874 qui
761 4791 841 4854 mari
860 4791 971 4875 posuit
987 4790 1178 4869 terminum,
1194 4792 1280 4853 ultra
1296 4808 1396 4873 quem
1414 4787 1636 4852 intumescere
1652 4805 1720 4848 non

364 4892 505 4958 audeant
529 4892 650 4959 fluctus
673 4894 752 4979 ejus,
776 4894 862 4958 illius
887 4893 1171 4978 omnipotentiam
1196 4893 1388 4978 suppliciter
1410 4891 1640 4976 implorantes,
1666 4888 1721 4971 qui

395 5116 418 5149 o.
430 5109 535 5164 pensate
547 5120 597 5168 req.
610 5107 664 5154 110.
678 5134 709 5140 —
722 5106 743 5155 h.
756 5114 875 5170 alteratur
888 5123 996 5170 tractuque
1008 5124 1057 5170 rep.
1073 5109 1128 5155 109.

416 5219 517 5263 Analecta
529 5220 725 5275 vatimnobelgica.
739 5225 769 5265 ll.
