4409 6017
493 710 552 776 202
1028 714 1186 780 Deuxieme
1207 717 1309 782 annea

537 862 736 927 Litterarum
753 861 932 926 scientia...

538 965 616 1031 Dat.
632 966 732 1031 Avin.
751 987 767 1029 2
786 964 852 1030 kal.
870 965 981 1050 aprilis
996 986 1087 1031 anno
1105 987 1133 1031 2.

542 1068 581 1132 ln
598 1091 627 1134 e.
644 1091 689 1134 m.
706 1070 819 1134 abbati
844 1070 1036 1134 monasterii
1054 1070 1085 1135 S.
1101 1071 1242 1135 Auberti
1268 1079 1303 1137 et
1318 1072 1448 1138 decano
1464 1073 1495 1137 S.
1512 1072 1690 1159 Gaugerici
1707 1074 1844 1140 Camera-

496 1173 604 1238 censis
620 1193 659 1238 ac
675 1172 847 1259 preposito
863 1171 1078 1254 Nivellensis,
1096 1172 1293 1240 Leodiensis
1310 1174 1462 1255 diocesis,
1479 1176 1706 1242 ecclesiarum.

529 1312 588 1368 lli-g.
601 1314 648 1358 nv.
660 1313 682 1366 8,
695 1312 713 1358 i.
726 1313 801 1358 loll:
816 1311 873 1357 Vnt.
886 1313 925 1362 67.
938 1312 955 1357 f.
968 1314 1034 1368 269',
1047 1327 1072 1360 n.
1085 1314 1140 1360 910.

539 1494 653 1578 526.
1531 1515 1628 1593 1318,
1641 1533 1686 1596 31
1711 1535 1807 1578 nicam.

542 1612 756 1697 Indulgentia
771 1633 832 1698 pro
857 1612 1069 1677 visitantibus
1092 1614 1304 1699 collegiatam
1329 1615 1505 1680 ecclesiam
1521 1615 1555 1680 in
1571 1616 1649 1682 loco
1664 1616 1758 1683 dicto
1772 1614 1846 1681 hlid-

497 1717 645 1802 ‹lelburg
662 1715 886 1800 Traiectensis
901 1715 1053 1796 diocesis,
1070 1717 1104 1780 in
1121 1717 1284 1782 honorem
1300 1716 1338 1782 B.
1356 1717 1445 1782 Petri
1462 1719 1606 1803 apostoli
1630 1740 1650 1785 a
1670 1718 1847 1789 Guillelmq

501 1821 626 1886 comite
655 1819 847 1900 Hannonie,
864 1828 1089 1884 constructam
1118 1828 1152 1884 et
1175 1820 1339 1901 dotatam,
1355 1829 1391 1885 et
1412 1820 1455 1886 ad
1471 1820 1628 1887 fabricam
1645 1823 1790 1908 ejusdem
1804 1840 1848 1886 ec·
1899 1842 1901 1865 ¹

497 1924 597 1989 clesie
613 1943 731 1987 manus
746 1922 990 2008 porrigentibus
1005 1923 1163 1988 caritatis.

542 2027 638 2093 Licet
654 2026 680 2091 is
695 2026 778 2091 de...

543 2131 620 2196 Dat.
636 2130 736 2194 Avin.
755 2152 772 2194 2
789 2130 855 2196 kal.
872 2130 983 2215 aprilis
999 2151 1088 2196 anno
1107 2152 1135 2196 2.

531 2270 589 2326 rag.
599 2271 644 2316 av.
657 2271 679 2322 n,
691 2270 707 2316 r.
723 2271 768 2315 reo
777 2285 783 2322 ;
793 2269 850 2316 vat.
863 2271 900 2326 ua
913 2269 929 2316 r.
944 2272 982 2327 ra,
995 2283 1020 2316 ιι.
1035 2271 1105 2316 1242.

545 2449 656 2532 527.
1536 2464 1631 2544 1318,
1643 2482 1691 2544 31
1716 2484 1816 2527 rrrars.

547 2566 694 2643 Johanni
712 2565 754 2630 ‹le
773 2565 936 2642 Flandrie,
950 2565 1065 2630 comiti
1083 2563 1316 2643 Namurcensi‚
1338 2564 1555 2630 confirmatur
1569 2565 1710 2630 donatio
1726 2583 1851 2649 quorun·

501 2672 577 2735 <lam
596 2674 759 2734 bonorum
776 2690 835 2754 per
862 2668 1031 2752 quondam
1058 2668 1259 2748 Guidonem,
1277 2668 1436 2732 comitem
1462 2666 1627 2747 Flandrie,
1643 2676 1773 2754 patrem
1788 2669 1853 2752 ejus,

500 2795 590 2839 anno
611 2777 690 2837 1286
708 2787 756 2854 (a.
773 2775 816 2857 a)
834 2773 932 2837 lacta.

548 2940 718 3004 «Dilecto
743 2938 813 3002 filio
839 2938 942 3003 nobili
970 2937 1042 3002 viro
1066 2935 1212 3013 Johanni
1241 2936 1283 3001 de
1312 2936 1478 3016 Flandria,
1495 2935 1609 3002 comiti
1634 2934 1856 3013 Namurcensi,

505 3041 701 3107 Leodiensis
725 3040 877 3105 diocesis.
903 3039 1007 3117 Justis
1033 3040 1223 3125 petentium
1248 3039 1420 3104 desideriis
1451 3040 1543 3124 pium
1570 3049 1621 3105 est
1647 3060 1711 3106 nos
1737 3040 1858 3107 facilem

507 3148 665 3213 exhibere
692 3164 903 3223 consensum,
931 3151 965 3208 et
990 3151 1071 3208 vota
1097 3163 1161 3227 que
1191 3164 1212 3207 a
1241 3143 1381 3208 rationis
1411 3144 1547 3208 tramite
1576 3165 1646 3209 non
1678 3144 1859 3210 discordant

506 3253 629 3319 effectu
645 3259 868 3338 prosequente
885 3252 1066 3335 complere.
1082 3248 1241 3314 Exhibita
1257 3250 1420 3334 siquidem
1436 3250 1533 3315 nobis
1549 3258 1606 3314 tua
1628 3248 1751 3335 petitio
1766 3246 1862 3314 conti-

503 3360 615 3437 nebat,
632 3356 722 3441 quod
749 3355 873 3420 dudum
901 3357 989 3418 bone
1015 3354 1177 3418 memorie
1203 3352 1323 3434 Guido,
1341 3374 1455 3419 comes
1483 3352 1650 3431 Flandrie,
1667 3359 1764 3438 pater
1786 3360 1863 3424 tuus,

503 3462 619 3526 volens
644 3460 703 3524 tibi
731 3459 773 3523 de
800 3457 895 3521 terris
922 3457 998 3536 suis,
1016 3457 1103 3521 unde
1128 3457 1223 3541 juxta
1251 3465 1357 3521 status
1382 3457 1430 3521 tui
1455 3456 1658 3532 decentiam,
1674 3456 1790 3540 tuique
1815 3450 1863 3516 lilii

503 3573 538 3628 et
562 3563 710 3643 heredes,
736 3562 879 3647 possetis
905 3561 1009 3625 vitam
1045 3560 1166 3625 ducere
1201 3569 1442 3644 congruentem
1477 3560 1604 3643 tibique
1635 3560 1668 3623 in
1703 3559 1775 3624 rita
1805 3577 1866 3634 sua,

505 3688 565 3751 pro
587 3689 628 3730 eo
651 3666 740 3748 quod
760 3664 999 3749 primogenitus
1024 3665 1094 3747 ejus
1119 3684 1187 3727 non
1216 3684 1298 3743 eras,
1320 3664 1541 3728 hereditatem
1568 3663 1773 3728 constituere
1790 3662 1869 3724 inter

504 3770 607 3847 rivos,
634 3778 775 3854 paterno
799 3768 921 3832 affectu
947 3788 1024 3851 erga
1051 3776 1085 3830 te
1111 3768 1240 3843 ductus
1269 3768 1428 3850 quasdam
1456 3777 1560 3831 terras
1588 3775 1620 3830 ct
1646 3768 1719 3831 loca
1746 3765 1869 3829 inferius

503 3873 688 3955 designata,
713 3874 772 3936 sub
808 3872 964 3952 homagio
990 3872 1068 3952 ligio
1102 3893 1161 3935 seu
1189 3871 1310 3936 feudali
1345 3872 1428 3955 jure,
1456 3871 1516 3935 tibi
1542 3878 1576 3934 et
1609 3869 1788 3934 heredibus
1811 3866 1871 3932 tuis

503 3977 643 4042 duxerat
668 3976 912 4060 imperpetuum
940 3974 1156 4039 concedenda
1182 3974 1309 4059 tibique
1337 3982 1372 4038 et
1397 3974 1494 4040 dictis
1518 3972 1695 4038 heredibus
1724 3973 1817 4038 dedit
1840 3978 1871 4034 et

505 4080 669 4145 concessit
693 4080 724 4143 in
756 4079 854 4144 dictis
874 4078 969 4142 terris
990 4088 1024 4142 et
1044 4079 1128 4142 locis
1153 4078 1289 4162 singulis
1311 4077 1458 4164 justitias
1480 4080 1564 4142 altas
1591 4084 1626 4142 et
1648 4079 1773 4157 bassas,
1797 4094 1873 4160 quas

506 4182 593 4246 idem
619 4195 714 4266 pater
739 4191 815 4246 tuus
846 4192 879 4245 ct
905 4182 1046 4245 comites
1073 4180 1230 4245 Flandrie
1258 4184 1299 4244 ab
1324 4181 1403 4245 olim
1431 4180 1635 4263 habuissent,
1665 4181 1813 4246 habeant
1842 4188 1875 4242 et

507 4286 629 4349 habere
654 4292 790 4369 possent
822 4286 854 4347 in
883 4286 978 4349 terris
1011 4295 1044 4349 et
1069 4286 1151 4349 locis
1182 4284 1351 4370 predictis,
1369 4283 1454 4350 adeo
1486 4285 1601 4349 franco
1631 4284 1735 4350 modo
1760 4292 1795 4349 et
1819 4282 1875 4348 tali

507 4389 653 4452 manerio
681 4388 766 4471 quali
807 4388 915 4453 dictus
952 4410 1066 4453 comes
1104 4397 1203 4460 antea
1229 4389 1299 4473 ipsa
1323 4397 1478 4452 tenuerat
1511 4398 1545 4451 et
1568 4399 1710 4467 teneret,
1738 4389 1765 4455 si
1792 4397 1878 4452 terre

507 4503 542 4556 et
572 4492 646 4557 loca
672 4493 823 4576 predicta
847 4492 879 4555 in
911 4514 969 4557 sua
999 4492 1228 4576 heredumque
1254 4513 1387 4556 suorum
1420 4492 1584 4557 comitum
1621 4491 1779 4559 Flandrie
1809 4512 1878 4555 ma-

507 4596 604 4659 nibus
631 4595 895 4674 remansissent;
919 4604 995 4680 post
1022 4616 1123 4680 quam
1155 4594 1407 4661 concessionem
1433 4597 1543 4660 dictus
1570 4617 1685 4661 comes
1710 4594 1876 4664 Flandrie.

508 4707 603 4783 pater
619 4707 705 4775 tuus,
722 4706 756 4762 te
774 4700 806 4761 in
824 4700 1032 4783 corporalem
1050 4699 1298 4785 possessionem
1316 4699 1479 4763 dictarum
1497 4707 1657 4764 terrarum
1675 4707 1709 4763 et
1726 4701 1875 4763 locorum

509 4802 588 4866 t'ecit
605 4801 715 4866 induci
732 4812 836 4885 tuque
864 4810 997 4883 extunc,
1010 4804 1107 4887 juxta
1133 4803 1388 4867 concessionem
1412 4802 1614 4887 hujusmodi,
1632 4813 1736 4867 terras
1752 4812 1785 4865 et
1802 4803 1878 4866 loca

509 4905 661 4993 predicta
679 4905 813 4969 tenuisti
832 4928 935 4990 usque
960 4907 1002 4972 ad
1025 4907 1157 4971 modica
1185 4917 1339 4992 tempora
1363 4907 1521 4993 preterita
1546 4905 1685 4991 pacifice
1701 4914 1736 4970 et
1752 4906 1879 4989 quiete,

511 5011 595 5075 altas
611 5021 645 5073 et
661 5012 773 5074 bassas
791 5008 821 5072 in
839 5010 886 5072 eis
907 5010 1053 5093 justitias
1069 5010 1258 5075 exercendo
1272 5033 1280 5089 ;
1305 5031 1344 5075 ac
1360 5010 1481 5074 nobilis
1504 5010 1552 5073 vir
1568 5008 1746 5088 Robertus,
1762 5024 1881 5072 comes

514 5112 853 5196 Flandrie,ejusde111
885 5113 1049 5178 Guidonis
1073 5114 1324 5199 primogenitus,
1342 5114 1441 5177 frater
1475 5120 1561 5192 tuuS,
1577 5112 1633 5199 qui
1667 5104 1882 5177 concessioni
