4409 6017
418 721 479 791 206
959 714 1238 798 Douxibmesannte.

418 871 524 938 laudis
539 869 635 936 effert
651 869 817 953 condigne
843 868 1010 954 preconiis
1025 889 1089 934 nec
1104 867 1227 934 desinit
1249 870 1323 934 illos
1339 868 1449 954 clipeo
1464 866 1667 932 defensionis
1684 888 1725 952 op

420 986 499 1041 tune
526 984 702 1060 protegere
729 974 846 1056 quibus
873 993 934 1057 pro
961 972 1121 1058 religione
1149 972 1226 1038 fidei
1251 973 1329 1039 date
1360 993 1419 1038 seu
1438 972 1620 1057 juramenti
1651 992 1725 1057 pres

420 1080 652 1145 iuviolabiliter
674 1077 883 1143 observanda
908 1078 1108 1163 temporalia
1134 1077 1294 1162 prospicit
1318 1077 1464 1162 pericula
1489 1075 1674 1141 imminere.
1697 1075 1727 1140 Sa

420 1184 531 1250 dilecti
564 1184 620 1247 filii
651 1183 771 1247 nobilis
801 1181 861 1244 viri
891 1179 1056 1257 Jolrannis
1089 1180 1132 1244 de
1160 1178 1326 1261 Flandria,
1365 1179 1496 1245 comitis
1532 1177 1725 1243 Namurcen

421 1286 616 1352 Leodiensis
643 1284 810 1371 dyocesis,
837 1283 946 1349 fratris
971 1284 1031 1364 tui,
1059 1284 1172 1348 oblata
1198 1284 1295 1348 nobis
1324 1283 1444 1369 petitio
1476 1284 1674 1349 continebat
1695 1305 1727 1368 qr

420 1390 545 1455 dudum
562 1391 633 1475 ipse
649 1410 766 1475 pacem
784 1389 871 1454 inter
896 1390 984 1454 clare
1000 1388 1161 1452 memorie
1179 1388 1381 1473 Philippum,
1397 1408 1510 1472 regem
1530 1386 1683 1467 Francie,
1699 1399 1727 1452 et

420 1494 656 1560 concordatum
673 1502 708 1558 et
724 1514 783 1579 per
799 1493 903 1558 felicis
918 1492 1160 1558 recordationis
1183 1491 1395 1557 Clementem
1410 1512 1531 1577 papam
1550 1490 1589 1572 V,
1610 1492 1727 1577 prede(

420 1619 528 1663 sorem
555 1606 717 1678 nostrum,
743 1597 942 1662 auctoritate
972 1596 1157 1681 apostoliea
1182 1596 1414 1661 confirmatam
1442 1594 1606 1679 variisque
1630 1596 1726 1681 penis

420 1703 595 1768 sententiis
619 1704 820 1782 roboratam,
848 1721 1032 1784 omnesque
1057 1708 1091 1764 et
1117 1699 1264 1783 singulos
1291 1700 1447 1765 articulos
1471 1706 1653 1764 contentos
1677 1701 1711 1764 in

420 1807 463 1872 ad
479 1806 730 1891 requisitionem
758 1814 792 1870 et
817 1804 1011 1870 instantiam
1037 1814 1140 1883 tuam,
1153 1803 1277 1887 juravit
1302 1811 1416 1867 tenere
1440 1802 1578 1869 firmiter
1593 1813 1628 1869 et
1645 1825 1727 1869 serva

420 1933 520 1996 seque
543 1931 580 1975 ac
600 1910 739 1974 heredes
756 1915 789 1973 et
805 1916 958 1993 posteros
974 1927 1051 1972 suos
1061 1910 1120 1971 sub
1132 1907 1288 1990 gravibus
1302 1907 1397 1993 penis
1407 1907 1449 1972 ad
1462 1906 1611 1990 ejusdem
1624 1909 1717 1993 pacis

421 2013 622 2080 servantiam
650 2012 821 2097 obligavit,
846 2012 1003 2097 quodque
1036 2011 1264 2097 postmodum,
1292 2011 1460 2076 intentore
1487 2013 1663 2092 malorum,
1689 2013 1727 2077 h<

421 2118 557 2183 humani
593 2116 734 2201 generis,
768 2123 978 2202 procurante,
1012 2116 1098 2180 inter
1127 2135 1239 2199 regem
1272 2115 1458 2201 predictum
1486 2125 1521 2181 et
1550 2124 1586 2181 te
1620 2118 1727 2183 discor

421 2222 591 2301 suscitata,
619 2220 707 2285 idem
738 2219 921 2300 Johannes,
947 2219 1167 2304 requisitusa
1202 2239 1279 2304 rege
1314 2219 1444 2305 prelato
1469 2229 1516 2303 ut,
1535 2222 1633 2306 juxta
1659 2221 1727 2287 dict

421 2325 648 2408 juramentum
667 2344 727 2409 per
747 2345 823 2389 eum
844 2322 1030 2409 prestitum,
1038 2343 1157 2408 pacem
1180 2322 1369 2407 hujusmodi
1391 2327 1581 2390 observaret
1605 2334 1641 2390 et
1664 2325 1727 2391 sacr

423 2427 601 2508 observari,
618 2430 736 2492 nolens
762 2436 892 2492 reatum
917 2427 1049 2513 perjurii
1069 2448 1132 2493 nec
1155 2447 1260 2513 penas
1284 2448 1323 2493 ac
1346 2428 1529 2493 sententias
1552 2428 1584 2493 in
1609 2429 1727 2494 violat(

423 2532 514 2617 pacis
556 2532 745 2616 hujusmodi
779 2552 838 2616 per
871 2531 999 2596 dictum
1033 2531 1301 2616 predecessorem
1335 2533 1481 2617 prolatas
1516 2533 1695 2614 incurrere,

424 2636 639 2720 acquiescens
670 2636 702 2699 in
733 2636 796 2700 hac
826 2643 921 2720 parte
963 2635 1233 2719 requisitionibus
1269 2636 1350 2701 dicti
1389 2638 1484 2721 regiS,
1516 2636 1577 2701 tibi
1607 2637 1640 2701 in
1678 2637 1727 2721 hu·

422 2739 513 2804 modi
540 2760 657 2823 guerra
681 2748 797 2804 contra
823 2738 950 2803 dictum
978 2759 1090 2822 regem
1119 2759 1186 2803 non
1211 2739 1328 2819 astitit,
1344 2740 1412 2819 sed,
1430 2748 1590 2823 quantum
1608 2741 1641 2803 in
1658 2742 1727 2805 eol

420 2864 538 2928 pacem
567 2851 599 2907 et
621 2843 848 2926 juramentum
879 2841 1068 2926 hujusmodi
1096 2842 1331 2906 inviolabiliter
1356 2844 1556 2923 observavit,
1582 2864 1727 2927 quamqu

425 2946 513 3011 idem
542 2945 770 3026 Jolrannes,in
795 2945 949 3010 omnibus
973 2966 1038 3029 que
1062 2946 1280 3010 violationem
1305 2947 1396 3030 pacis
1420 2954 1455 3011 et
1474 2947 1654 3031 juramenti
1679 2948 1727 3031 hu

425 3050 516 3114 modi
533 3071 602 3114 non
627 3050 837 3135 contingunt,
853 3056 987 3133 paratus
1011 3048 1109 3113 suerit
1125 3056 1159 3113 et
1186 3049 1306 3115 existat
1322 3050 1392 3129 tibi,
1409 3058 1569 3134 tanquam
1593 3050 1699 3115 homo
1714 3059 1727 3115 t

425 3153 521 3237 ligius
537 3161 571 3217 et
588 3154 736 3234 feudalis,
753 3154 877 3218 devote
892 3152 1077 3232 intendere,
1094 3162 1131 3217 ut
1147 3160 1290 3234 tenetur,
1308 3162 1342 3218 et
1358 3153 1500 3218 fideliter
1516 3154 1727 3219 obedirel'er

424 3266 461 3320 tu
478 3265 614 3342 propter
629 3257 694 3322 hoc
711 3256 969 3322 contradictum
996 3255 1197 3337 Jolrannem,
1214 3257 1347 3322 fratrem
1371 3266 1476 3338 tuum,
1492 3267 1685 3323 commotus
1700 3259 1727 3321 ir

425 3361 495 3425 bite
516 3361 660 3444 graviter
682 3361 821 3426 extitisti
846 3369 880 3424 et
903 3359 1006 3425 etiam
1030 3362 1258 3442 conturbatus,
1271 3383 1339 3426 non
1363 3362 1543 3427 attendens
1563 3371 1727 3445 quantam

425 3465 524 3529 lamie
541 3466 650 3528 labem
667 3472 895 3548 quantumque
911 3464 1043 3549 proprie
1059 3465 1173 3528 salutis
1198 3465 1407 3549 dispendium
1423 3474 1457 3529 et
1481 3466 1591 3530 anime
1606 3467 1727 3552 pericul

425 3568 624 3648 incurrisset,
642 3568 677 3648 si,
695 3578 754 3632 tuo
780 3568 811 3631 in
838 3568 927 3632 dicta
953 3588 1068 3650 guerra
1094 3567 1238 3632 favendo
1261 3569 1445 3653 proposito,
1462 3591 1497 3633 se
1522 3569 1671 3654 ejusdem
1697 3592 1727 3635 re

425 3671 556 3756 perjurii
574 3692 613 3735 ac
629 3670 787 3755 predictis
802 3671 898 3755 penis
913 3679 948 3736 et
964 3671 1139 3736 sententiis
1154 3672 1412 3757 dampnabiliter
1428 3673 1633 3738 involvisset.
1652 3673 1727 3760 Pro]

424 3774 514 3859 quod
538 3774 647 3839 dictus
670 3772 843 3850 Joharmes
868 3775 964 3840 nobis
979 3775 1150 3839 humiliter
1175 3776 1383 3860 supplicavit,
1400 3797 1453 3856 ne,
1470 3776 1495 3841 si
1520 3775 1691 3863 deinceps,
1702 3801 1727 3863 q

425 3878 522 3957 absit,
547 3898 642 3942 casus
667 3878 790 3942 similes
815 3877 983 3943 movendo
1007 3900 1123 3962 guerre
1151 3879 1372 3964 interregem
1399 3879 1550 3961 Franeie,
1574 3881 1630 3964 qui
1655 3892 1707 3947 est

426 3991 588 4067 tempore,
606 3990 640 4044 et
668 3990 701 4045 te
728 3982 884 4047 eveniant
911 3981 1104 4067 dictumque
1129 3981 1331 4063 Joharmem,
1354 3984 1508 4068 utrinque
1535 3984 1622 4049 inter
1645 3986 1727 4071 peri<

427 4084 658 4164 constitutum,
676 4085 765 4168 qnod
781 4086 885 4149 tutius
902 4095 953 4149 est
969 4106 1029 4170 pro
1045 4086 1156 4150 anime
1173 4108 1230 4150 sue
1246 4088 1399 4172 profectu
1420 4088 1594 4172 contingat
1616 4090 1727 4174 eliger<

425 4194 519 4250 tuam
535 4195 672 4272 propter
688 4188 752 4253 hoc
780 4188 1042 4272 indignationem
1060 4189 1236 4269 incurrere,
1254 4191 1285 4253 in
1314 4193 1411 4255 rebus
1427 4191 1666 4277 temporalibus
1683 4196 1727 4258 sul

425 4290 531 4375 possit
548 4290 696 4355 indebita
712 4291 923 4366 detrimenta,
940 4293 1116 4377 providere
1132 4293 1192 4357 sibi
1209 4315 1307 4379 super·
1323 4295 1387 4359 hoe
1402 4296 1444 4360 de
1460 4305 1628 4380 oportuno
1642 4318 1727 4361 reme

427 4394 647 4477 dignaremur.
674 4393 729 4458 Ne
755 4396 853 4477 igitur
878 4396 966 4460 unde
994 4397 1141 4481 prelatus
1169 4398 1290 4461 nobilis
1314 4399 1402 4482 apud
1430 4400 1539 4463 Deum
1565 4400 1727 4465 retributir

425 4507 540 4561 eterne
568 4498 730 4582 premium
758 4508 792 4562 et
811 4500 899 4583 apud
924 4500 1079 4564 homines
1102 4502 1259 4585 preconia
1283 4502 1389 4566 laudis
1410 4503 1576 4586 condigne
1599 4524 1727 4588 promer

426 4599 514 4680 inde,
531 4601 621 4684 quod
648 4601 744 4681 absit,
763 4602 945 4666 indebitam
969 4603 1114 4687 perferat
1138 4604 1311 4685 lesionem,
1329 4606 1528 4670 auctoritate
1553 4609 1727 4692 apostolic·

425 4703 594 4788 premissis
617 4704 740 4769 veritas
768 4704 974 4790 suffragatur,
999 4714 1116 4771 tenore
1143 4708 1347 4793 presentium
1375 4708 1584 4775 declaramus
1609 4719 1644 4774 et
1669 4712 1713 4776 ad

425 4806 535 4871 titiam
551 4814 644 4871 tuam
660 4808 855 4873 deducimus
871 4810 959 4892 quod
978 4809 1066 4873 idem
1082 4812 1203 4876 nobilis
1220 4812 1428 4876 laudabiliter
1438 4814 1505 4898 egit
1521 4835 1589 4878 non
1606 4816 1724 4880 assiste

346 4993 349 4999 Ι
426 4909 567 4975 indicta
589 4930 706 4995 guerra
733 4912 805 4992 tibi,
823 4912 882 4978 sed
904 4912 1031 4977 dictam
1054 4935 1184 5000 pacem,
1201 4937 1259 5000 per
1282 4916 1408 4981 dictam
1432 4917 1552 4982 Sedem
1570 4919 1727 5002 apostoli<

426 5013 658 5079 confirmatam
685 5015 904 5099 gravibusque
929 5017 1024 5101 penis
1054 5019 1295 5102 sententiisque
1320 5021 1490 5101 vallatam,
1508 5029 1542 5085 et
1564 5022 1728 5104 jurament

425 5136 486 5203 per
502 5138 579 5182 eum
595 5138 693 5204 super
708 5117 774 5184 hoc
789 5119 975 5204 prestitum,
991 5119 1227 5187 inviolabiliter
1241 5126 1463 5204 observando
1471 5134 1505 5189 et
1521 5134 1687 5208 quantum
1703 5127 1727 5191 ir
