4409 6017
419 642 479 707 552
948 638 1105 707 leuutme
1125 642 1227 706 annae.

417 793 531 858 oblata
541 792 638 859 nobis
653 802 711 859 tua
726 794 847 880 petitio
864 792 1070 875 continebat,
1081 792 1254 860 scolastria
1265 793 1410 860 ecclesie
1426 795 1626 880 Aquensis,
1638 795 1765 864 Leodier

418 896 463 962 sis
474 895 625 977 diocesis,
635 918 694 981 per
706 898 835 963 obitum
846 896 1016 982 quondam
1027 896 1175 982 magistri
1187 895 1342 962 Cristiani
1355 897 1400 964 de
1418 897 1533 965 Porta
1547 898 1668 986 Regis,
1682 902 1765 967 scolis

417 999 475 1064 tici
511 1000 660 1083 ejusdem
693 1000 844 1082 ecclesie,
873 1001 905 1064 in
932 1000 996 1066 illis
1023 1001 1172 1086 partibus
1198 999 1405 1084 decedentis
1443 1011 1622 1086 vacante,
1648 1003 1692 1070 de
1710 1005 1767 1072 dio
1812 1020 1827 1080 t*

418 1103 590 1169 scolastria
605 1105 774 1189 quondam
791 1104 940 1182 Johanni
954 1104 1099 1169 Renardi
1116 1103 1209 1170 dicto
1227 1102 1319 1186 Hon,
1333 1105 1512 1173 canonico
1523 1107 1684 1193 ejusdem
1697 1109 1769 1176 eoclt·
1815 1121 1827 1184 t

418 1206 475 1286 sie,
486 1205 547 1272 suit
563 1208 748 1274 litterarum
761 1218 948 1276 nostrarum
964 1208 1167 1274 auctoritate
1183 1207 1364 1294 provisum.
1381 1208 1519 1276 Verum
1534 1209 1771 1279 Christiantsde
1818 1245 1827 1287 e

420 1311 601 1392 Stumbele,
619 1313 757 1379 clericus
784 1312 996 1378 Coloniensis
1019 1311 1172 1392 diocesis,
1197 1312 1403 1398 pretendens
1427 1313 1495 1380 sibi
1520 1334 1590 1401 per
1616 1314 1773 1384 Henrictn
1821 1349 1827 1397 t

421 1414 462 1479 de
478 1415 645 1501 Spanhen,
661 1417 717 1501 qui
741 1438 801 1504 per
816 1416 1006 1504 potentiam
1028 1417 1213 1482 secularem
1229 1436 1264 1481 se
1281 1415 1468 1483 intruserat
1483 1418 1524 1483 in
1555 1420 1775 1507 preposituram
1821 1396 1827 1412 k

421 1519 559 1584 ecclesie
582 1530 778 1602 memorate,
794 1522 837 1587 de
863 1521 953 1587 dicta
973 1519 1156 1600 scolastria,
1184 1539 1285 1604 quam
1308 1520 1352 1586 ad
1382 1521 1623 1589 collationem
1648 1523 1775 1611 preposii

421 1622 568 1706 ejusdem
584 1624 725 1690 ecclesie
748 1625 916 1711 pertinere
931 1623 1077 1704 dicebat,
1102 1623 1203 1689 fuisse
1226 1623 1408 1709 provisum,
1422 1625 1694 1710 possessionem
1714 1626 1777 1692 dio
1798 1633 1803 1648 '

421 1727 593 1792 scolastrie
609 1728 685 1794 talis
708 1728 907 1814 provisionis
927 1735 1083 1813 pretextu
1098 1735 1217 1793 contra
1228 1727 1393 1812 justitiam
1410 1730 1612 1816 occupavit
1627 1739 1666 1797 et
1678 1731 1779 1797 detinet

422 1839 633 1915 occupatam,
649 1853 688 1898 ac
698 1832 935 1898 nichilominus
950 1851 970 1896 a
985 1830 1166 1897 collatione
1179 1831 1268 1896 facta
1282 1830 1375 1896 dicto
1390 1830 1410 1909 J
1414 1830 1553 1898 ohanni
1571 1834 1620 1900 de
1636 1832 1780 1901 scolasttit

420 1933 570 2019 predicta
593 1944 628 2001 et
652 1936 725 2001 aliis
748 1935 959 2022 processibus
981 1934 1181 2001 auctoritate
1205 1933 1369 2000 dictarum
1385 1935 1592 2002 litterarum
1605 1936 1781 2025 ,habitisad

421 2036 541 2103 Sedem
557 2039 778 2124 apostolicam
795 2038 978 2124 appellavit
994 2045 1029 2102 et
1052 2058 1151 2123 super
1166 2036 1356 2122 hujusmodi
1372 2039 1622 2123 appellatione
1644 2041 1782 2108 dilectum

423 2140 527 2206 filium
542 2143 738 2227 magistrum
756 2142 945 2227 Guigonem
968 2141 1010 2207 de
1026 2141 1151 2206 Sancto
1175 2139 1354 2222 Germano
1370 2141 1666 2210 archidiaconum
1683 2143 1784 2210 Benas

423 2264 558 2310 censem
591 2245 623 2310 in
663 2246 804 2312 ecclesia
840 2244 1011 2324 Ilerdensi,
1043 2246 1256 2330 capellanum
1289 2253 1442 2310 nostrum
1469 2248 1662 2334 nostrique
1691 2247 1786 2336 palatii

422 2347 608 2413 auditorem
636 2370 819 2429 causamm,
843 2349 1035 2433 impetravit
1059 2349 1248 2435 specialiter
1263 2348 1464 2431 auditorem,
1483 2370 1610 2417 coram
1636 2375 1706 2439 quo
1726 2371 1787 2419 cum

422 2450 508 2516 inter
531 2450 722 2528 Johaunem
750 2467 785 2517 et
808 2452 1009 2517 cristianum
1040 2451 1188 2538 prefatos
1216 2452 1331 2517 luisset
1363 2472 1464 2537 super
1495 2453 1597 2521 dicta
1630 2455 1788 2524 scolastria

422 2555 612 2639 aliquandiu
634 2557 800 2641 litigatum
823 2566 858 2621 et
881 2556 1034 2622 nonnulli
1060 2576 1235 2641 processus
1250 2555 1441 2630 extitissent
1467 2556 1585 2625 habiti
1616 2582 1733 2628 coram
1747 2579 1788 2638 eo,

422 2656 558 2723 demum
583 2661 641 2724 lite
657 2661 825 2746 pendente
841 2660 931 2725 idem
947 2659 1120 2737 Johannes
1136 2659 1225 2724 viam
1242 2660 1304 2725 fuit
1320 2660 1473 2726 universe
1495 2664 1618 2731 carnis
1635 2664 1790 2751 ingressus

421 2759 596 2845 dictusque
631 2762 817 2829 Cristianus
848 2784 983 2829 causam
1025 2763 1262 2849 appellationis
1296 2762 1487 2848 hujusmodi
1531 2768 1700 2858 prosequi
1732 2786 1788 2831 non

423 2865 551 2930 curavit
566 2886 656 2931 anno
672 2875 707 2932 et
723 2868 865 2953 amplius
878 2868 947 2952 jam
964 2868 1091 2953 elapso.
1108 2866 1183 2932 Nos
1199 2867 1308 2952 igitur,
1321 2887 1363 2932 ne
1375 2869 1591 2935 scolastriam
1610 2872 1789 2958 predictam

422 2975 559 3053 propter
575 2969 676 3054 ipsius
691 2968 710 3046 J
714 2970 856 3035 ohannis
872 2970 1013 3051 obitum,
1030 2970 1057 3035 si
1073 2971 1114 3035 lis
1136 2978 1235 3055 cepta
1251 2990 1349 3056 super
1372 2991 1411 3035 ea
1437 2982 1623 3040 remaneat
1639 2974 1788 3050 indecisa,

422 3072 547 3154 absque
578 3072 788 3139 institutione
826 3073 989 3140 canonica
1012 3074 1352 3158 contingat-forsitan
1379 3074 1533 3157 detineri,
1550 3079 1726 3144 -volentes
1753 3078 1787 3141 ob

422 3182 554 3239 tuarum
581 3177 740 3241 virtutum
758 3178 877 3243 merita
894 3198 1071 3262 personam
1096 3186 1189 3242 tuam
1207 3178 1240 3242 in
1258 3178 1376 3243 eadem
1393 3179 1549 3261 ecclesia,
1566 3183 1667 3267 cujus
1684 3182 1787 3247 existis

423 3280 613 3361 canonicus,
644 3290 808 3365 quantum
839 3303 915 3346 cum
944 3282 1018 3346 Deo
1049 3302 1234 3368 possumus
1259 3283 1413 3368 prosequi
1439 3283 1596 3366 gratiose,
1626 3294 1663 3351 te
1686 3285 1785 3350 eidem

421 3380 567 3458 Johanni
585 3384 628 3450 ad
644 3406 744 3449 omne
756 3386 810 3470 jus
826 3394 859 3450 et
879 3385 913 3449 in
937 3386 1028 3449 omni
1053 3387 1126 3470 jure
1157 3386 1248 3469 quod
1274 3385 1384 3451 eidem
1408 3385 1558 3463 Johanni
1586 3390 1784 3455 auctoritate

420 3486 605 3553 litterarum
633 3499 821 3554 nostrarum
848 3490 1083 3575 predictarum,
1109 3489 1188 3554 dum
1213 3490 1350 3570 viveret,
1378 3490 1409 3554 in
1436 3491 1613 3557 scolastria
1642 3493 1783 3578 predicta
1825 3568 1827 3588 γ

420 3594 672 3676 quomodolibet
689 3597 916 3678 competebat,
933 3593 1135 3658 auctoritate
1151 3594 1339 3675 apostolica
1351 3594 1393 3658 de
1409 3594 1544 3679 speciali
1557 3597 1670 3680 gratia
1679 3599 1782 3661 subto

420 3715 535 3779 gamus
550 3697 677 3780 tibique
701 3696 916 3781 providemus
931 3696 973 3761 de
990 3697 1058 3776 illo,
1074 3697 1294 3762 decernentes
1309 3706 1344 3761 te
1361 3697 1403 3762 ad
1426 3697 1507 3762 illud
1520 3698 1664 3783 ejusque
1681 3719 1782 3785 prose·

420 3800 590 3864 cutionem
614 3808 649 3864 et
675 3799 907 3865 defensionem
935 3800 969 3864 in
994 3821 1036 3865 eo
1061 3808 1151 3865 statu
1177 3800 1246 3864 iore
1271 3800 1520 3866 admittendum
1547 3801 1581 3866 in
1608 3823 1680 3887 quo
1702 3802 1779 3868 idem

421 3903 602 3984 Johannes,
619 3905 645 3968 si
661 3904 730 3967 vite
746 3914 934 3989 superesset
961 3905 1118 3985 humane,
1140 3905 1305 3990 potuisset
1330 3914 1365 3970 et
1393 3904 1563 3970 debuisset
1591 3906 1737 3984 admitti,
1747 3923 1780 3968 ac

420 4016 520 4094 prout
536 4016 586 4072 est
602 4008 729 4072 irritum
753 4016 787 4072 et
815 4008 915 4071 inane
939 4008 965 4072 si
989 4029 1085 4073 secus
1110 4028 1129 4071 a
1154 4015 1307 4093 tempore
1324 4008 1434 4073 obitus
1457 4007 1539 4073 dicti
1555 4008 1724 4085 Johannis
1745 4007 1779 4072 de

420 4112 591 4178 scolastria
601 4111 751 4196 predicta
767 4118 1009 4197 attemptatum
1026 4112 1139 4176 extitit
1150 4114 1203 4175 vel
1217 4112 1396 4195 contigerit
1408 4112 1631 4197 imposterum
1644 4123 1779 4197 attemp

419 4216 494 4296 tari,
508 4237 576 4281 non
594 4219 750 4281 obstante
763 4215 1006 4281 constitutione
1019 4215 1125 4281 felicis
1144 4216 1386 4281 recordationis
1403 4214 1566 4281 Bonifacii
1585 4238 1675 4303 pape
1693 4213 1778 4293 Vlll,

419 4320 665 4407 predecessoris
700 4319 816 4400 nostri,
856 4342 920 4404 qua
964 4321 1091 4400 statuit,
1116 4320 1175 4384 lite
1218 4320 1399 4405 pendente,
1440 4322 1546 4386 altero
1581 4321 1778 4407 litigantium

419 4424 614 4500 decedente,
625 4445 693 4488 non
705 4424 774 4489 fore
787 4423 976 4509 hujusmodi
988 4424 1131 4510 litigiosa
1142 4424 1428 4505 beneficia,donec
1439 4431 1557 4489 contra
1569 4425 1778 4511 superstitem

419 4528 459 4595 lis
475 4529 570 4593 finita
597 4528 706 4609 fuerit,
723 4527 935 4609 conferenda,
953 4538 987 4593 et
1004 4528 1158 4595 omnibus
1175 4528 1246 4593 aliis
1259 4528 1407 4613 superius
1423 4527 1595 4608 enarratiS,
1609 4529 1682 4594 sive
1698 4524 1779 4613 quod

419 4631 656 4697 canonicatum
672 4640 707 4696 et
723 4632 968 4717 prebendamin
984 4631 1075 4697 dicta
1090 4631 1232 4697 ecclesia
1244 4631 1391 4696 nosceris
1407 4630 1570 4696 obtinere.
1584 4630 1683 4698 Nulli
1700 4641 1779 4697 etc...

421 4736 499 4800 Dat.
523 4735 622 4798 Avin.
641 4755 657 4818 3
682 4756 761 4800 non.
779 4736 888 4801 martii
906 4757 995 4801 anno
1014 4757 1042 4816 9.
1056 4758 1073 4798 i>

453 4904 518 4964 Reg.·
530 4906 576 4952 lv.
591 4906 628 4961 23,
642 4904 659 4951 l.
674 4906 720 4961 753
734 4904 792 4952 Vat.
805 4908 842 4964 ru,
853 4905 870 4952 l.
882 4908 932 4964 till,
941 4920 967 4955 n.
984 4907 1054 4955 1301.
