<?xml version="1.0" encoding="UTF-8"?>
<!DOCTYPE html PUBLIC "-//W3C//DTD XHTML 1.0 Transitional//EN"
    "http://www.w3.org/TR/xhtml1/DTD/xhtml1-transitional.dtd">
<html xmlns="http://www.w3.org/1999/xhtml" xml:lang="en" lang="en">
 <head>
  <title>
</title>
<meta http-equiv="Content-Type" content="text/html;charset=utf-8" />
  <meta name='ocr-system' content='tesseract 3.04.00' />
  <meta name='ocr-capabilities' content='ocr_page ocr_carea ocr_par ocr_line ocrx_word'/>
</head>
<body>
  <div class='ocr_page' id='page_1' title='image "./lettresdejeanxx00xxiigoog_0650.png"; bbox 0 0 4409 6017; ppageno 0'>
   <div class='ocr_carea' id='block_1_1' title="bbox 499 691 1322 766">
    <p class='ocr_par' dir='ltr' id='par_1_1' title="bbox 499 691 1322 766">
     <span class='ocr_line' id='line_1_1' title="bbox 499 691 1322 766; baseline -0.012 0"><span class='ocrx_word' id='word_1_1' title='bbox 499 699 560 766; x_wconf 77' lang='lat'>562</span> <span class='ocrx_word' id='word_1_2' title='bbox 1041 691 1199 760; x_wconf 70' lang='lat' dir='ltr'>uernam</span> <span class='ocrx_word' id='word_1_3' title='bbox 1219 692 1322 757; x_wconf 80' lang='lat' dir='ltr'>amts.</span> 
     </span>
    </p>
   </div>
   <div class='ocr_carea' id='block_1_2' title="bbox 463 832 1899 1964">
    <p class='ocr_par' dir='ltr' id='par_1_2' title="bbox 463 832 1899 1964">
     <span class='ocr_line' id='line_1_2' title="bbox 497 832 1859 929; baseline -0.012 -13"><span class='ocrx_word' id='word_1_4' title='bbox 497 847 652 929; x_wconf 87' lang='lat' dir='ltr'>diocesis,</span> <span class='ocrx_word' id='word_1_5' title='bbox 667 853 703 911; x_wconf 90' lang='lat' dir='ltr'>et</span> <span class='ocrx_word' id='word_1_6' title='bbox 718 844 822 910; x_wconf 88' lang='lat' dir='ltr'>etiam</span> <span class='ocrx_word' id='word_1_7' title='bbox 839 843 983 926; x_wconf 81' lang='lat' dir='ltr'>aliunde,</span> <span class='ocrx_word' id='word_1_8' title='bbox 998 844 1069 909; x_wconf 89' lang='lat' dir='ltr'>tam</span> <span class='ocrx_word' id='word_1_9' title='bbox 1086 840 1198 908; x_wconf 92' lang='lat' dir='ltr'>clerici</span> <span class='ocrx_word' id='word_1_10' title='bbox 1214 837 1510 925; x_wconf 87' lang='lat' dir='ltr'>ecclesiasticeque</span> <span class='ocrx_word' id='word_1_11' title='bbox 1524 833 1678 927; x_wconf 77' lang='lat' dir='ltr'>persone</span> <span class='ocrx_word' id='word_1_12' title='bbox 1694 854 1801 924; x_wconf 89' lang='lat' dir='ltr'>quam</span> <span class='ocrx_word' id='word_1_13' title='bbox 1820 832 1859 900; x_wconf 86' lang='lat' dir='ltr'>alii</span> 
     </span>
     <span class='ocr_line' id='line_1_3' title="bbox 498 936 1861 1037; baseline -0.01 -19"><span class='ocrx_word' id='word_1_14' title='bbox 498 951 630 1018; x_wconf 90' lang='lat' dir='ltr'>nobiles</span> <span class='ocrx_word' id='word_1_15' title='bbox 646 959 681 1016; x_wconf 89' lang='lat' dir='ltr'>et</span> <span class='ocrx_word' id='word_1_16' title='bbox 695 957 854 1037; x_wconf 90' lang='lat' dir='ltr'>potentes</span> <span class='ocrx_word' id='word_1_17' title='bbox 869 947 1040 1033; x_wconf 90' lang='lat' dir='ltr'>utriusque</span> <span class='ocrx_word' id='word_1_18' title='bbox 1055 966 1154 1012; x_wconf 86' lang='lat' dir='ltr'>sexus</span> <span class='ocrx_word' id='word_1_19' title='bbox 1170 945 1300 1010; x_wconf 92' lang='lat' dir='ltr'>illarum</span> <span class='ocrx_word' id='word_1_20' title='bbox 1325 944 1481 1030; x_wconf 92' lang='lat' dir='ltr'>partium,</span> <span class='ocrx_word' id='word_1_21' title='bbox 1496 943 1682 1011; x_wconf 89' lang='lat' dir='ltr'>Ludovico</span> <span class='ocrx_word' id='word_1_22' title='bbox 1704 942 1753 1010; x_wconf 91' lang='lat' dir='ltr'>de</span> <span class='ocrx_word' id='word_1_23' title='bbox 1775 936 1861 1006; x_wconf 79' lang='lat' dir='ltr'>Barr-</span> 
     </span>
     <span class='ocr_line' id='line_1_4' title="bbox 499 1046 1861 1134; baseline -0.008 -12"><span class='ocrx_word' id='word_1_24' title='bbox 499 1056 548 1122; x_wconf 91' lang='lat' dir='ltr'>ria</span> <span class='ocrx_word' id='word_1_25' title='bbox 562 1074 696 1121; x_wconf 85' lang='lat' dir='ltr'>necnon</span> <span class='ocrx_word' id='word_1_26' title='bbox 712 1053 786 1119; x_wconf 91' lang='lat' dir='ltr'>aliis</span> <span class='ocrx_word' id='word_1_27' title='bbox 801 1052 979 1118; x_wconf 88' lang='lat' dir='ltr'>rebellibus</span> <span class='ocrx_word' id='word_1_28' title='bbox 996 1050 1151 1116; x_wconf 90' lang='lat' dir='ltr'>Romane</span> <span class='ocrx_word' id='word_1_29' title='bbox 1167 1048 1308 1115; x_wconf 88' lang='lat' dir='ltr'>ecclesie</span> <span class='ocrx_word' id='word_1_30' title='bbox 1324 1048 1359 1113; x_wconf 95' lang='lat' dir='ltr'>in</span> <span class='ocrx_word' id='word_1_31' title='bbox 1375 1048 1502 1134; x_wconf 90' lang='lat' dir='ltr'>eisdem</span> <span class='ocrx_word' id='word_1_32' title='bbox 1517 1056 1555 1113; x_wconf 89' lang='lat' dir='ltr'>et</span> <span class='ocrx_word' id='word_1_33' title='bbox 1576 1048 1691 1113; x_wconf 87' lang='lat' dir='ltr'>etiam</span> <span class='ocrx_word' id='word_1_34' title='bbox 1716 1046 1861 1132; x_wconf 72' lang='lat' dir='ltr'>Lomba-</span> 
     </span>
     <span class='ocr_line' id='line_1_5' title="bbox 500 1151 1862 1247; baseline -0.007 -20"><span class='ocrx_word' id='word_1_35' title='bbox 500 1161 554 1228; x_wconf 91' lang='lat' dir='ltr'>die</span> <span class='ocrx_word' id='word_1_36' title='bbox 570 1160 729 1247; x_wconf 92' lang='lat' dir='ltr'>partibus,</span> <span class='ocrx_word' id='word_1_37' title='bbox 745 1166 863 1224; x_wconf 91' lang='lat' dir='ltr'>contra</span> <span class='ocrx_word' id='word_1_38' title='bbox 887 1156 1142 1244; x_wconf 91' lang='lat' dir='ltr'>prohibitiones,</span> <span class='ocrx_word' id='word_1_39' title='bbox 1158 1163 1319 1241; x_wconf 87' lang='lat' dir='ltr'>precepta</span> <span class='ocrx_word' id='word_1_40' title='bbox 1334 1162 1369 1219; x_wconf 90' lang='lat' dir='ltr'>et</span> <span class='ocrx_word' id='word_1_41' title='bbox 1384 1152 1545 1219; x_wconf 90' lang='lat' dir='ltr'>mandata</span> <span class='ocrx_word' id='word_1_42' title='bbox 1561 1152 1665 1219; x_wconf 85' lang='lat' dir='ltr'>Sedis</span> <span class='ocrx_word' id='word_1_43' title='bbox 1689 1151 1862 1240; x_wconf 80' lang='lat' dir='ltr'>apostolius</span> 
     </span>
     <span class='ocr_line' id='line_1_6' title="bbox 500 1256 1863 1344; baseline -0.006 -13"><span class='ocrx_word' id='word_1_44' title='bbox 500 1267 535 1331; x_wconf 88' lang='lat' dir='ltr'>et</span> <span class='ocrx_word' id='word_1_45' title='bbox 555 1263 670 1332; x_wconf 91' lang='lat' dir='ltr'>dilecti</span> <span class='ocrx_word' id='word_1_46' title='bbox 687 1263 745 1328; x_wconf 86' lang='lat' dir='ltr'>filii</span> <span class='ocrx_word' id='word_1_47' title='bbox 759 1261 864 1327; x_wconf 89' lang='lat' dir='ltr'>nostri</span> <span class='ocrx_word' id='word_1_48' title='bbox 882 1259 1068 1342; x_wconf 87' lang='lat' dir='ltr'>Bertrandi,</span> <span class='ocrx_word' id='word_1_49' title='bbox 1083 1258 1174 1324; x_wconf 88' lang='lat' dir='ltr'>tituli</span> <span class='ocrx_word' id='word_1_50' title='bbox 1197 1258 1229 1323; x_wconf 90' lang='lat' dir='ltr'>S.</span> <span class='ocrx_word' id='word_1_51' title='bbox 1252 1256 1403 1323; x_wconf 88' lang='lat' dir='ltr'>Marcelli</span> <span class='ocrx_word' id='word_1_52' title='bbox 1428 1257 1605 1344; x_wconf 89' lang='lat' dir='ltr'>presbiteri</span> <span class='ocrx_word' id='word_1_53' title='bbox 1630 1257 1863 1340; x_wconf 88' lang='lat' dir='ltr'>cardinalis,in</span> 
     </span>
     <span class='ocr_line' id='line_1_7' title="bbox 498 1360 1863 1454; baseline -0.006 -18"><span class='ocrx_word' id='word_1_54' title='bbox 498 1368 598 1436; x_wconf 91' lang='lat' dir='ltr'>dictis</span> <span class='ocrx_word' id='word_1_55' title='bbox 620 1367 771 1454; x_wconf 80' lang='lat' dir='ltr'>partibus</span> <span class='ocrx_word' id='word_1_56' title='bbox 797 1364 1000 1431; x_wconf 90' lang='lat' dir='ltr'>Lombardie</span> <span class='ocrx_word' id='word_1_57' title='bbox 1020 1363 1208 1450; x_wconf 90' lang='lat' dir='ltr'>apostolice</span> <span class='ocrx_word' id='word_1_58' title='bbox 1228 1362 1322 1427; x_wconf 89' lang='lat' dir='ltr'>Sedis</span> <span class='ocrx_word' id='word_1_59' title='bbox 1346 1361 1458 1448; x_wconf 89' lang='lat' dir='ltr'>legati,</span> <span class='ocrx_word' id='word_1_60' title='bbox 1483 1371 1520 1426; x_wconf 90' lang='lat' dir='ltr'>et</span> <span class='ocrx_word' id='word_1_61' title='bbox 1542 1360 1756 1429; x_wconf 86' lang='lat' dir='ltr'>officialium</span> <span class='ocrx_word' id='word_1_62' title='bbox 1784 1361 1863 1428; x_wconf 85' lang='lat' dir='ltr'>Sedis</span> 
     </span>
     <span class='ocr_line' id='line_1_8' title="bbox 463 1464 1862 1558; baseline -0.006 -19"><span class='ocrx_word' id='word_1_63' title='bbox 463 1532 467 1540; x_wconf 90' lang='lat'>.</span> <span class='ocrx_word' id='word_1_64' title='bbox 499 1472 659 1558; x_wconf 87' lang='lat' dir='ltr'>ejusdem,</span> <span class='ocrx_word' id='word_1_65' title='bbox 689 1470 851 1537; x_wconf 88' lang='lat' dir='ltr'>adherere</span> <span class='ocrx_word' id='word_1_66' title='bbox 885 1468 1042 1554; x_wconf 89' lang='lat' dir='ltr'>nequiter</span> <span class='ocrx_word' id='word_1_67' title='bbox 1078 1475 1364 1553; x_wconf 89' lang='lat' dir='ltr'>presumpserunt,</span> <span class='ocrx_word' id='word_1_68' title='bbox 1390 1464 1574 1552; x_wconf 88' lang='lat' dir='ltr'>prestando</span> <span class='ocrx_word' id='word_1_69' title='bbox 1600 1465 1655 1532; x_wconf 88' lang='lat' dir='ltr'>eis</span> <span class='ocrx_word' id='word_1_70' title='bbox 1687 1467 1862 1547; x_wconf 89' lang='lat' dir='ltr'>consilium,</span> 
     </span>
     <span class='ocr_line' id='line_1_9' title="bbox 498 1568 1861 1658; baseline -0.005 -16"><span class='ocrx_word' id='word_1_71' title='bbox 498 1575 657 1643; x_wconf 86' lang='lat' dir='ltr'>auxilium</span> <span class='ocrx_word' id='word_1_72' title='bbox 673 1582 708 1639; x_wconf 90' lang='lat' dir='ltr'>et</span> <span class='ocrx_word' id='word_1_73' title='bbox 735 1576 884 1639; x_wconf 82' lang='lat' dir='ltr'>savorem</span> <span class='ocrx_word' id='word_1_74' title='bbox 898 1595 907 1653; x_wconf 88' lang='lat'>;</span> <span class='ocrx_word' id='word_1_75' title='bbox 923 1580 1061 1658; x_wconf 89' lang='lat' dir='ltr'>propter</span> <span class='ocrx_word' id='word_1_76' title='bbox 1085 1592 1151 1655; x_wconf 92' lang='lat' dir='ltr'>que</span> <span class='ocrx_word' id='word_1_77' title='bbox 1178 1568 1549 1651; x_wconf 85' lang='lat' dir='ltr'>excommunicationis,</span> <span class='ocrx_word' id='word_1_78' title='bbox 1574 1569 1815 1657; x_wconf 90' lang='lat' dir='ltr'>suspensionis</span> <span class='ocrx_word' id='word_1_79' title='bbox 1835 1579 1861 1635; x_wconf 88' lang='lat' dir='ltr'>et</span> 
     </span>
     <span class='ocr_line' id='line_1_10' title="bbox 498 1671 1899 1763; baseline -0.004 -18"><span class='ocrx_word' id='word_1_80' title='bbox 498 1680 580 1745; x_wconf 90' lang='lat' dir='ltr'>alias</span> <span class='ocrx_word' id='word_1_81' title='bbox 595 1677 781 1744; x_wconf 88' lang='lat' dir='ltr'>sententias</span> <span class='ocrx_word' id='word_1_82' title='bbox 792 1685 894 1761; x_wconf 90' lang='lat' dir='ltr'>atque</span> <span class='ocrx_word' id='word_1_83' title='bbox 909 1696 1015 1762; x_wconf 90' lang='lat' dir='ltr'>penas</span> <span class='ocrx_word' id='word_1_84' title='bbox 1030 1683 1065 1740; x_wconf 90' lang='lat' dir='ltr'>et</span> <span class='ocrx_word' id='word_1_85' title='bbox 1081 1675 1206 1740; x_wconf 86' lang='lat' dir='ltr'>multas</span> <span class='ocrx_word' id='word_1_86' title='bbox 1221 1674 1410 1761; x_wconf 89' lang='lat' dir='ltr'>spirituales</span> <span class='ocrx_word' id='word_1_87' title='bbox 1426 1671 1459 1738; x_wconf 87' lang='lat' dir='ltr'>et</span> <span class='ocrx_word' id='word_1_88' title='bbox 1475 1674 1694 1759; x_wconf 85' lang='lat' dir='ltr'>temporales</span> <span class='ocrx_word' id='word_1_89' title='bbox 1713 1674 1750 1740; x_wconf 93' lang='lat' dir='ltr'>in</span> <span class='ocrx_word' id='word_1_90' title='bbox 1765 1694 1861 1763; x_wconf 81' lang='lat' dir='ltr'>perso</span> <span class='ocrx_word' id='word_1_91' title='bbox 1896 1685 1899 1703; x_wconf 90' lang='lat'>&#39;</span> 
     </span>
     <span class='ocr_line' id='line_1_11' title="bbox 500 1776 1862 1865; baseline -0.004 -17"><span class='ocrx_word' id='word_1_92' title='bbox 500 1801 561 1848; x_wconf 90' lang='lat' dir='ltr'>nas</span> <span class='ocrx_word' id='word_1_93' title='bbox 574 1780 704 1862; x_wconf 91' lang='lat' dir='ltr'>talium,</span> <span class='ocrx_word' id='word_1_94' title='bbox 720 1779 814 1846; x_wconf 88' lang='lat' dir='ltr'>Sedis</span> <span class='ocrx_word' id='word_1_95' title='bbox 829 1779 979 1864; x_wconf 90' lang='lat' dir='ltr'>ejusdem</span> <span class='ocrx_word' id='word_1_96' title='bbox 994 1786 1029 1843; x_wconf 90' lang='lat' dir='ltr'>et</span> <span class='ocrx_word' id='word_1_97' title='bbox 1044 1776 1164 1865; x_wconf 85' lang='lat' dir='ltr'>prefati</span> <span class='ocrx_word' id='word_1_98' title='bbox 1180 1777 1281 1863; x_wconf 89' lang='lat' dir='ltr'>legati</span> <span class='ocrx_word' id='word_1_99' title='bbox 1297 1797 1337 1843; x_wconf 92' lang='lat' dir='ltr'>ac</span> <span class='ocrx_word' id='word_1_100' title='bbox 1359 1776 1552 1844; x_wconf 89' lang='lat' dir='ltr'>officialium</span> <span class='ocrx_word' id='word_1_101' title='bbox 1568 1778 1784 1845; x_wconf 89' lang='lat' dir='ltr'>auctoritate</span> <span class='ocrx_word' id='word_1_102' title='bbox 1801 1797 1862 1865; x_wconf 79' lang='lat' dir='ltr'>pro</span> 
     </span>
     <span class='ocr_line' id='line_1_12' title="bbox 499 1880 1862 1964; baseline -0.001 -14"><span class='ocrx_word' id='word_1_103' title='bbox 499 1887 586 1951; x_wconf 90' lang='lat' dir='ltr'>latas</span> <span class='ocrx_word' id='word_1_104' title='bbox 609 1884 784 1950; x_wconf 91' lang='lat' dir='ltr'>incurrisse</span> <span class='ocrx_word' id='word_1_105' title='bbox 807 1891 1003 1949; x_wconf 89' lang='lat' dir='ltr'>noscuntur.</span> <span class='ocrx_word' id='word_1_106' title='bbox 1021 1882 1147 1948; x_wconf 90' lang='lat' dir='ltr'>Verum</span> <span class='ocrx_word' id='word_1_107' title='bbox 1171 1902 1258 1962; x_wconf 92' lang='lat' dir='ltr'>cum,</span> <span class='ocrx_word' id='word_1_108' title='bbox 1282 1881 1432 1947; x_wconf 91' lang='lat' dir='ltr'>Domino</span> <span class='ocrx_word' id='word_1_109' title='bbox 1454 1880 1612 1964; x_wconf 83' lang='lat' dir='ltr'>faciente,</span> <span class='ocrx_word' id='word_1_110' title='bbox 1628 1882 1724 1950; x_wconf 86' lang='lat' dir='ltr'>sicut</span> <span class='ocrx_word' id='word_1_111' title='bbox 1748 1881 1862 1963; x_wconf 87' lang='lat' dir='ltr'>asseris,</span> 
     </span>
    </p>
   </div>
   <div class='ocr_carea' id='block_1_3' title="bbox 400 1985 1863 2076">
    <p class='ocr_par' dir='ltr' id='par_1_3' title="bbox 400 1985 1863 2076">
     <span class='ocr_line' id='line_1_13' title="bbox 400 1985 1863 2076; baseline -0.003 -21"><span class='ocrx_word' id='word_1_112' title='bbox 400 2024 402 2029; x_wconf 96' lang='lat'>·</span> <span class='ocrx_word' id='word_1_113' title='bbox 498 1988 639 2076; x_wconf 87' lang='lat' dir='ltr'>predicti</span> <span class='ocrx_word' id='word_1_114' title='bbox 665 1988 867 2054; x_wconf 89' lang='lat' dir='ltr'>adherentes</span> <span class='ocrx_word' id='word_1_115' title='bbox 889 1988 932 2054; x_wconf 93' lang='lat' dir='ltr'>ad</span> <span class='ocrx_word' id='word_1_116' title='bbox 957 1987 1123 2053; x_wconf 90' lang='lat' dir='ltr'>unitatem</span> <span class='ocrx_word' id='word_1_117' title='bbox 1150 1995 1185 2053; x_wconf 90' lang='lat' dir='ltr'>et</span> <span class='ocrx_word' id='word_1_118' title='bbox 1209 1985 1438 2062; x_wconf 86' lang='lat' dir='ltr'>obedientiam</span> <span class='ocrx_word' id='word_1_119' title='bbox 1459 1986 1610 2072; x_wconf 89' lang='lat' dir='ltr'>ejusdem</span> <span class='ocrx_word' id='word_1_120' title='bbox 1638 1987 1789 2056; x_wconf 89' lang='lat' dir='ltr'>ecclesie</span> <span class='ocrx_word' id='word_1_121' title='bbox 1809 1987 1863 2054; x_wconf 89' lang='lat' dir='ltr'>sint</span> 
     </span>
    </p>
   </div>
   <div class='ocr_carea' id='block_1_4' title="bbox 472 2089 1865 3935">
    <p class='ocr_par' dir='ltr' id='par_1_4' title="bbox 472 2089 1865 3935">
     <span class='ocr_line' id='line_1_14' title="bbox 498 2089 1863 2178; baseline -0.001 -20"><span class='ocrx_word' id='word_1_122' title='bbox 498 2092 631 2174; x_wconf 88' lang='lat' dir='ltr'>reversi,</span> <span class='ocrx_word' id='word_1_123' title='bbox 647 2092 744 2157; x_wconf 90' lang='lat' dir='ltr'>nobis</span> <span class='ocrx_word' id='word_1_124' title='bbox 759 2091 930 2157; x_wconf 87' lang='lat' dir='ltr'>humiliter</span> <span class='ocrx_word' id='word_1_125' title='bbox 944 2090 1139 2178; x_wconf 90' lang='lat' dir='ltr'>supplicasti</span> <span class='ocrx_word' id='word_1_126' title='bbox 1155 2098 1193 2156; x_wconf 92' lang='lat' dir='ltr'>ut</span> <span class='ocrx_word' id='word_1_127' title='bbox 1219 2111 1279 2156; x_wconf 89' lang='lat' dir='ltr'>eos</span> <span class='ocrx_word' id='word_1_128' title='bbox 1305 2089 1433 2156; x_wconf 87' lang='lat' dir='ltr'>absolvi</span> <span class='ocrx_word' id='word_1_129' title='bbox 1460 2111 1479 2156; x_wconf 95' lang='lat' dir='ltr'>a</span> <span class='ocrx_word' id='word_1_130' title='bbox 1504 2090 1672 2177; x_wconf 87' lang='lat' dir='ltr'>predictis</span> <span class='ocrx_word' id='word_1_131' title='bbox 1696 2090 1863 2159; x_wconf 87' lang='lat' dir='ltr'>sententiis</span> 
     </span>
     <span class='ocr_line' id='line_1_15' title="bbox 496 2193 1863 2280; baseline 0 -20"><span class='ocrx_word' id='word_1_132' title='bbox 496 2195 741 2263; x_wconf 86' lang='lat' dir='ltr'>mandaremus.</span> <span class='ocrx_word' id='word_1_133' title='bbox 758 2194 810 2260; x_wconf 89' lang='lat' dir='ltr'>De</span> <span class='ocrx_word' id='word_1_134' title='bbox 825 2204 885 2261; x_wconf 94' lang='lat' dir='ltr'>tua</span> <span class='ocrx_word' id='word_1_135' title='bbox 900 2194 1000 2280; x_wconf 92' lang='lat' dir='ltr'>igitur</span> <span class='ocrx_word' id='word_1_136' title='bbox 1015 2193 1326 2280; x_wconf 91' lang='lat' dir='ltr'>circumspectionis</span> <span class='ocrx_word' id='word_1_137' title='bbox 1341 2193 1503 2260; x_wconf 87' lang='lat' dir='ltr'>industria</span> <span class='ocrx_word' id='word_1_138' title='bbox 1517 2194 1660 2280; x_wconf 87' lang='lat' dir='ltr'>plenam</span> <span class='ocrx_word' id='word_1_139' title='bbox 1677 2195 1714 2261; x_wconf 92' lang='lat' dir='ltr'>in</span> <span class='ocrx_word' id='word_1_140' title='bbox 1725 2194 1863 2263; x_wconf 90' lang='lat' dir='ltr'>Domino</span> 
     </span>
     <span class='ocr_line' id='line_1_16' title="bbox 496 2296 1864 2384; baseline -0.001 -20"><span class='ocrx_word' id='word_1_141' title='bbox 496 2299 653 2365; x_wconf 87' lang='lat' dir='ltr'>fiduciam</span> <span class='ocrx_word' id='word_1_142' title='bbox 669 2297 872 2381; x_wconf 90' lang='lat' dir='ltr'>obtinentes,</span> <span class='ocrx_word' id='word_1_143' title='bbox 888 2298 1088 2365; x_wconf 83' lang='lat' dir='ltr'>fraternitati</span> <span class='ocrx_word' id='word_1_144' title='bbox 1105 2306 1163 2364; x_wconf 90' lang='lat' dir='ltr'>tue</span> <span class='ocrx_word' id='word_1_145' title='bbox 1178 2297 1385 2384; x_wconf 89' lang='lat' dir='ltr'>presentium</span> <span class='ocrx_word' id='word_1_146' title='bbox 1400 2296 1603 2363; x_wconf 86' lang='lat' dir='ltr'>auctoritate</span> <span class='ocrx_word' id='word_1_147' title='bbox 1621 2298 1864 2365; x_wconf 83' lang='lat' dir='ltr'>committimts</span> 
     </span>
     <span class='ocr_line' id='line_1_17' title="bbox 497 2400 1865 2488; baseline -0.001 -20"><span class='ocrx_word' id='word_1_148' title='bbox 497 2410 664 2488; x_wconf 87' lang='lat' dir='ltr'>quatenus</span> <span class='ocrx_word' id='word_1_149' title='bbox 680 2422 798 2468; x_wconf 90' lang='lat' dir='ltr'>omnes</span> <span class='ocrx_word' id='word_1_150' title='bbox 814 2410 850 2468; x_wconf 92' lang='lat' dir='ltr'>et</span> <span class='ocrx_word' id='word_1_151' title='bbox 865 2402 1013 2488; x_wconf 89' lang='lat' dir='ltr'>singulos</span> <span class='ocrx_word' id='word_1_152' title='bbox 1039 2402 1181 2468; x_wconf 90' lang='lat' dir='ltr'>clericos</span> <span class='ocrx_word' id='word_1_153' title='bbox 1203 2400 1512 2486; x_wconf 88' lang='lat' dir='ltr'>ecclesiasticasque</span> <span class='ocrx_word' id='word_1_154' title='bbox 1534 2406 1715 2487; x_wconf 83' lang='lat' dir='ltr'>personas,</span> <span class='ocrx_word' id='word_1_155' title='bbox 1738 2422 1865 2470; x_wconf 88' lang='lat' dir='ltr'>necnon</span> 
     </span>
     <span class='ocr_line' id='line_1_18' title="bbox 498 2504 1865 2587; baseline 0.003 -16"><span class='ocrx_word' id='word_1_156' title='bbox 498 2506 629 2572; x_wconf 90' lang='lat' dir='ltr'>nobiles</span> <span class='ocrx_word' id='word_1_157' title='bbox 644 2514 680 2572; x_wconf 90' lang='lat' dir='ltr'>et</span> <span class='ocrx_word' id='word_1_158' title='bbox 695 2506 811 2587; x_wconf 93' lang='lat' dir='ltr'>laicos,</span> <span class='ocrx_word' id='word_1_159' title='bbox 826 2506 915 2571; x_wconf 91' lang='lat' dir='ltr'>viros</span> <span class='ocrx_word' id='word_1_160' title='bbox 931 2513 966 2571; x_wconf 90' lang='lat' dir='ltr'>et</span> <span class='ocrx_word' id='word_1_161' title='bbox 981 2506 1148 2587; x_wconf 88' lang='lat' dir='ltr'>mulieres,</span> <span class='ocrx_word' id='word_1_162' title='bbox 1164 2512 1298 2571; x_wconf 91' lang='lat' dir='ltr'>tuarum</span> <span class='ocrx_word' id='word_1_163' title='bbox 1313 2505 1480 2572; x_wconf 87' lang='lat' dir='ltr'>duntaxat</span> <span class='ocrx_word' id='word_1_164' title='bbox 1493 2504 1642 2572; x_wconf 88' lang='lat' dir='ltr'>civitatis</span> <span class='ocrx_word' id='word_1_165' title='bbox 1658 2515 1700 2573; x_wconf 88' lang='lat' dir='ltr'>et</span> <span class='ocrx_word' id='word_1_166' title='bbox 1719 2507 1865 2587; x_wconf 77' lang='lat' dir='ltr'>diocesis,</span> 
     </span>
     <span class='ocr_line' id='line_1_19' title="bbox 501 2608 1865 2696; baseline 0 -21"><span class='ocrx_word' id='word_1_167' title='bbox 501 2610 557 2695; x_wconf 92' lang='lat' dir='ltr'>qui</span> <span class='ocrx_word' id='word_1_168' title='bbox 581 2617 719 2696; x_wconf 91' lang='lat' dir='ltr'>propter</span> <span class='ocrx_word' id='word_1_169' title='bbox 738 2609 899 2696; x_wconf 93' lang='lat' dir='ltr'>premissa</span> <span class='ocrx_word' id='word_1_170' title='bbox 922 2609 1091 2695; x_wconf 89' lang='lat' dir='ltr'>predictas</span> <span class='ocrx_word' id='word_1_171' title='bbox 1118 2608 1302 2675; x_wconf 87' lang='lat' dir='ltr'>sententias</span> <span class='ocrx_word' id='word_1_172' title='bbox 1324 2609 1542 2690; x_wconf 88' lang='lat' dir='ltr'>incurrerunt,</span> <span class='ocrx_word' id='word_1_173' title='bbox 1567 2608 1613 2675; x_wconf 93' lang='lat' dir='ltr'>ad</span> <span class='ocrx_word' id='word_1_174' title='bbox 1639 2610 1814 2677; x_wconf 85' lang='lat' dir='ltr'>unitatem</span> <span class='ocrx_word' id='word_1_175' title='bbox 1837 2620 1865 2675; x_wconf 89' lang='lat' dir='ltr'>et</span> 
     </span>
     <span class='ocr_line' id='line_1_20' title="bbox 472 2712 1865 2800; baseline -0.001 -20"><span class='ocrx_word' id='word_1_176' title='bbox 472 2720 474 2725; x_wconf 82' lang='grc'>’</span> <span class='ocrx_word' id='word_1_177' title='bbox 501 2712 730 2780; x_wconf 88' lang='lat' dir='ltr'>obedientiam</span> <span class='ocrx_word' id='word_1_178' title='bbox 746 2713 896 2798; x_wconf 89' lang='lat' dir='ltr'>ejusdem</span> <span class='ocrx_word' id='word_1_179' title='bbox 912 2714 1053 2779; x_wconf 90' lang='lat' dir='ltr'>ecclesie</span> <span class='ocrx_word' id='word_1_180' title='bbox 1074 2714 1145 2800; x_wconf 81' lang='lat' dir='ltr'>J‘am</span> <span class='ocrx_word' id='word_1_181' title='bbox 1165 2733 1317 2779; x_wconf 85' lang='lat' dir='ltr'>reversos</span> <span class='ocrx_word' id='word_1_182' title='bbox 1332 2720 1367 2778; x_wconf 92' lang='lat' dir='ltr'>et</span> <span class='ocrx_word' id='word_1_183' title='bbox 1382 2712 1438 2797; x_wconf 93' lang='lat' dir='ltr'>qui</span> <span class='ocrx_word' id='word_1_184' title='bbox 1454 2712 1679 2799; x_wconf 89' lang='lat' dir='ltr'>imposterum</span> <span class='ocrx_word' id='word_1_185' title='bbox 1702 2723 1865 2781; x_wconf 82' lang='lat' dir='ltr'>reverten-</span> 
     </span>
     <span class='ocr_line' id='line_1_21' title="bbox 499 2816 1865 2904; baseline 0 -21"><span class='ocrx_word' id='word_1_186' title='bbox 499 2826 564 2899; x_wconf 87' lang='lat' dir='ltr'>tur,</span> <span class='ocrx_word' id='word_1_187' title='bbox 580 2837 600 2882; x_wconf 92' lang='lat' dir='ltr'>a</span> <span class='ocrx_word' id='word_1_188' title='bbox 615 2816 772 2903; x_wconf 88' lang='lat' dir='ltr'>predictis</span> <span class='ocrx_word' id='word_1_189' title='bbox 787 2817 964 2883; x_wconf 89' lang='lat' dir='ltr'>sententiis</span> <span class='ocrx_word' id='word_1_190' title='bbox 979 2818 1181 2884; x_wconf 90' lang='lat' dir='ltr'>auctoritate</span> <span class='ocrx_word' id='word_1_191' title='bbox 1196 2826 1312 2883; x_wconf 90' lang='lat' dir='ltr'>nostra</span> <span class='ocrx_word' id='word_1_192' title='bbox 1323 2818 1419 2904; x_wconf 83' lang='lat' dir='ltr'>juxta</span> <span class='ocrx_word' id='word_1_193' title='bbox 1434 2816 1574 2884; x_wconf 87' lang='lat' dir='ltr'>ecclesie</span> <span class='ocrx_word' id='word_1_194' title='bbox 1597 2816 1749 2884; x_wconf 85' lang='lat' dir='ltr'>formam</span> <span class='ocrx_word' id='word_1_195' title='bbox 1765 2819 1865 2885; x_wconf 91' lang='lat' dir='ltr'>absol·</span> 
     </span>
     <span class='ocr_line' id='line_1_22' title="bbox 500 2920 1864 3009; baseline 0.001 -21"><span class='ocrx_word' id='word_1_196' title='bbox 500 2942 570 3003; x_wconf 78' lang='lat' dir='ltr'>vaS,</span> <span class='ocrx_word' id='word_1_197' title='bbox 598 2921 774 3007; x_wconf 88' lang='lat' dir='ltr'>injungens</span> <span class='ocrx_word' id='word_1_198' title='bbox 799 2920 928 2987; x_wconf 91' lang='lat' dir='ltr'>eisdem</span> <span class='ocrx_word' id='word_1_199' title='bbox 951 2922 1174 3009; x_wconf 90' lang='lat' dir='ltr'>penitentiam</span> <span class='ocrx_word' id='word_1_200' title='bbox 1209 2922 1399 3003; x_wconf 89' lang='lat' dir='ltr'>salutarem,</span> <span class='ocrx_word' id='word_1_201' title='bbox 1426 2920 1603 3007; x_wconf 87' lang='lat' dir='ltr'>presertim</span> <span class='ocrx_word' id='word_1_202' title='bbox 1629 2922 1729 3007; x_wconf 91' lang='lat' dir='ltr'>quod</span> <span class='ocrx_word' id='word_1_203' title='bbox 1755 2930 1864 2991; x_wconf 83' lang='lat' dir='ltr'>contra</span> 
     </span>
     <span class='ocr_line' id='line_1_23' title="bbox 500 3025 1864 3111; baseline 0.003 -21"><span class='ocrx_word' id='word_1_204' title='bbox 500 3025 667 3092; x_wconf 92' lang='lat' dir='ltr'>hereticos</span> <span class='ocrx_word' id='word_1_205' title='bbox 677 3033 713 3091; x_wconf 88' lang='lat' dir='ltr'>et</span> <span class='ocrx_word' id='word_1_206' title='bbox 721 3025 863 3091; x_wconf 90' lang='lat' dir='ltr'>rebelles</span> <span class='ocrx_word' id='word_1_207' title='bbox 873 3026 1021 3111; x_wconf 88' lang='lat' dir='ltr'>ejusdem</span> <span class='ocrx_word' id='word_1_208' title='bbox 1033 3025 1176 3091; x_wconf 89' lang='lat' dir='ltr'>ecclesie</span> <span class='ocrx_word' id='word_1_209' title='bbox 1186 3025 1220 3090; x_wconf 91' lang='lat' dir='ltr'>in</span> <span class='ocrx_word' id='word_1_210' title='bbox 1232 3025 1383 3111; x_wconf 90' lang='lat' dir='ltr'>personis</span> <span class='ocrx_word' id='word_1_211' title='bbox 1393 3044 1452 3090; x_wconf 89' lang='lat' dir='ltr'>seu</span> <span class='ocrx_word' id='word_1_212' title='bbox 1462 3026 1561 3090; x_wconf 88' lang='lat' dir='ltr'>rebus</span> <span class='ocrx_word' id='word_1_213' title='bbox 1570 3025 1702 3092; x_wconf 89' lang='lat' dir='ltr'>servire</span> <span class='ocrx_word' id='word_1_214' title='bbox 1712 3028 1864 3106; x_wconf 77' lang='lat' dir='ltr'>debeant,</span> 
     </span>
     <span class='ocr_line' id='line_1_24' title="bbox 499 3128 1864 3216; baseline 0.001 -22"><span class='ocrx_word' id='word_1_215' title='bbox 499 3139 600 3216; x_wconf 89' lang='lat' dir='ltr'>prout</span> <span class='ocrx_word' id='word_1_216' title='bbox 625 3128 747 3193; x_wconf 90' lang='lat' dir='ltr'>videris</span> <span class='ocrx_word' id='word_1_217' title='bbox 768 3128 925 3215; x_wconf 86' lang='lat' dir='ltr'>expedire</span> <span class='ocrx_word' id='word_1_218' title='bbox 940 3152 949 3210; x_wconf 90' lang='lat'>;</span> <span class='ocrx_word' id='word_1_219' title='bbox 966 3150 1042 3195; x_wconf 94' lang='lat' dir='ltr'>cum</span> <span class='ocrx_word' id='word_1_220' title='bbox 1060 3128 1124 3195; x_wconf 90' lang='lat' dir='ltr'>illis</span> <span class='ocrx_word' id='word_1_221' title='bbox 1144 3150 1225 3214; x_wconf 90' lang='lat' dir='ltr'>vero</span> <span class='ocrx_word' id='word_1_222' title='bbox 1249 3150 1289 3194; x_wconf 87' lang='lat' dir='ltr'>ex</span> <span class='ocrx_word' id='word_1_223' title='bbox 1317 3128 1365 3194; x_wconf 91' lang='lat' dir='ltr'>eis</span> <span class='ocrx_word' id='word_1_224' title='bbox 1391 3128 1447 3214; x_wconf 91' lang='lat' dir='ltr'>qui</span> <span class='ocrx_word' id='word_1_225' title='bbox 1470 3128 1581 3194; x_wconf 90' lang='lat' dir='ltr'>clerici</span> <span class='ocrx_word' id='word_1_226' title='bbox 1606 3128 1739 3196; x_wconf 83' lang='lat' dir='ltr'>firerint</span> <span class='ocrx_word' id='word_1_227' title='bbox 1762 3140 1799 3198; x_wconf 92' lang='lat' dir='ltr'>et</span> <span class='ocrx_word' id='word_1_228' title='bbox 1823 3130 1864 3197; x_wconf 91' lang='lat' dir='ltr'>sic</span> 
     </span>
     <span class='ocr_line' id='line_1_25' title="bbox 499 3231 1863 3319; baseline 0.001 -21"><span class='ocrx_word' id='word_1_229' title='bbox 499 3233 589 3319; x_wconf 91' lang='lat' dir='ltr'>ligati</span> <span class='ocrx_word' id='word_1_230' title='bbox 605 3253 665 3317; x_wconf 93' lang='lat' dir='ltr'>per</span> <span class='ocrx_word' id='word_1_231' title='bbox 691 3232 943 3319; x_wconf 90' lang='lat' dir='ltr'>simplicitatem</span> <span class='ocrx_word' id='word_1_232' title='bbox 960 3242 994 3298; x_wconf 92' lang='lat' dir='ltr'>et</span> <span class='ocrx_word' id='word_1_233' title='bbox 1007 3234 1089 3319; x_wconf 88' lang='lat' dir='ltr'>juris</span> <span class='ocrx_word' id='word_1_234' title='bbox 1115 3233 1339 3318; x_wconf 88' lang='lat' dir='ltr'>ignorantiam</span> <span class='ocrx_word' id='word_1_235' title='bbox 1355 3233 1468 3299; x_wconf 88' lang='lat' dir='ltr'>divina</span> <span class='ocrx_word' id='word_1_236' title='bbox 1489 3231 1599 3297; x_wconf 90' lang='lat' dir='ltr'>officia</span> <span class='ocrx_word' id='word_1_237' title='bbox 1622 3233 1770 3301; x_wconf 84' lang='lat' dir='ltr'>forsitan</span> <span class='ocrx_word' id='word_1_238' title='bbox 1786 3236 1863 3302; x_wconf 89' lang='lat' dir='ltr'>oele·</span> 
     </span>
     <span class='ocr_line' id='line_1_26' title="bbox 499 3336 1863 3426; baseline 0.001 -24"><span class='ocrx_word' id='word_1_239' title='bbox 499 3339 635 3402; x_wconf 90' lang='lat' dir='ltr'>brarunt</span> <span class='ocrx_word' id='word_1_240' title='bbox 663 3344 697 3401; x_wconf 89' lang='lat' dir='ltr'>et</span> <span class='ocrx_word' id='word_1_241' title='bbox 722 3356 758 3402; x_wconf 90' lang='lat' dir='ltr'>se</span> <span class='ocrx_word' id='word_1_242' title='bbox 774 3336 982 3422; x_wconf 89' lang='lat' dir='ltr'>ingesserunt</span> <span class='ocrx_word' id='word_1_243' title='bbox 1005 3337 1143 3417; x_wconf 91' lang='lat' dir='ltr'>eisdem,</span> <span class='ocrx_word' id='word_1_244' title='bbox 1168 3358 1266 3424; x_wconf 89' lang='lat' dir='ltr'>super</span> <span class='ocrx_word' id='word_1_245' title='bbox 1291 3336 1530 3422; x_wconf 87' lang='lat' dir='ltr'>irregularitate</span> <span class='ocrx_word' id='word_1_246' title='bbox 1555 3356 1659 3420; x_wconf 94' lang='lat' dir='ltr'>quam</span> <span class='ocrx_word' id='word_1_247' title='bbox 1688 3348 1863 3426; x_wconf 90' lang='lat' dir='ltr'>propterea</span> 
     </span>
     <span class='ocr_line' id='line_1_27' title="bbox 501 3438 1862 3529; baseline 0.001 -23"><span class='ocrx_word' id='word_1_248' title='bbox 501 3447 740 3506; x_wconf 86' lang='lat' dir='ltr'>contraxerunt</span> <span class='ocrx_word' id='word_1_249' title='bbox 763 3440 965 3506; x_wconf 89' lang='lat' dir='ltr'>auctoritate</span> <span class='ocrx_word' id='word_1_250' title='bbox 987 3440 1140 3527; x_wconf 91' lang='lat' dir='ltr'>predicta</span> <span class='ocrx_word' id='word_1_251' title='bbox 1162 3440 1344 3526; x_wconf 90' lang='lat' dir='ltr'>dispenses,</span> <span class='ocrx_word' id='word_1_252' title='bbox 1369 3440 1519 3525; x_wconf 87' lang='lat' dir='ltr'>injuncto</span> <span class='ocrx_word' id='word_1_253' title='bbox 1541 3438 1589 3504; x_wconf 90' lang='lat' dir='ltr'>eis</span> <span class='ocrx_word' id='word_1_254' title='bbox 1616 3441 1713 3524; x_wconf 93' lang='lat' dir='ltr'>quod</span> <span class='ocrx_word' id='word_1_255' title='bbox 1736 3442 1862 3529; x_wconf 86' lang='lat' dir='ltr'>dejure</span> 
     </span>
     <span class='ocr_line' id='line_1_28' title="bbox 501 3541 1861 3631; baseline 0.004 -24"><span class='ocrx_word' id='word_1_256' title='bbox 501 3543 598 3609; x_wconf 83' lang='lat' dir='ltr'>suerit</span> <span class='ocrx_word' id='word_1_257' title='bbox 614 3542 865 3628; x_wconf 88' lang='lat' dir='ltr'>injungendum.</span> <span class='ocrx_word' id='word_1_258' title='bbox 881 3543 914 3608; x_wconf 87' lang='lat' dir='ltr'>Si</span> <span class='ocrx_word' id='word_1_259' title='bbox 930 3565 1011 3610; x_wconf 89' lang='lat' dir='ltr'>vero</span> <span class='ocrx_word' id='word_1_260' title='bbox 1027 3543 1252 3630; x_wconf 90' lang='lat' dir='ltr'>prenominati</span> <span class='ocrx_word' id='word_1_261' title='bbox 1268 3545 1324 3609; x_wconf 87' lang='lat' dir='ltr'>vel</span> <span class='ocrx_word' id='word_1_262' title='bbox 1340 3542 1440 3627; x_wconf 93' lang='lat' dir='ltr'>aliqui</span> <span class='ocrx_word' id='word_1_263' title='bbox 1456 3541 1652 3626; x_wconf 90' lang='lat' dir='ltr'>eorundem,</span> <span class='ocrx_word' id='word_1_264' title='bbox 1668 3554 1751 3631; x_wconf 91' lang='lat' dir='ltr'>post</span> <span class='ocrx_word' id='word_1_265' title='bbox 1759 3546 1861 3631; x_wconf 73' lang='lat' dir='ltr'>hujus</span> 
     </span>
     <span class='ocr_line' id='line_1_29' title="bbox 500 3646 1860 3734; baseline 0.001 -22"><span class='ocrx_word' id='word_1_266' title='bbox 500 3647 592 3712; x_wconf 93' lang='lat' dir='ltr'>modi</span> <span class='ocrx_word' id='word_1_267' title='bbox 608 3646 854 3711; x_wconf 89' lang='lat' dir='ltr'>absolutionem</span> <span class='ocrx_word' id='word_1_268' title='bbox 871 3668 930 3711; x_wconf 88' lang='lat' dir='ltr'>seu</span> <span class='ocrx_word' id='word_1_269' title='bbox 946 3647 1243 3733; x_wconf 88' lang='lat' dir='ltr'>dispensationem,</span> <span class='ocrx_word' id='word_1_270' title='bbox 1260 3647 1392 3734; x_wconf 92' lang='lat' dir='ltr'>pristini</span> <span class='ocrx_word' id='word_1_271' title='bbox 1407 3655 1518 3712; x_wconf 88' lang='lat' dir='ltr'>reatus</span> <span class='ocrx_word' id='word_1_272' title='bbox 1532 3648 1667 3713; x_wconf 89' lang='lat' dir='ltr'>macula</span> <span class='ocrx_word' id='word_1_273' title='bbox 1683 3668 1722 3715; x_wconf 91' lang='lat' dir='ltr'>se</span> <span class='ocrx_word' id='word_1_274' title='bbox 1737 3648 1860 3715; x_wconf 82' lang='lat' dir='ltr'>fedave-</span> 
     </span>
     <span class='ocr_line' id='line_1_30' title="bbox 499 3749 1858 3837; baseline 0 -22"><span class='ocrx_word' id='word_1_275' title='bbox 499 3751 575 3831; x_wconf 92' lang='lat' dir='ltr'>rint,</span> <span class='ocrx_word' id='word_1_276' title='bbox 591 3750 626 3814; x_wconf 93' lang='lat' dir='ltr'>in</span> <span class='ocrx_word' id='word_1_277' title='bbox 642 3749 767 3815; x_wconf 90' lang='lat' dir='ltr'>similes</span> <span class='ocrx_word' id='word_1_278' title='bbox 783 3749 856 3835; x_wconf 90' lang='lat' dir='ltr'>ipso</span> <span class='ocrx_word' id='word_1_279' title='bbox 881 3750 971 3817; x_wconf 83' lang='lat' dir='ltr'>facto</span> <span class='ocrx_word' id='word_1_280' title='bbox 999 3752 1184 3818; x_wconf 90' lang='lat' dir='ltr'>sententias</span> <span class='ocrx_word' id='word_1_281' title='bbox 1210 3753 1412 3818; x_wconf 92' lang='lat' dir='ltr'>relabantur.</span> <span class='ocrx_word' id='word_1_282' title='bbox 1429 3750 1508 3816; x_wconf 89' lang='lat' dir='ltr'>Dat.</span> <span class='ocrx_word' id='word_1_283' title='bbox 1524 3750 1626 3818; x_wconf 84' lang='lat' dir='ltr'>Avin.</span> <span class='ocrx_word' id='word_1_284' title='bbox 1644 3771 1663 3837; x_wconf 82' lang='lat'><strong>3</strong></span> <span class='ocrx_word' id='word_1_285' title='bbox 1692 3751 1763 3821; x_wconf 89' lang='lat' dir='ltr'>kal.</span> <span class='ocrx_word' id='word_1_286' title='bbox 1789 3752 1858 3819; x_wconf 88' lang='lat' dir='ltr'>maii</span> 
     </span>
     <span class='ocr_line' id='line_1_31' title="bbox 498 3868 1110 3935; baseline -0.007 -16"><span class='ocrx_word' id='word_1_287' title='bbox 498 3875 588 3919; x_wconf 90' lang='lat' dir='ltr'>anno</span> <span class='ocrx_word' id='word_1_288' title='bbox 605 3871 665 3935; x_wconf 77' lang='lat'>9.»</span> <span class='ocrx_word' id='word_1_289' title='bbox 1108 3868 1110 3872; x_wconf 56' lang='lat'><em>⁴</em></span> 
     </span>
    </p>
   </div>
   <div class='ocr_carea' id='block_1_5' title="bbox 531 3999 1152 4063">
    <p class='ocr_par' dir='ltr' id='par_1_5' title="bbox 531 3999 1152 4063">
     <span class='ocr_line' id='line_1_32' title="bbox 531 3999 1152 4063; baseline 0.01 -17"><span class='ocrx_word' id='word_1_290' title='bbox 531 3999 591 4061; x_wconf 68' lang='lat' dir='ltr'>neg.</span> <span class='ocrx_word' id='word_1_291' title='bbox 606 4001 654 4049; x_wconf 77' lang='lat' dir='ltr'>av.</span> <span class='ocrx_word' id='word_1_292' title='bbox 668 4002 706 4059; x_wconf 82' lang='lat'>22,</span> <span class='ocrx_word' id='word_1_293' title='bbox 719 4000 737 4049; x_wconf 83' lang='lat' dir='ltr'>r.</span> <span class='ocrx_word' id='word_1_294' title='bbox 749 4001 816 4061; x_wconf 82' lang='lat' dir='ltr'>srs;</span> <span class='ocrx_word' id='word_1_295' title='bbox 831 4000 890 4053; x_wconf 61' lang='lat' dir='ltr'>vlt.</span> <span class='ocrx_word' id='word_1_296' title='bbox 902 4004 942 4062; x_wconf 80' lang='lat' dir='ltr'>rs,</span> <span class='ocrx_word' id='word_1_297' title='bbox 956 4003 975 4052; x_wconf 81' lang='lat' dir='ltr'>r.</span> <span class='ocrx_word' id='word_1_298' title='bbox 987 4003 1027 4063; x_wconf 74' lang='lat' dir='ltr'>sl,</span> <span class='ocrx_word' id='word_1_299' title='bbox 1038 4016 1064 4053; x_wconf 83' lang='lat' dir='ltr'>n.</span> <span class='ocrx_word' id='word_1_300' title='bbox 1080 4004 1152 4053; x_wconf 81' lang='lat'>1370.</span> 
     </span>
    </p>
   </div>
   <div class='ocr_carea' id='block_1_6' title="bbox 494 4192 1854 4912">
    <p class='ocr_par' dir='ltr' id='par_1_6' title="bbox 542 4192 1819 4299">
     <span class='ocr_line' id='line_1_33' title="bbox 542 4192 1819 4299; baseline 0.008 -28"><span class='ocrx_word' id='word_1_301' title='bbox 542 4192 685 4276; x_wconf 83' lang='lat'>1530.</span> <span class='ocrx_word' id='word_1_302' title='bbox 1547 4229 1645 4293; x_wconf 78' lang='lat'><em>1325,</em></span> <span class='ocrx_word' id='word_1_303' title='bbox 1662 4233 1707 4299; x_wconf 85' lang='lat'>29</span> <span class='ocrx_word' id='word_1_304' title='bbox 1723 4215 1819 4281; x_wconf 82' lang='lat' dir='ltr'>avril.</span> 
     </span>
    </p>

    <p class='ocr_par' dir='ltr' id='par_1_7' title="bbox 494 4310 1854 4709">
     <span class='ocr_line' id='line_1_34' title="bbox 539 4310 1854 4407; baseline 0.003 -32"><span class='ocrx_word' id='word_1_305' title='bbox 539 4310 710 4397; x_wconf 80' lang='lat' dir='ltr'>Adulpho,</span> <span class='ocrx_word' id='word_1_306' title='bbox 738 4310 898 4397; x_wconf 92' lang='lat' dir='ltr'>episcopo</span> <span class='ocrx_word' id='word_1_307' title='bbox 925 4310 1116 4394; x_wconf 91' lang='lat' dir='ltr'>Leodiensi,</span> <span class='ocrx_word' id='word_1_308' title='bbox 1147 4312 1346 4407; x_wconf 91' lang='lat' dir='ltr'>conceditur</span> <span class='ocrx_word' id='word_1_309' title='bbox 1372 4313 1513 4379; x_wconf 84' lang='lat' dir='ltr'>facultas</span> <span class='ocrx_word' id='word_1_310' title='bbox 1544 4314 1690 4383; x_wconf 85' lang='lat' dir='ltr'>faciendi</span> <span class='ocrx_word' id='word_1_311' title='bbox 1719 4318 1854 4404; x_wconf 91' lang='lat' dir='ltr'>recipere</span> 
     </span>
     <span class='ocr_line' id='line_1_35' title="bbox 496 4414 1854 4510; baseline 0.001 -31"><span class='ocrx_word' id='word_1_312' title='bbox 496 4414 699 4505; x_wconf 86' lang='lat' dir='ltr'>auctoritate</span> <span class='ocrx_word' id='word_1_313' title='bbox 723 4415 910 4499; x_wconf 89' lang='lat' dir='ltr'>apostolica</span> <span class='ocrx_word' id='word_1_314' title='bbox 936 4424 1078 4510; x_wconf 89' lang='lat' dir='ltr'>quatuor</span> <span class='ocrx_word' id='word_1_315' title='bbox 1101 4437 1262 4502; x_wconf 89' lang='lat' dir='ltr'>personas</span> <span class='ocrx_word' id='word_1_316' title='bbox 1282 4417 1315 4481; x_wconf 93' lang='lat' dir='ltr'>in</span> <span class='ocrx_word' id='word_1_317' title='bbox 1343 4425 1487 4502; x_wconf 90' lang='lat' dir='ltr'>quatuor</span> <span class='ocrx_word' id='word_1_318' title='bbox 1510 4419 1699 4506; x_wconf 86' lang='lat' dir='ltr'>collegiatis</span> <span class='ocrx_word' id='word_1_319' title='bbox 1715 4419 1854 4489; x_wconf 88' lang='lat' dir='ltr'>ecclesiis</span> 
     </span>
     <span class='ocr_line' id='line_1_36' title="bbox 496 4517 1854 4608; baseline 0.004 -26"><span class='ocrx_word' id='word_1_320' title='bbox 496 4537 629 4582; x_wconf 90' lang='lat' dir='ltr'>suarum</span> <span class='ocrx_word' id='word_1_321' title='bbox 645 4517 793 4583; x_wconf 89' lang='lat' dir='ltr'>civitatis</span> <span class='ocrx_word' id='word_1_322' title='bbox 808 4526 844 4583; x_wconf 90' lang='lat' dir='ltr'>et</span> <span class='ocrx_word' id='word_1_323' title='bbox 858 4517 1011 4600; x_wconf 90' lang='lat' dir='ltr'>diocesis,</span> <span class='ocrx_word' id='word_1_324' title='bbox 1028 4519 1062 4584; x_wconf 92' lang='lat' dir='ltr'>in</span> <span class='ocrx_word' id='word_1_325' title='bbox 1079 4522 1198 4605; x_wconf 90' lang='lat' dir='ltr'>quibus</span> <span class='ocrx_word' id='word_1_326' title='bbox 1213 4520 1256 4586; x_wconf 90' lang='lat' dir='ltr'>ad</span> <span class='ocrx_word' id='word_1_327' title='bbox 1271 4542 1348 4586; x_wconf 89' lang='lat' dir='ltr'>eum</span> <span class='ocrx_word' id='word_1_328' title='bbox 1365 4521 1447 4587; x_wconf 91' lang='lat' dir='ltr'>alias</span> <span class='ocrx_word' id='word_1_329' title='bbox 1461 4523 1711 4608; x_wconf 88' lang='lat' dir='ltr'>prebendarum</span> <span class='ocrx_word' id='word_1_330' title='bbox 1727 4523 1854 4593; x_wconf 86' lang='lat' dir='ltr'>collatio</span> 
     </span>
     <span class='ocr_line' id='line_1_37' title="bbox 494 4621 1205 4709; baseline 0.007 -24"><span class='ocrx_word' id='word_1_331' title='bbox 494 4628 530 4686; x_wconf 92' lang='lat' dir='ltr'>et</span> <span class='ocrx_word' id='word_1_332' title='bbox 544 4621 782 4687; x_wconf 89' lang='lat' dir='ltr'>canonicorum</span> <span class='ocrx_word' id='word_1_333' title='bbox 798 4623 947 4708; x_wconf 89' lang='lat' dir='ltr'>receptio</span> <span class='ocrx_word' id='word_1_334' title='bbox 962 4644 1032 4688; x_wconf 92' lang='lat' dir='ltr'>non</span> <span class='ocrx_word' id='word_1_335' title='bbox 1048 4626 1205 4709; x_wconf 90' lang='lat' dir='ltr'>pertinet.</span> 
     </span>
    </p>

    <p class='ocr_par' dir='ltr' id='par_1_8' title="bbox 539 4723 907 4796">
     <span class='ocr_line' id='line_1_38' title="bbox 539 4723 907 4796; baseline 0.003 -7"><span class='ocrx_word' id='word_1_336' title='bbox 539 4723 907 4796; x_wconf 57' lang='lat' dir='ltr'>hmmmmm.</span> 
     </span>
    </p>

    <p class='ocr_par' dir='ltr' id='par_1_9' title="bbox 538 4827 1102 4912">
     <span class='ocr_line' id='line_1_39' title="bbox 538 4827 1102 4912; baseline 0.005 -19"><span class='ocrx_word' id='word_1_337' title='bbox 538 4827 617 4893; x_wconf 90' lang='lat' dir='ltr'>Dat.</span> <span class='ocrx_word' id='word_1_338' title='bbox 634 4829 734 4893; x_wconf 85' lang='lat' dir='ltr'>Avin.</span> <span class='ocrx_word' id='word_1_339' title='bbox 752 4848 769 4911; x_wconf 83' lang='lat'>3</span> <span class='ocrx_word' id='word_1_340' title='bbox 787 4827 853 4895; x_wconf 89' lang='lat' dir='ltr'>kal.</span> <span class='ocrx_word' id='word_1_341' title='bbox 870 4830 949 4895; x_wconf 91' lang='lat' dir='ltr'>maii</span> <span class='ocrx_word' id='word_1_342' title='bbox 965 4851 1056 4896; x_wconf 90' lang='lat' dir='ltr'>anno</span> <span class='ocrx_word' id='word_1_343' title='bbox 1074 4851 1102 4912; x_wconf 84' lang='lat'>9.</span> 
     </span>
    </p>
   </div>
   <div class='ocr_carea' id='block_1_7' title="bbox 528 4990 1164 5053">
    <p class='ocr_par' dir='ltr' id='par_1_10' title="bbox 528 4990 1164 5053">
     <span class='ocr_line' id='line_1_40' title="bbox 528 4990 1164 5053; baseline 0.009 -15"><span class='ocrx_word' id='word_1_344' title='bbox 528 4990 589 5051; x_wconf 85' lang='lat' dir='ltr'>Reg.</span> <span class='ocrx_word' id='word_1_345' title='bbox 602 4992 651 5040; x_wconf 78' lang='lat' dir='ltr'>Ar.</span> <span class='ocrx_word' id='word_1_346' title='bbox 666 4992 706 5049; x_wconf 79' lang='lat'>22,</span> <span class='ocrx_word' id='word_1_347' title='bbox 721 4990 739 5040; x_wconf 80' lang='lat' dir='ltr'>f.</span> <span class='ocrx_word' id='word_1_348' title='bbox 754 4994 802 5039; x_wconf 74' lang='lat' dir='ltr'>olli</span> <span class='ocrx_word' id='word_1_349' title='bbox 814 5007 819 5047; x_wconf 93' lang='lat'>;</span> <span class='ocrx_word' id='word_1_350' title='bbox 832 4991 891 5040; x_wconf 74' lang='lat' dir='ltr'>Vct.</span> <span class='ocrx_word' id='word_1_351' title='bbox 906 4995 943 5050; x_wconf 78' lang='lat' dir='ltr'>ill,</span> <span class='ocrx_word' id='word_1_352' title='bbox 956 4993 974 5042; x_wconf 80' lang='lat' dir='ltr'>f.</span> <span class='ocrx_word' id='word_1_353' title='bbox 990 4996 1040 5053; x_wconf 65' lang='grc' dir='ltr'>Μ’,</span> <span class='ocrx_word' id='word_1_354' title='bbox 1054 5008 1079 5045; x_wconf 92' lang='lat' dir='ltr'>n.</span> <span class='ocrx_word' id='word_1_355' title='bbox 1094 4997 1164 5044; x_wconf 78' lang='lat'>1371.</span> 
     </span>
    </p>
   </div>
   <div class='ocr_carea' id='block_1_8' title="bbox 0 0 2210 6017">
    <p class='ocr_par' dir='ltr' id='par_1_11' title="bbox 0 0 2210 6017">
     <span class='ocr_line' id='line_1_41' title="bbox 0 0 2210 6017; baseline 0 1"><span class='ocrx_word' id='word_1_356' title='bbox 0 0 2210 6017; x_wconf 95' lang='lat' dir='ltr'> </span> 
     </span>
    </p>
   </div>
  </div>
 </body>
</html>
