4409 6017
903 719 1050 786 lluitieme
1070 718 1176 784 anne‘e
1659 709 1722 774 507

309 867 324 904 ¹·
359 885 479 945 catum
495 886 530 944 et
545 876 751 965 prebendam
767 874 898 942 obtinet
913 881 948 938 et
964 872 999 935 in
1014 867 1133 936 eadem
1150 863 1328 932 Leodiensi
1345 859 1495 929 ecclesiis
1518 861 1578 926 sub
1601 877 1721 944 expec-

308 968 321 1011 ἶ
355 983 492 1050 tatione
516 980 687 1065 prebende
714 980 747 1045 in
772 978 973 1046 canonicum
996 983 1048 1042 est
1074 980 1231 1061 receptus
1245 990 1305 1037 seu
1320 966 1411 1054 quod
1426 963 1552 1054 patitur
1571 964 1606 1029 in
1629 970 1720 1028 etate

309 1073 318 1116 ²
354 1088 532 1156 desectum
548 1089 606 1174 (19
623 1088 730 1172 ann).

404 1193 546 1260 Generis
561 1201 596 1259 et
612 1212 785 1259 morum...

404 1300 484 1365 Dat.
499 1299 599 1366 Avin.
617 1319 634 1383 3
651 1296 718 1363 kal.
734 1295 864 1382 augusti
880 1313 971 1359 anno
987 1294 1016 1358 8.

403 1403 444 1468 In
460 1425 490 1470 e.
506 1424 550 1469 m.
566 1402 680 1469 abbati
694 1397 889 1468 monasterii
906 1396 938 1464 S.
944 1395 964 1476 J
967 1396 1063 1463 acobi
1073 1402 1109 1460 et
1120 1393 1249 1460 decano
1260 1390 1292 1457 S.
1302 1388 1322 1470 J
1325 1385 1467 1456 ohannis
1482 1378 1720 1451 Leodiensium

350 1531 396 1579 ae
428 1508 557 1589 Jacobo
580 1508 623 1575 de
652 1505 796 1587 Mutina,
823 1502 988 1571 canonico
1011 1496 1266 1567 Cameracensis
1293 1493 1521 1571 ecclesiarum,
1545 1486 1720 1572 capellano

350 1637 456 1709 pape.

391 1757 455 1821 neg.
476 1758 524 1807 av.
538 1759 578 1816 ar,
592 1755 611 1805 r.
623 1757 683 1805 aso
694 1772 700 1814 ;
713 1755 773 1805 vra.
790 1756 830 1811 rr,
843 1755 862 1802 r.
874 1753 941 1813 asar,
954 1765 980 1801 n.
997 1751 1068 1802 roto.

401 1929 552 2015 1360.
1379 1946 1474 2012 1324,
1493 1943 1539 2007 30
1555 1921 1677 2005 juillet.

401 2049 570 2119 Balduino
584 2049 742 2138 Symonis
757 2046 928 2116 confertur
942 2043 1160 2113 canonicatus
1175 2037 1317 2107 ecclesie
1334 2033 1372 2100 B.
1384 2030 1495 2099 Marie
1506 2021 1720 2113 Tungrensis,

351 2156 556 2225 Leodiensis
580 2156 733 2237 diocesis,
749 2156 809 2222 sub
836 2151 1073 2241 expectatione
1097 2144 1279 2237 prebende,
1302 2162 1371 2209 non
1397 2141 1553 2206 obstante
1580 2129 1671 2218 quod
1687 2130 1721 2195 in

350 2264 502 2333 ecclesia
525 2263 705 2331 Leodiensi
730 2260 900 2349 quoddam
927 2267 1127 2347 perpetuum
1151 2252 1363 2331 beneficium,
1389 2242 1594 2336 prebendam
1618 2258 1721 2327 parve

349 2390 475 2436 mense
490 2368 668 2455 vulgariter
684 2366 901 2455 appellatum,
917 2362 1059 2444 obtinet,
1076 2360 1167 2449 quod
1182 2358 1352 2426 dimittere
1367 2348 1547 2419 tenebitur.

403 2473 586 2540 Laudabile
602 2470 878 2540 testimonium...

402 2579 483 2644 Dat.
498 2577 598 2645 Avin.
618 2598 634 2662 3
650 2576 717 2643 kal.
734 2574 864 2661 augusti
880 2595 970 2641 anno
986 2576 1016 2640 8.

401 2682 444 2748 In
460 2703 489 2748 e.
504 2703 550 2750 m.
566 2680 803 2747 archidiacono
827 2678 870 2745 de
894 2677 1054 2744 Ardenna
1078 2686 1114 2744 et
1140 2673 1326 2743 custodiae
1349 2662 1496 2748 Johanni
1513 2660 1555 2727 de
1573 2658 1720 2735 Hoxem,

350 2787 524 2855 canonico
539 2786 680 2852 ecclesie
692 2782 897 2852 Leodiensis.

391 2927 454 2987 Reg.
467 2929 516 2976 nv.
531 2928 571 2986 21,
585 2926 604 2976 r.
619 2927 679 2973 rosv
690 2941 696 2982 ;
708 2924 768 2976 vat.
781 2927 820 2983 rr,
832 2925 851 2975 r.
866 2925 920 2984 aas,
933 2938 959 2975 n.
973 2925 1044 2973 1651.

406 3097 544 3184 1361.
1443 3130 1539 3195 1324,
1558 3132 1575 3175 1
1591 3113 1679 3177 coiit.

405 3216 571 3304 Magistro
598 3216 699 3282 Petro
713 3215 867 3301 Arquerii
890 3214 1069 3280 mandatur
1084 3222 1251 3299 quatenus
1275 3212 1376 3280 saciat
1400 3213 1599 3281 divisionem
1624 3237 1721 3302 pecu-

353 3326 491 3389 niarum
507 3341 606 3407 super
622 3318 792 3386 nonnullis
807 3318 929 3385 debitis
949 3320 982 3384 in
999 3318 1118 3403 quibus
1134 3318 1337 3385 monasteria
1353 3317 1385 3385 S.
1403 3317 1549 3385 Bavonis
1566 3319 1723 3387 Gauden-

354 3427 404 3492 sis
421 3434 456 3492 et
471 3424 503 3491 S.
519 3424 609 3490 Petri
625 3422 667 3489 de
683 3421 935 3503 Oudemburch,
951 3420 993 3488 Ο.
1009 3420 1042 3488 S.
1059 3420 1109 3503 B.‚
1126 3421 1349 3488 Tornacensis
1364 3422 1517 3506 diocesis,
1535 3422 1721 3491 Benedicto

356 3529 504 3597 Rotario
519 3537 554 3595 et
570 3527 669 3594 sociis
684 3528 754 3612 ejus
770 3536 864 3592 erant
881 3526 1029 3611 obligati.

340 3730 345 3733 -
407 3718 425 3757 <r
440 3694 575 3759 Dilecto
586 3692 655 3757 filio
666 3691 826 3777 magistro
839 3689 941 3756 Petro
953 3690 1116 3776 Arquerii,
1126 3690 1257 3757 decano
1272 3692 1413 3758 ecclesie
1431 3691 1723 3777 Rothomagensis,

358 3798 541 3884 capellano
575 3804 702 3863 nostro.
731 3795 896 3883 Exposuit
922 3796 1020 3863 nobis
1046 3796 1189 3863 dilectus
1216 3796 1302 3862 filius
1327 3795 1531 3864 Benedictus
1558 3797 1723 3881 Rotarius,

356 3902 445 3972 civis
460 3901 622 3980 Astensis,
639 3900 731 3986 quod
756 3900 883 3967 dudum
898 3921 958 3986 per
974 3921 1051 3966 eum
1067 3901 1165 3967 nobis
1181 3908 1215 3966 et
1232 3900 1372 3967 ecclesie
1390 3900 1543 3968 Romane
1558 3905 1722 3969 bonorum

355 4026 496 4074 suorum
512 4005 697 4084 mobilium,
711 4004 835 4091 jurium
851 4014 885 4069 et
901 4004 1073 4070 actionum
1097 4005 1158 4069 sibi
1175 4003 1442 4090 competentium
1459 4006 1493 4069 in
1509 4004 1647 4088 eisdem,
1663 4027 1724 4093 pro

355 4134 419 4179 sue
436 4112 544 4176 salute
560 4109 682 4188 anime,
698 4107 882 4174 donatione
898 4117 932 4173 et
949 4107 1100 4173 cessione
1118 4107 1219 4189 facta,
1236 4108 1364 4194 tibique
1383 4109 1608 4195 compellendi
1632 4110 1723 4174 debi-

355 4227 452 4281 tores
467 4234 506 4280 ac
522 4213 632 4279 socios
647 4211 796 4298 ejusdem
815 4211 989 4278 Benedicti
1006 4211 1049 4278 ad
1064 4211 1336 4278 satisfaciendum
1361 4212 1421 4277 tibi
1447 4218 1564 4277 nostro
1587 4211 1724 4277 nomine

355 4320 401 4385 de
427 4317 595 4405 premissis
621 4325 656 4382 et
680 4336 739 4381 eos
765 4316 808 4380 de
834 4316 980 4401 receptis
1002 4315 1166 4401 quitandi,
1181 4336 1241 4402 per
1256 4316 1337 4381 alias
1353 4322 1484 4381 nostras
1499 4315 1581 4380 certi
1597 4315 1724 4381 tenoris

355 4425 498 4502 litteras,
513 4428 683 4507 potestate
694 4440 864 4500 concessa,
884 4420 970 4485 inter
985 4420 1094 4485 civem
1114 4420 1258 4486 eundem
1271 4428 1306 4486 et
1317 4419 1477 4486 dilectum
1492 4418 1596 4484 filium
1607 4418 1723 4484 Berar-

355 4527 440 4592 dum
456 4524 498 4591 de
513 4522 673 4605 Crusiliis,
689 4524 770 4591 alias
785 4524 912 4590 dictum
929 4523 1147 4606 Bernardum,
1163 4544 1224 4611 pro
1240 4546 1276 4590 se
1291 4532 1326 4590 et
1341 4522 1570 4610 procuratorio
1586 4523 1723 4590 nomine

357 4628 528 4709 Johannis
542 4628 585 4695 de
603 4626 986 4710 Mirabe110,aliasdicti
1003 4629 1045 4694 de
1063 4627 1180 4707 Hales,
1197 4628 1267 4713 ejus
1283 4636 1317 4694 et
1333 4627 1413 4694 dicti
1431 4626 1606 4693 Benedicti
1631 4627 1723 4710 socii,

356 4734 450 4800 sacta
464 4731 629 4798 divisione
652 4753 751 4818 super
774 4731 943 4797 nonnullis
966 4732 1089 4798 debitis
1113 4732 1145 4796 in
1169 4732 1288 4817 quibus
1311 4731 1424 4798 dilecti
1449 4730 1505 4796 filii
1530 4731 1642 4798 Sancti
1660 4731 1722 4797 Ba-

355 4836 456 4904 vonis
469 4835 657 4903 Gandensis
669 4846 704 4902 et
716 4836 830 4902 Sancti
848 4836 937 4902 Petri
950 4836 992 4902 de
1009 4835 1271 4903 Oudemborch⁶
1286 4836 1567 4902 monasteriorum
1583 4837 1722 4901 abbates

356 4952 393 5008 et
417 4961 534 5007 eorum
558 4950 757 5021 conuentus,
781 4941 823 5007 O.
840 4941 871 5006 S.
889 4940 938 5022 B.,
954 4940 1177 5008 Tornacensis
1192 4941 1344 5021 diocesis,
1360 4939 1496 5026 prefatis
1512 4939 1611 5005 sociis
1627 4948 1721 5005 erant

390 5178 416 5213 a.
438 5161 610 5212 Oudenbarch
623 5177 673 5229 req.
