4409 6017
420 664 482 728 550
954 654 1111 722 lleuvibne
1131 658 1233 724 eunte.

463 814 777 900 1489-1490.
1485 852 1588 917 1325,
1607 856 1630 899 2
1650 853 1748 906 murs.

465 934 600 1001 Robino
615 933 658 999 de
675 931 817 998 Foresto
840 931 1010 997 confertur
1025 932 1242 1001 canonicatus
1257 936 1400 1002 ecclesie
1416 934 1455 1002 B.
1473 934 1595 1004 Mario
1613 938 1660 1005 de
1679 941 1775 1027 Aquis

419 1039 523 1125 grani,
548 1036 743 1104 Leodiensis
772 1035 924 1116 diocesis
950 1038 1010 1101 sub
1040 1038 1280 1122 expectatione
1312 1040 1496 1125 prebende,
1519 1042 1777 1112 consideratiore

421 1141 544 1223 Caroli,
569 1140 709 1207 Francie
732 1138 828 1225 regis,
860 1160 929 1205 non
960 1143 1116 1206 obstante
1150 1142 1240 1227 quod
1264 1144 1511 1229 parrochialem
1543 1147 1779 1215 ccclesiamdc

420 1245 617 1328 Olmeshem
636 1265 676 1310 ac
691 1242 928 1309 canonicatum
950 1250 986 1309 et
1001 1244 1208 1329 prebendam
1222 1246 1257 1311 in
1273 1248 1416 1314 ecclesia
1433 1250 1470 1316 S.
1487 1248 1644 1318 Servatii
1669 1250 1780 1338 Trajec·

421 1349 535 1428 tensis,
548 1346 761 1415 Coloniensis
776 1355 811 1412 et
825 1346 1022 1413 leodiensis
1037 1347 1221 1431 diocesum,
1236 1350 1378 1418 obtinet.

466 1451 661 1519 laudabilia
676 1459 776 1516 tue...

464 1556 543 1621 Dat.
559 1555 659 1622 Avin.
677 1558 695 1619 6
711 1575 791 1620 non.
807 1553 917 1619 martii
933 1573 1023 1621 anno
1040 1575 1070 1636 9.

465 1657 506 1724 ln
531 1680 561 1725 e.
576 1680 621 1724 m.
649 1658 681 1725 S.
696 1656 843 1724 Cornelii
869 1656 1024 1724 Indensis
1046 1666 1082 1723 et
1106 1658 1281 1744 Rodensis,
1298 1661 1514 1732 Coloniensis
1537 1674 1578 1733 et
1603 1666 1782 1736 Leodienss

420 1763 602 1843 diocesum,
629 1760 908 1828 monasteriorum
933 1762 1111 1828 abbatibus
1141 1784 1181 1830 ac
1214 1766 1374 1851 magistro
1406 1766 1562 1845 Johanni
1596 1771 1643 1838 de
1676 1772 1781 1853 Roooe,

421 1866 586 1933 canonico
601 1864 831 1951 Neapolitane
846 1865 999 1946 ecclesie,
1014 1866 1191 1951 capellano
1206 1889 1304 1957 pape.

455 2004 517 2065 Reg.
531 2005 580 2053 Ar.
595 2006 633 2063 22,
646 2003 664 2053 f.
680 2005 727 2052 519
740 2019 746 2060 ;
759 2003 818 2052 Vnt.
833 2004 873 2062 78,
887 2002 905 2052 L
921 2003 977 2063 398,
990 2018 1017 2052 n.
1031 2005 1102 2054 1153.

465 2200 569 2262 1490.
585 2236 629 2245 -
646 2196 766 2262 Eidem
783 2193 917 2260 Robino
938 2193 1129 2277 indulgetur
1145 2203 1182 2260 ut
1205 2195 1239 2260 in
1263 2197 1370 2262 altero
1391 2198 1649 2269 beneficiorum
1663 2224 1785 2270 suorum

421 2302 598 2368 residendo
613 2303 667 2367 vel
684 2299 852 2386 obsequiis
867 2297 1015 2375 Gerardi,
1031 2298 1165 2364 comitis
1181 2297 1389 2383 Juliacensis,
1406 2302 1500 2387 cujus
1511 2305 1637 2373 existit
1646 2308 1785 2388 clericus

421 2406 642 2488 immorand0,
666 2407 793 2471 fructus
807 2402 1028 2471 canonicatus
1043 2409 1078 2467 et
1100 2404 1271 2488 prebende
1288 2425 1371 2490 quos
1387 2405 1419 2470 in
1437 2408 1587 2474 ecclesia
1606 2410 1642 2478 S.
1655 2411 1786 2478 Servatii

421 2509 655 2595 Trajectensis,
676 2506 873 2574 Leodiensis
897 2504 1048 2585 diocesis,
1073 2506 1215 2589 obtinet,
1239 2529 1342 2593 usque
1364 2508 1408 2574 ad
1422 2508 1604 2578 biennium
1621 2516 1787 2603 percipere

422 2614 544 2679 valeat.

466 2716 649 2782 Personam
665 2725 791 2782 tuam...

467 2823 546 2886 Dat.
561 2820 661 2885 Avis.
680 2824 697 2883 6
713 2839 792 2885 non.
809 2818 917 2883 martii
933 2838 1024 2884 anno
1042 2840 1071 2899 9.

465 2923 505 2990 In
521 2945 551 2990 e.
567 2944 612 2988 m.
628 2923 659 2987 S.
677 2921 769 2987 Pauli
786 2922 983 2988 Leodiensis
998 2931 1033 2988 et
1048 2923 1080 2988 S.
1093 2922 1199 2987 Marie
1215 2921 1448 3008 Trajectensis‚
1459 2923 1666 2996 Leodiensis
1681 2930 1784 2999 dioce-

420 3029 473 3110 sis,
496 3027 632 3094 decanis
654 3046 694 3091 ac
717 3026 876 3111 magistro
902 3024 1051 3104 Johanni
1076 3026 1119 3092 de
1144 3025 1270 3108 Rocca,
1294 3029 1469 3113 capellano
1492 3049 1594 3118 pape,
1625 3036 1785 3101 canonico

422 3131 649 3217 Neapolitane
673 3130 900 3196 ecclesiarum.
1690 3130 1694 3136 '

454 3270 515 3330 mg.
531 3272 577 3317 Av.
590 3271 628 3328 22,
640 3268 658 3316 r.
671 3268 748 3324 ἤδη
768 3267 827 3317 Vas.
843 3270 880 3326 rs,
893 3269 911 3316 r.
927 3269 965 3326 ss,
978 3281 1002 3315 n.
1018 3269 1086 3315 rsos.

468 3454 606 3538 1491.
1483 3489 1579 3553 1325,
1595 3492 1617 3535 2
1643 3496 1745 3540 mars.

464 3571 644 3638 Guillelmo
666 3572 708 3638 de
726 3572 816 3639 Usto
831 3580 1018 3636 reservatur
1033 3570 1235 3637 beneficium
1262 3572 1526 3638 ecclesiasticum
1543 3593 1624 3639 cum
1641 3596 1721 3643 cura
1735 3578 1780 3641 vel

419 3677 491 3741 sine
502 3698 589 3757 cura,
606 3679 665 3763 (60
680 3678 735 3741 vel
751 3696 792 3760 40
808 3675 864 3740 lib.
880 3685 943 3740 tur.
954 3675 1073 3760 paru),
1089 3675 1132 3740 ad
1148 3675 1365 3741 collationem
1381 3675 1530 3763 episcopi
1547 3674 1781 3759 Nannetensis,

419 3801 486 3845 non
503 3782 659 3845 obstante
670 3779 760 3864 quod
769 3779 1013 3865 parrochialem
1024 3779 1203 3844 ecclesiam
1219 3778 1261 3844 de
1279 3778 1520 3865 Vertigneillio,
1534 3779 1780 3850 Cameracensis

420 3884 573 3964 diocesis,
590 3884 731 3949 obtinet.

464 3986 645 4052 Probitatis
661 3987 812 4053 merita...

463 4092 540 4157 Dat.
557 4092 656 4157 Avin.
675 4097 691 4155 6
708 4113 786 4158 non.
803 4092 912 4157 martii
929 4112 1020 4158 anno
1039 4113 1067 4173 9.

463 4196 503 4262 ln
529 4217 558 4262 e.
586 4218 629 4261 m.
656 4195 821 4262 Mauricio
846 4196 1021 4284 Prepositi,
1050 4195 1299 4278 Maeloviensis,
1318 4206 1353 4263 et
1380 4196 1540 4266 Gaulrido
1566 4198 1719 4269 Ernaudi
1743 4201 1778 4268 de

420 4299 539 4380 Ponte,
564 4299 774 4381 venetensis,
793 4321 833 4366 ac
857 4300 1007 4366 Oliverio
1033 4300 1075 4366 de
1098 4303 1131 4366 la
1148 4299 1329 4386 Harmoyt,
1347 4301 1608 4388 Corisopitensis
1631 4306 1779 4373 ecclesia·

419 4424 493 4469 rum
510 4424 693 4470 canonrcrs.

451 4552 511 4613 Reg.
524 4554 570 4600 Ar.
587 4555 625 4611 23,
637 4552 654 4601 f.
673 4553 718 4601 148
732 4568 737 4610 ;
752 4553 808 4601 Vut.
822 4555 861 4612 79,
875 4554 894 4603 f.
909 4555 948 4613 95,
959 4568 984 4602 u.
1002 4554 1071 4601 1498.

464 4739 605 4823 1492.
1477 4774 1495 4817 1
1519 4773 1541 4817 2
1566 4806 1572 4828 ,
1639 4778 1743 4821 mars.

460 4857 641 4923 Guillelmo
653 4858 695 4924 de
709 4858 856 4926 Molanis
871 4861 1042 4928 confertur
1057 4859 1240 4925 decanatus
1252 4857 1394 4922 ecclesie
1407 4773 1649 4926 Ambiarieniis
1661 4880 1781 4927 vacans

419 4983 478 5049 per
493 4962 751 5046 resignationem
768 4963 979 5030 aGuillelmo
990 4963 1032 5029 de
1050 4964 1174 5028 Planca
1187 4962 1220 5026 in
1231 4962 1386 5026 manibus
1402 4960 1554 5043 Amaldi,
1566 4962 1598 5027 S.
1610 4961 1781 5031 Eustachii

419 5066 552 5132 diaconi
569 5067 755 5149 cardinalis,
767 5067 890 5135 factam
907 5089 1005 5135 causa
1030 5065 1289 5153 permutationis
1305 5085 1381 5131 cum
1405 5066 1554 5131 cantoria
1577 5065 1782 5136 Morinensis
