4409 6017
899 721 1055 787 Deuxieme
1077 721 1179 787 annea.
1662 723 1717 787 157

309 853 316 861 ’
378 873 521 957 magistris
538 870 716 949 Francisco
731 873 774 938 de
791 872 966 952 Molliano,
977 871 1217 951 Laudunensis,
1228 892 1267 937 ac
1281 873 1422 936 Alberto
1448 873 1491 937 de
1514 870 1719 952 Mediolan0,

376 974 626 1042 Ravennatensis
642 976 1053 1055 canonicisecclesiarum,
1069 995 1157 1059 pape
1173 975 1363 1060 capellanis.

309 1121 312 1160 i
395 1110 450 1170 neg.
462 1112 512 1163 nv.
527 1111 549 1168 s,
563 1111 581 1158 r.
595 1113 641 1158 raa
653 1127 659 1163 ;
671 1112 732 1160 Vas.
747 1114 786 1170 or,
799 1114 817 1160 r.
830 1115 879 1170 arv,
893 1128 918 1161 n.
933 1116 986 1163 ras.

399 1279 514 1365 437.
1390 1319 1405 1362 1
1435 1320 1449 1362 r
1537 1301 1674 1365 octobre.

399 1398 541 1463 Decano
556 1407 591 1464 et
607 1398 754 1484 capitulo
769 1398 909 1464 ecclesie
921 1399 963 1464 de
981 1395 1101 1464 Monte
1118 1398 1149 1463 S.
1162 1398 1345 1480 Gertrudis,
1359 1318 1553 1470 Leddizdniis
1568 1401 1718 1482 diocesis,

359 1502 573 1567 confirmatur
588 1502 713 1567 erectio
728 1502 817 1567 dicte
834 1503 973 1568 ecclesie
990 1503 1023 1566 in
1040 1503 1262 1587 collegiatam.

399 1650 609 1728 «Johannes
637 1654 812 1740 episcopus
839 1674 953 1719 servus
975 1673 1145 1718 servorum
1172 1653 1245 1732 Dei,
1274 1654 1403 1721 dilectis
1433 1655 1512 1721 filiis
1531 1656 1660 1743 decano
1685 1667 1719 1723 et

357 1755 504 1840 capitulo
519 1756 660 1821 ecclesie
676 1756 718 1821 de
736 1756 856 1822 Monte
873 1758 994 1822 Sancte
1011 1756 1194 1837 Gertrudis,
1211 1757 1406 1823 Leodiensis
1415 1758 1565 1839 diocesis,
1576 1762 1718 1826 salutern

356 1869 389 1924 et
404 1860 627 1944 apostolicam
643 1861 923 1926 benedictionem.
941 1859 1026 1924 Cum
1044 1881 1063 1924 a
1078 1859 1175 1924 nobis
1198 1861 1400 1946 comperitur
1415 1861 1505 1944 quod
1517 1862 1644 1946 justum
1668 1873 1719 1937 est

357 1971 389 2026 et
404 1962 598 2044 honestum,
614 1971 685 2029 tarn
697 1965 791 2048 vigor
806 1964 963 2047 equitatis
979 1984 1080 2047 quam
1097 1963 1180 2028 ordo
1195 1964 1298 2049 exigit
1313 1964 1451 2029 rationis
1467 1974 1503 2030 ut
1519 1966 1553 2031 id
1568 1986 1627 2051 per
1643 1950 1718 2031 soli-

357 2066 542 2130 citudinem
567 2066 668 2133 officii
693 2067 796 2133 nostri
822 2067 864 2132 ad
889 2066 1039 2131 debitum
1064 2066 1264 2151 perducatur
1289 2066 1457 2133 effectum.
1483 2069 1568 2133 Sane
1598 2060 1719 2155 petitio

356 2179 466 2234 restra
481 2169 580 2235 nobis
595 2169 742 2235 exhibita
765 2172 960 2236 continebat
975 2170 1065 2254 quod
1090 2169 1194 2235 felicis
1216 2171 1376 2235 memorie
1392 2161 1615 2251 Theobaldus,
1634 2173 1718 2258 epis·

356 2293 461 2358 copus
477 2271 684 2353 Leodiensis,
694 2273 871 2358 diligenter
880 2273 1059 2338 attendens
1069 2272 1159 2357 quod
1169 2272 1385 2358 parrochialis
1395 2275 1534 2339 ecclesia
1544 2258 1586 2339 de
1598 2273 1718 2340 Monte

355 2375 478 2442 Sancte
502 2375 686 2455 Gertrudis,
703 2375 898 2442 Leodiensis
922 2376 1071 2457 diocesis,
1089 2376 1123 2441 in
1147 2397 1212 2459 qua
1228 2376 1363 2460 quidem
1388 2377 1527 2442 ecclesia
1551 2379 1718 2453 abbatissa

354 2480 551 2544 monasterii
566 2480 756 2559 Thorensis,
774 2481 816 2545 O.
833 2481 864 2544 S.
882 2479 930 2560 ss,
954 2480 1102 2565 ejusdem
1120 2480 1268 2560 diocesis,
1282 2480 1335 2564 jus
1359 2481 1490 2547 obtinet
1514 2481 1718 2570 patronatus,

354 2583 442 2649 adeo
457 2582 492 2646 in
507 2583 692 2650 redditibus
707 2584 921 2649 habundabat
938 2584 1027 2667 quod
1044 2584 1077 2647 in
1093 2605 1133 2647 ea
1148 2592 1282 2668 poterat
1291 2582 1415 2649 decens
1430 2586 1606 2670 collegium
1619 2606 1719 2649 cano-

354 2690 509 2754 nicorum
526 2688 663 2767 institui,
679 2687 734 2771 qui
752 2687 875 2752 ibidem
892 2687 1041 2752 laudibus
1055 2687 1176 2752 divinis
1192 2687 1380 2753 insisterent
1396 2695 1430 2752 et
1445 2697 1576 2772 gratum
1587 2689 1719 2785 impen-

353 2793 476 2858 derent
505 2793 654 2858 Domino
679 2792 885 2871 famulatum,
910 2793 1066 2877 quodque
1091 2793 1170 2856 villa
1193 2793 1273 2858 dicti
1300 2793 1361 2858 loci
1389 2792 1432 2857 de
1456 2789 1577 2866 Monte
1599 2792 1718 2866 Sancte

353 2895 531 2962 Gertrudis
547 2903 618 2961 erat
633 2894 770 2978 insignis
785 2904 819 2960 et
836 2896 938 2960 etiarn
964 2898 1139 2981 populosa,
1154 2896 1292 2981 cupiens
1316 2895 1439 2960 ibidem
1464 2897 1591 2961 cultum
1616 2895 1717 2981 divini

352 3000 503 3065 nominis
518 2998 684 3082 adaugeri,
696 2999 738 3064 de
750 3019 914 3064 consensu
930 3000 1094 3064 abbatisse
1111 3009 1145 3063 et
1161 3006 1348 3064 conventus
1364 2998 1511 3082 ejusdem
1526 2999 1717 3064 monasterii

351 3124 393 3170 ac
409 3102 561 3188 ejusdem
577 3100 716 3167 ecclesie
730 3102 877 3181 rectoris,
890 3101 953 3166 loci
970 3102 1192 3167 archidiaconi
1210 3110 1244 3167 et
1260 3101 1394 3187 capituli
1407 3102 1466 3181 sui,
1476 3101 1599 3166 dictam
1613 3103 1719 3166 eccle-

352 3208 438 3272 siam
456 3207 656 3271 auctoritate
673 3204 837 3269 ordinaria
854 3205 885 3269 in
903 3205 1115 3289 collegiatam
1131 3205 1236 3269 erexit
1251 3226 1291 3270 ac
1307 3204 1440 3284 ibidem,
1457 3206 1603 3289 pensatis
1620 3206 1719 3291 ipsius

353 3310 498 3376 ecclesie
530 3309 751 3388 facultatibus,
777 3309 899 3375 decens
925 3311 1102 3394 collegium
1130 3310 1365 3375 canonicorum
1397 3309 1513 3374 statuit
1544 3331 1583 3374 ac
1616 3310 1718 3374 etiam

354 3414 713 3494 ordinavit,reservata
729 3412 770 3477 de
788 3413 888 3499 ipsius
899 3414 1039 3479 ecclesie
1050 3414 1267 3498 proventibus
1279 3414 1398 3478 rectori
1416 3412 1567 3499 predicto
1583 3414 1718 3497 ejusque

353 3516 603 3583 successoribus
618 3516 720 3580 inhibi
737 3524 900 3602 perpetuo
917 3516 1065 3581 Domino
1080 3517 1247 3581 servituris
1270 3536 1415 3599 congrua
1438 3517 1601 3599 portione,
1621 3524 1719 3601 prout

354 3621 388 3684 in
410 3620 604 3706 patentibus
619 3619 738 3685 litteris
754 3620 831 3684 inde
848 3620 1019 3699 confectis,
1041 3620 1187 3705 ipsorum
1213 3619 1371 3705 episcopi,
1396 3620 1542 3705 capituli,
1559 3619 1719 3685 archidia-

354 3725 446 3804 coni,
471 3724 618 3802 rectoriS,
644 3723 809 3787 abbatisse
840 3732 875 3787 et
902 3733 1088 3789 conventus
1119 3724 1231 3808 sigillis
1261 3724 1408 3804 munitis,
1439 3724 1570 3809 plenius
1601 3724 1720 3788 (licitur

355 3827 535 3894 contineri.
553 3825 627 3892 Nos
644 3827 755 3910 itaque
781 3828 899 3891 vestris
923 3828 1220 3912 supplicationibus
1244 3827 1403 3908 inclinati,
1419 3827 1509 3911 quod
1536 3848 1633 3912 super
1656 3828 1720 3892 hoc

355 3930 498 4018 provide
515 3930 640 3995 factum
657 3940 707 3994 est
724 3940 832 3995 ratum
845 3931 1017 4010 babentes,
1031 3931 1063 3996 id
1075 3933 1275 4001 auctoritate
1286 3932 1470 4017 apostolica
1486 3932 1721 3997 confirmamus

356 4045 393 4100 et
409 4035 574 4120 presentis
597 4034 710 4119 scripti
734 4035 922 4118 patrocinio
947 4037 1203 4100 communimus.
1221 4035 1313 4100 Nulli
1339 4056 1417 4119 ergo
1442 4035 1621 4100 omnino...
1643 4035 1719 4101 Dat.

356 4140 459 4205 Avin.
479 4159 496 4222 7
513 4138 556 4204 id.
573 4138 718 4204 octobris
734 4158 824 4203 anno
842 4160 870 4204 2.
886 4163 902 4198 r>
1354 4125 1362 4141 '

392 4278 509 4339 Original
521 4294 573 4326 aux
586 4278 709 4328 Archives
720 4280 752 4327 dc
762 4265 869 4326 l’dratb
883 4279 1041 4328 Maestricht.
1053 4306 1085 4312 —
1096 4278 1122 4326 d.
1136 4279 1240 4337 liabets,
1255 4277 1285 4326 di·
1297 4278 1430 4327 ‹rr-clriorca
1446 4294 1492 4326 ron
1502 4279 1543 4325 lior
1556 4278 1664 4341 lnapittel
1676 4277 1721 4325 dri·

358 4360 544 4425 dramdallijlee
557 4360 705 4422 Jlr‘jlarbrbj
721 4362 809 4412 'I'liorin
823 4369 841 4408 t.
855 4361 866 4407 Ι
880 4361 977 4420 (1889).
990 4374 1014 4422 p.
1029 4362 1081 4409 142.
1091 4374 1116 4407 n.
1134 4362 1178 4408 138
1191 4361 1295 4422 (texto).

404 4538 523 4624 438·
1333 4556 1464 4642 [1317]
1483 4578 1521 4621 rr
1540 4559 1676 4621 octobre.

405 4657 603 4743 Raunaud0,
619 4660 869 4744 archiepiscopo
886 4659 1136 4740 Bituricensi,et
1149 4658 1349 4743 Berengario
1364 4660 1405 4725 de
1424 4659 1720 4740 Landorra,electo

363 4762 646 4848 Compostellano‚
658 4764 833 4828 mandatur
845 4771 891 4842 ut,
903 4784 978 4828 cum
992 4764 1077 4847 regis
1090 4762 1230 4828 Francie
1244 4771 1278 4827 et
1291 4764 1423 4828 comitis
1442 4762 1596 4827 Flandrie
1613 4762 1718 4827 nuntii

363 4868 403 4933 ad
416 4867 549 4934 Curiam
565 4868 783 4953 apostolicam
801 4867 964 4948 venirent,
981 4868 1042 4953 ipsi
1055 4868 1273 4952 personaliter
1289 4868 1365 4932 illuc
1376 4867 1547 4933 accedant.

407 5050 424 5089 <r
441 5023 627 5090 Venerabili
645 5023 733 5087 [ratri
755 5020 951 5106 RaynandO,
969 5021 1221 5106 archiepiscopo
1238 5019 1446 5098 Bituricensi,
1463 5029 1497 5083 et
1513 5019 1637 5083 dilecto
1653 5018 1722 5082 filio

367 5129 451 5195 fratri
477 5127 677 5211 berengario
703 5127 745 5190 de
772 5124 937 5205 Landora,
954 5125 995 5190 de
1021 5124 1136 5190 ordine
1165 5124 1300 5188 sratrnm
1328 5123 1585 5198 predicatorum,
1612 5122 1721 5185 electo
