<?xml version="1.0" encoding="UTF-8"?>
<!DOCTYPE html PUBLIC "-//W3C//DTD XHTML 1.0 Transitional//EN"
    "http://www.w3.org/TR/xhtml1/DTD/xhtml1-transitional.dtd">
<html xmlns="http://www.w3.org/1999/xhtml" xml:lang="en" lang="en">
 <head>
  <title>
</title>
<meta http-equiv="Content-Type" content="text/html;charset=utf-8" />
  <meta name='ocr-system' content='tesseract 3.04.00' />
  <meta name='ocr-capabilities' content='ocr_page ocr_carea ocr_par ocr_line ocrx_word'/>
</head>
<body>
  <div class='ocr_page' id='page_1' title='image "./lettresdejeanxx00xxiigoog_0165.png"; bbox 0 0 4409 6017; ppageno 0'>
   <div class='ocr_carea' id='block_1_1' title="bbox 898 722 1720 795">
    <p class='ocr_par' dir='ltr' id='par_1_1' title="bbox 898 722 1720 795">
     <span class='ocr_line' id='line_1_1' title="bbox 898 722 1720 795; baseline 0.011 -9"><span class='ocrx_word' id='word_1_1' title='bbox 898 722 1044 787; x_wconf 78' lang='lat' dir='ltr'>Premilre</span> <span class='ocrx_word' id='word_1_2' title='bbox 1066 726 1169 790; x_wconf 75' lang='lat' dir='ltr'>eunte.</span> <span class='ocrx_word' id='word_1_3' title='bbox 1680 730 1720 795; x_wconf 87' lang='grc'>79</span> 
     </span>
    </p>
   </div>
   <div class='ocr_carea' id='block_1_2' title="bbox 350 868 1722 962">
    <p class='ocr_par' dir='ltr' id='par_1_2' title="bbox 350 868 1722 962">
     <span class='ocr_line' id='line_1_2' title="bbox 350 868 1722 962; baseline 0.007 -29"><span class='ocrx_word' id='word_1_4' title='bbox 350 868 447 949; x_wconf 89' lang='lat' dir='ltr'>cesis,</span> <span class='ocrx_word' id='word_1_5' title='bbox 475 868 666 953; x_wconf 83' lang='lat' dir='ltr'>indulgetur</span> <span class='ocrx_word' id='word_1_6' title='bbox 688 879 725 935; x_wconf 91' lang='lat' dir='ltr'>ut</span> <span class='ocrx_word' id='word_1_7' title='bbox 741 890 810 934; x_wconf 88' lang='lat' dir='ltr'>non</span> <span class='ocrx_word' id='word_1_8' title='bbox 836 873 991 936; x_wconf 89' lang='lat' dir='ltr'>obstante</span> <span class='ocrx_word' id='word_1_9' title='bbox 1017 872 1132 938; x_wconf 84' lang='lat' dir='ltr'>frivole</span> <span class='ocrx_word' id='word_1_10' title='bbox 1155 877 1388 962; x_wconf 84' lang='lat' dir='ltr'>appellationis</span> <span class='ocrx_word' id='word_1_11' title='bbox 1412 877 1557 962; x_wconf 88' lang='lat' dir='ltr'>objectu,</span> <span class='ocrx_word' id='word_1_12' title='bbox 1584 878 1627 943; x_wconf 90' lang='lat' dir='ltr'>ad</span> <span class='ocrx_word' id='word_1_13' title='bbox 1650 898 1722 944; x_wconf 90' lang='lat' dir='ltr'>cor·</span> 
     </span>
    </p>
   </div>
   <div class='ocr_carea' id='block_1_3' title="bbox 349 973 1721 1142">
    <p class='ocr_par' dir='ltr' id='par_1_3' title="bbox 349 973 1721 1142">
     <span class='ocr_line' id='line_1_3' title="bbox 349 973 1721 1069; baseline 0.011 -35"><span class='ocrx_word' id='word_1_14' title='bbox 349 973 539 1038; x_wconf 92' lang='lat' dir='ltr'>rectionem</span> <span class='ocrx_word' id='word_1_15' title='bbox 561 994 756 1039; x_wconf 81' lang='lat' dir='ltr'>excessuum</span> <span class='ocrx_word' id='word_1_16' title='bbox 779 975 1020 1040; x_wconf 88' lang='lat' dir='ltr'>monachorum</span> <span class='ocrx_word' id='word_1_17' title='bbox 1044 988 1078 1042; x_wconf 90' lang='lat' dir='ltr'>et</span> <span class='ocrx_word' id='word_1_18' title='bbox 1101 999 1336 1045; x_wconf 81' lang='lat' dir='ltr'>conversorum</span> <span class='ocrx_word' id='word_1_19' title='bbox 1361 983 1551 1047; x_wconf 90' lang='lat' dir='ltr'>monasterii</span> <span class='ocrx_word' id='word_1_20' title='bbox 1575 984 1623 1047; x_wconf 90' lang='lat' dir='ltr'>sui</span> <span class='ocrx_word' id='word_1_21' title='bbox 1646 1004 1721 1069; x_wconf 92' lang='lat' dir='ltr'>pro-</span> 
     </span>
     <span class='ocr_line' id='line_1_4' title="bbox 352 1076 612 1142; baseline 0.004 -1"><span class='ocrx_word' id='word_1_22' title='bbox 352 1076 474 1141; x_wconf 88' lang='lat' dir='ltr'><strong>cedere</strong></span> <span class='ocrx_word' id='word_1_23' title='bbox 491 1077 612 1142; x_wconf 84' lang='lat' dir='ltr'>valeat.</span> 
     </span>
    </p>
   </div>
   <div class='ocr_carea' id='block_1_4' title="bbox 397 1179 1018 1370">
    <p class='ocr_par' dir='ltr' id='par_1_4' title="bbox 397 1179 1018 1370">
     <span class='ocr_line' id='line_1_5' title="bbox 397 1179 628 1247; baseline 0.004 -3"><span class='ocrx_word' id='word_1_24' title='bbox 397 1179 449 1244; x_wconf 86' lang='lat' dir='ltr'>Ex</span> <span class='ocrx_word' id='word_1_25' title='bbox 465 1188 628 1247; x_wconf 90' lang='lat' dir='ltr'>tenore...</span> 
     </span>
     <span class='ocr_line' id='line_1_6' title="bbox 397 1284 1018 1370; baseline 0.011 -22"><span class='ocrx_word' id='word_1_26' title='bbox 397 1284 480 1351; x_wconf 88' lang='lat' dir='ltr'>Dat.</span> <span class='ocrx_word' id='word_1_27' title='bbox 496 1286 598 1351; x_wconf 83' lang='lat' dir='ltr'>Arin.</span> <span class='ocrx_word' id='word_1_28' title='bbox 619 1306 656 1370; x_wconf 76' lang='lat'>14</span> <span class='ocrx_word' id='word_1_29' title='bbox 673 1286 740 1351; x_wconf 86' lang='lat' dir='ltr'>kal.</span> <span class='ocrx_word' id='word_1_30' title='bbox 757 1288 865 1353; x_wconf 87' lang='lat' dir='ltr'>martii</span> <span class='ocrx_word' id='word_1_31' title='bbox 882 1309 972 1353; x_wconf 91' lang='lat' dir='ltr'>anno</span> <span class='ocrx_word' id='word_1_32' title='bbox 992 1310 1018 1355; x_wconf 91' lang='lat'>1.</span> 
     </span>
    </p>
   </div>
   <div class='ocr_carea' id='block_1_5' title="bbox 356 1427 1721 1583">
    <p class='ocr_par' dir='ltr' id='par_1_5' title="bbox 356 1427 1721 1583">
     <span class='ocr_line' id='line_1_7' title="bbox 386 1427 1721 1511; baseline 0.01 -27"><span class='ocrx_word' id='word_1_33' title='bbox 386 1437 505 1500; x_wconf 78' lang='lat' dir='ltr'>Original</span> <span class='ocrx_word' id='word_1_34' title='bbox 518 1454 571 1487; x_wconf 80' lang='lat' dir='ltr'>aux</span> <span class='ocrx_word' id='word_1_35' title='bbox 582 1440 708 1488; x_wconf 78' lang='lat' dir='ltr'>Arclrives</span> <span class='ocrx_word' id='word_1_36' title='bbox 718 1441 751 1489; x_wconf 90' lang='lat' dir='ltr'>de</span> <span class='ocrx_word' id='word_1_37' title='bbox 763 1427 845 1490; x_wconf 77' lang='lat' dir='ltr'>l&#39;litat</span> <span class='ocrx_word' id='word_1_38' title='bbox 856 1444 871 1490; x_wconf 67' lang='grc' dir='ltr'><strong><em>ἡ</em></strong></span> <span class='ocrx_word' id='word_1_39' title='bbox 883 1442 970 1492; x_wconf 81' lang='lat' dir='ltr'>Arlon.</span> <span class='ocrx_word' id='word_1_40' title='bbox 979 1471 1011 1477; x_wconf 96' lang='lat'><strong>—</strong></span> <span class='ocrx_word' id='word_1_41' title='bbox 1023 1444 1054 1492; x_wconf 90' lang='lat' dir='ltr'>G.</span> <span class='ocrx_word' id='word_1_42' title='bbox 1069 1444 1164 1504; x_wconf 86' lang='lat' dir='ltr'>Kurth,</span> <span class='ocrx_word' id='word_1_43' title='bbox 1179 1445 1330 1495; x_wconf 67' lang='lat' dir='ltr'>Charmade</span> <span class='ocrx_word' id='word_1_44' title='bbox 1345 1447 1464 1511; x_wconf 71' lang='lat' dir='ltr'>l’ublruye</span> <span class='ocrx_word' id='word_1_45' title='bbox 1479 1447 1510 1495; x_wconf 80' lang='lat' dir='ltr'>de</span> <span class='ocrx_word' id='word_1_46' title='bbox 1523 1449 1721 1511; x_wconf 74' lang='lat' dir='ltr'>Soita-Hubert,</span> 
     </span>
     <span class='ocr_line' id='line_1_8' title="bbox 356 1519 617 1583; baseline 0.019 -19"><span class='ocrx_word' id='word_1_47' title='bbox 356 1529 373 1565; x_wconf 72' lang='lat' dir='ltr'>t.</span> <span class='ocrx_word' id='word_1_48' title='bbox 387 1519 396 1565; x_wconf 91' lang='lat'>1</span> <span class='ocrx_word' id='word_1_49' title='bbox 411 1522 511 1581; x_wconf 67' lang='lat' dir='ltr'>(isira),</span> <span class='ocrx_word' id='word_1_50' title='bbox 525 1536 549 1583; x_wconf 74' lang='lat' dir='ltr'>p.</span> <span class='ocrx_word' id='word_1_51' title='bbox 563 1524 617 1569; x_wconf 71' lang='lat'>⁴79.</span> 
     </span>
    </p>
   </div>
   <div class='ocr_carea' id='block_1_6' title="bbox 359 1728 1722 2225">
    <p class='ocr_par' dir='ltr' id='par_1_6' title="bbox 397 1728 1678 1838">
     <span class='ocr_line' id='line_1_9' title="bbox 397 1728 1678 1838; baseline 0.005 -28"><span class='ocrx_word' id='word_1_52' title='bbox 397 1728 513 1812; x_wconf 83' lang='lat'>253·</span> <span class='ocrx_word' id='word_1_53' title='bbox 1378 1770 1471 1834; x_wconf 75' lang='lat'><em>1317,</em></span> <span class='ocrx_word' id='word_1_54' title='bbox 1489 1771 1530 1834; x_wconf 84' lang='lat'>17</span> <span class='ocrx_word' id='word_1_55' title='bbox 1537 1752 1678 1838; x_wconf 64' lang='lat' dir='ltr'>farier.</span> 
     </span>
    </p>

    <p class='ocr_par' dir='ltr' id='par_1_7' title="bbox 359 1848 1722 2120">
     <span class='ocr_line' id='line_1_10' title="bbox 397 1848 1722 1937; baseline 0.009 -27"><span class='ocrx_word' id='word_1_56' title='bbox 397 1848 522 1912; x_wconf 72' lang='lat' dir='ltr'>Abbati</span> <span class='ocrx_word' id='word_1_57' title='bbox 548 1856 583 1912; x_wconf 90' lang='lat' dir='ltr'>et</span> <span class='ocrx_word' id='word_1_58' title='bbox 609 1851 790 1914; x_wconf 78' lang='lat' dir='ltr'>conventui</span> <span class='ocrx_word' id='word_1_59' title='bbox 807 1852 996 1916; x_wconf 88' lang='lat' dir='ltr'>monasterii</span> <span class='ocrx_word' id='word_1_60' title='bbox 1022 1851 1052 1916; x_wconf 88' lang='lat' dir='ltr'>S.</span> <span class='ocrx_word' id='word_1_61' title='bbox 1071 1851 1213 1917; x_wconf 88' lang='lat' dir='ltr'>Huberti</span> <span class='ocrx_word' id='word_1_62' title='bbox 1231 1853 1263 1916; x_wconf 94' lang='lat' dir='ltr'>in</span> <span class='ocrx_word' id='word_1_63' title='bbox 1280 1853 1448 1934; x_wconf 82' lang='lat' dir='ltr'>Ardenna,</span> <span class='ocrx_word' id='word_1_64' title='bbox 1464 1855 1506 1919; x_wconf 93' lang='grc'>().</span> <span class='ocrx_word' id='word_1_65' title='bbox 1523 1856 1554 1920; x_wconf 87' lang='lat' dir='ltr'>S.</span> <span class='ocrx_word' id='word_1_66' title='bbox 1571 1854 1620 1937; x_wconf 84' lang='lat' dir='ltr'>B,</span> <span class='ocrx_word' id='word_1_67' title='bbox 1637 1855 1722 1922; x_wconf 88' lang='lat' dir='ltr'>Leo-</span> 
     </span>
     <span class='ocr_line' id='line_1_11' title="bbox 359 1951 1722 2044; baseline 0.009 -30"><span class='ocrx_word' id='word_1_68' title='bbox 359 1951 478 2014; x_wconf 88' lang='lat' dir='ltr'>diensis</span> <span class='ocrx_word' id='word_1_69' title='bbox 509 1951 661 2035; x_wconf 67' lang='lat' dir='ltr'>diocesis</span> <span class='ocrx_word' id='word_1_70' title='bbox 691 1953 929 2020; x_wconf 81' lang='lat' dir='ltr'>confirmantur</span> <span class='ocrx_word' id='word_1_71' title='bbox 960 1976 1077 2020; x_wconf 91' lang='lat' dir='ltr'>omnes</span> <span class='ocrx_word' id='word_1_72' title='bbox 1108 1956 1277 2021; x_wconf 80' lang='lat' dir='ltr'>libertates</span> <span class='ocrx_word' id='word_1_73' title='bbox 1309 1967 1343 2021; x_wconf 92' lang='lat' dir='ltr'>et</span> <span class='ocrx_word' id='word_1_74' title='bbox 1375 1958 1544 2043; x_wconf 87' lang='lat' dir='ltr'>privilegia</span> <span class='ocrx_word' id='word_1_75' title='bbox 1573 1960 1722 2044; x_wconf 86' lang='lat' dir='ltr'>ejusdem</span> 
     </span>
     <span class='ocr_line' id='line_1_12' title="bbox 361 2055 562 2120; baseline 0.015 -4"><span class='ocrx_word' id='word_1_76' title='bbox 361 2055 562 2120; x_wconf 90' lang='lat' dir='ltr'>monasterii.</span> 
     </span>
    </p>

    <p class='ocr_par' dir='ltr' id='par_1_8' title="bbox 400 2158 700 2225">
     <span class='ocr_line' id='line_1_13' title="bbox 400 2158 700 2225; baseline 0.01 -4"><span class='ocrx_word' id='word_1_77' title='bbox 400 2158 494 2223; x_wconf 91' lang='lat' dir='ltr'>Solet</span> <span class='ocrx_word' id='word_1_78' title='bbox 510 2179 700 2225; x_wconf 88' lang='lat' dir='ltr'>annuere...</span> 
     </span>
    </p>
   </div>
   <div class='ocr_carea' id='block_1_7' title="bbox 401 2261 1018 2347">
    <p class='ocr_par' dir='ltr' id='par_1_9' title="bbox 401 2261 1018 2347">
     <span class='ocr_line' id='line_1_14' title="bbox 401 2261 1018 2347; baseline 0.01 -22"><span class='ocrx_word' id='word_1_79' title='bbox 401 2261 483 2327; x_wconf 90' lang='lat' dir='ltr'>Dat.</span> <span class='ocrx_word' id='word_1_80' title='bbox 500 2263 601 2327; x_wconf 78' lang='lat' dir='ltr'>Avin.</span> <span class='ocrx_word' id='word_1_81' title='bbox 622 2284 658 2347; x_wconf 87' lang='lat'>13</span> <span class='ocrx_word' id='word_1_82' title='bbox 676 2263 741 2328; x_wconf 87' lang='lat' dir='ltr'>kal.</span> <span class='ocrx_word' id='word_1_83' title='bbox 758 2266 866 2330; x_wconf 90' lang='lat' dir='ltr'>martii</span> <span class='ocrx_word' id='word_1_84' title='bbox 883 2288 973 2331; x_wconf 91' lang='lat' dir='ltr'>anno</span> <span class='ocrx_word' id='word_1_85' title='bbox 993 2287 1018 2332; x_wconf 90' lang='lat'>1.</span> 
     </span>
    </p>
   </div>
   <div class='ocr_carea' id='block_1_8' title="bbox 362 2404 1724 2561">
    <p class='ocr_par' dir='ltr' id='par_1_10' title="bbox 362 2404 1724 2561">
     <span class='ocr_line' id='line_1_15' title="bbox 389 2404 1724 2489; baseline 0.01 -28"><span class='ocrx_word' id='word_1_86' title='bbox 389 2416 508 2475; x_wconf 61' lang='lat' dir='ltr'>Oriprinal</span> <span class='ocrx_word' id='word_1_87' title='bbox 527 2431 579 2464; x_wconf 82' lang='lat' dir='ltr'>oux</span> <span class='ocrx_word' id='word_1_88' title='bbox 603 2418 726 2466; x_wconf 78' lang='lat' dir='ltr'>Arcbires</span> <span class='ocrx_word' id='word_1_89' title='bbox 745 2419 778 2467; x_wconf 90' lang='lat' dir='ltr'>de</span> <span class='ocrx_word' id='word_1_90' title='bbox 803 2404 885 2468; x_wconf 73' lang='lat' dir='ltr'>l&#39;litat</span> <span class='ocrx_word' id='word_1_91' title='bbox 902 2422 917 2468; x_wconf 75' lang='lat' dir='ltr'>a</span> <span class='ocrx_word' id='word_1_92' title='bbox 936 2421 1025 2468; x_wconf 81' lang='lat' dir='ltr'>Arlon.</span> <span class='ocrx_word' id='word_1_93' title='bbox 1045 2449 1075 2455; x_wconf 90' lang='lat'><em>—</em></span> <span class='ocrx_word' id='word_1_94' title='bbox 1091 2422 1123 2470; x_wconf 79' lang='lat' dir='ltr'>G.</span> <span class='ocrx_word' id='word_1_95' title='bbox 1146 2422 1238 2481; x_wconf 84' lang='lat' dir='ltr'>Kurtb,</span> <span class='ocrx_word' id='word_1_96' title='bbox 1260 2422 1370 2471; x_wconf 75' lang='lat' dir='ltr'>Clcrrtee</span> <span class='ocrx_word' id='word_1_97' title='bbox 1389 2422 1420 2470; x_wconf 81' lang='lat' dir='ltr'>de</span> <span class='ocrx_word' id='word_1_98' title='bbox 1440 2423 1562 2489; x_wconf 76' lang='lat' dir='ltr'>l&#39;ubbuye</span> <span class='ocrx_word' id='word_1_99' title='bbox 1581 2425 1613 2473; x_wconf 79' lang='lat' dir='ltr'>de</span> <span class='ocrx_word' id='word_1_100' title='bbox 1638 2427 1724 2474; x_wconf 79' lang='lat' dir='ltr'>Saint-</span> 
     </span>
     <span class='ocr_line' id='line_1_16' title="bbox 362 2496 739 2561; baseline 0.013 -19"><span class='ocrx_word' id='word_1_101' title='bbox 362 2496 469 2554; x_wconf 72' lang='lat' dir='ltr'>Hubert,</span> <span class='ocrx_word' id='word_1_102' title='bbox 477 2502 498 2545; x_wconf 85' lang='lat' dir='ltr'>t.</span> <span class='ocrx_word' id='word_1_103' title='bbox 512 2498 521 2544; x_wconf 87' lang='grc' dir='ltr'>Ι</span> <span class='ocrx_word' id='word_1_104' title='bbox 536 2501 633 2560; x_wconf 74' lang='grc'>(1903),</span> <span class='ocrx_word' id='word_1_105' title='bbox 648 2514 671 2561; x_wconf 83' lang='lat' dir='ltr'>p.</span> <span class='ocrx_word' id='word_1_106' title='bbox 686 2502 739 2547; x_wconf 69' lang='lat' dir='ltr'>tarr.</span> 
     </span>
    </p>
   </div>
   <div class='ocr_carea' id='block_1_9' title="bbox 358 2679 1726 3506">
    <p class='ocr_par' dir='ltr' id='par_1_11' title="bbox 400 2679 1681 2788">
     <span class='ocr_line' id='line_1_17' title="bbox 400 2679 1681 2788; baseline 0.004 -28"><span class='ocrx_word' id='word_1_107' title='bbox 400 2679 517 2763; x_wconf 77' lang='lat'>254.</span> <span class='ocrx_word' id='word_1_108' title='bbox 1380 2718 1475 2783; x_wconf 75' lang='lat'><em>1317,</em></span> <span class='ocrx_word' id='word_1_109' title='bbox 1491 2700 1681 2788; x_wconf 80' lang='lat' dir='ltr'>17se&#39;vrier.</span> 
     </span>
    </p>

    <p class='ocr_par' dir='ltr' id='par_1_12' title="bbox 358 2798 1726 3301">
     <span class='ocr_line' id='line_1_18' title="bbox 402 2798 1726 2889; baseline 0.004 -27"><span class='ocrx_word' id='word_1_110' title='bbox 402 2798 507 2863; x_wconf 88' lang='lat' dir='ltr'>Priori</span> <span class='ocrx_word' id='word_1_111' title='bbox 532 2800 725 2864; x_wconf 89' lang='lat' dir='ltr'>monasterii</span> <span class='ocrx_word' id='word_1_112' title='bbox 749 2799 780 2865; x_wconf 86' lang='lat' dir='ltr'>S.</span> <span class='ocrx_word' id='word_1_113' title='bbox 805 2798 965 2882; x_wconf 86' lang='lat' dir='ltr'>Mauritii,</span> <span class='ocrx_word' id='word_1_114' title='bbox 991 2801 1167 2867; x_wconf 90' lang='lat' dir='ltr'>Remensis</span> <span class='ocrx_word' id='word_1_115' title='bbox 1189 2803 1339 2883; x_wconf 69' lang='lat' dir='ltr'>diocesis</span> <span class='ocrx_word' id='word_1_116' title='bbox 1362 2804 1540 2870; x_wconf 88' lang='lat' dir='ltr'>mandatur</span> <span class='ocrx_word' id='word_1_117' title='bbox 1562 2814 1726 2889; x_wconf 90' lang='lat' dir='ltr'>quatenus</span> 
     </span>
     <span class='ocr_line' id='line_1_19' title="bbox 362 2901 1725 2973; baseline 0.004 -8"><span class='ocrx_word' id='word_1_118' title='bbox 362 2901 475 2967; x_wconf 90' lang='lat' dir='ltr'>audiat</span> <span class='ocrx_word' id='word_1_119' title='bbox 493 2911 527 2966; x_wconf 91' lang='lat' dir='ltr'>et</span> <span class='ocrx_word' id='word_1_120' title='bbox 544 2902 677 2968; x_wconf 82' lang='lat' dir='ltr'>decidat</span> <span class='ocrx_word' id='word_1_121' title='bbox 693 2924 828 2969; x_wconf 87' lang='lat' dir='ltr'>causam</span> <span class='ocrx_word' id='word_1_122' title='bbox 845 2904 932 2969; x_wconf 91' lang='lat' dir='ltr'>inter</span> <span class='ocrx_word' id='word_1_123' title='bbox 947 2908 1103 2971; x_wconf 84' lang='lat' dir='ltr'>abbatem</span> <span class='ocrx_word' id='word_1_124' title='bbox 1122 2914 1156 2971; x_wconf 89' lang='lat' dir='ltr'>et</span> <span class='ocrx_word' id='word_1_125' title='bbox 1172 2916 1378 2971; x_wconf 90' lang='lat' dir='ltr'>conventum</span> <span class='ocrx_word' id='word_1_126' title='bbox 1395 2907 1586 2973; x_wconf 91' lang='lat' dir='ltr'>monasterii</span> <span class='ocrx_word' id='word_1_127' title='bbox 1603 2908 1634 2972; x_wconf 88' lang='lat' dir='ltr'>S.</span> <span class='ocrx_word' id='word_1_128' title='bbox 1653 2906 1725 2971; x_wconf 93' lang='lat' dir='ltr'>Hu-</span> 
     </span>
     <span class='ocr_line' id='line_1_20' title="bbox 359 3006 1725 3090; baseline 0 -16"><span class='ocrx_word' id='word_1_129' title='bbox 359 3009 443 3074; x_wconf 90' lang='lat' dir='ltr'>berti</span> <span class='ocrx_word' id='word_1_130' title='bbox 461 3009 494 3071; x_wconf 94' lang='lat' dir='ltr'>in</span> <span class='ocrx_word' id='word_1_131' title='bbox 512 3007 681 3086; x_wconf 74' lang='lat' dir='ltr'>Ardenna,</span> <span class='ocrx_word' id='word_1_132' title='bbox 698 3008 739 3072; x_wconf 87' lang='grc' dir='ltr'>Ο.</span> <span class='ocrx_word' id='word_1_133' title='bbox 757 3007 787 3072; x_wconf 89' lang='lat' dir='ltr'>S.</span> <span class='ocrx_word' id='word_1_134' title='bbox 805 3006 854 3088; x_wconf 74' lang='lat' dir='ltr'>B,</span> <span class='ocrx_word' id='word_1_135' title='bbox 871 3008 1066 3074; x_wconf 90' lang='lat' dir='ltr'>Leodiensis</span> <span class='ocrx_word' id='word_1_136' title='bbox 1093 3009 1244 3090; x_wconf 89' lang='lat' dir='ltr'>diocesis,</span> <span class='ocrx_word' id='word_1_137' title='bbox 1260 3031 1299 3075; x_wconf 90' lang='lat' dir='ltr'>ac</span> <span class='ocrx_word' id='word_1_138' title='bbox 1324 3010 1367 3075; x_wconf 90' lang='lat' dir='ltr'>de</span> <span class='ocrx_word' id='word_1_139' title='bbox 1383 3009 1509 3090; x_wconf 83' lang='lat' dir='ltr'>Biveie,</span> <span class='ocrx_word' id='word_1_140' title='bbox 1526 3011 1568 3076; x_wconf 91' lang='lat' dir='ltr'>de</span> <span class='ocrx_word' id='word_1_141' title='bbox 1584 3009 1674 3075; x_wconf 89' lang='lat' dir='ltr'>Guiri</span> <span class='ocrx_word' id='word_1_142' title='bbox 1691 3018 1725 3075; x_wconf 92' lang='lat' dir='ltr'>et</span> 
     </span>
     <span class='ocr_line' id='line_1_21' title="bbox 358 3110 1724 3197; baseline -0.001 -18"><span class='ocrx_word' id='word_1_143' title='bbox 358 3115 400 3179; x_wconf 93' lang='lat' dir='ltr'>de</span> <span class='ocrx_word' id='word_1_144' title='bbox 417 3112 550 3177; x_wconf 87' lang='lat' dir='ltr'>Lamuli</span> <span class='ocrx_word' id='word_1_145' title='bbox 568 3110 720 3175; x_wconf 85' lang='lat' dir='ltr'>villarum</span> <span class='ocrx_word' id='word_1_146' title='bbox 737 3112 980 3192; x_wconf 78' lang='lat' dir='ltr'>universitates,</span> <span class='ocrx_word' id='word_1_147' title='bbox 996 3112 1210 3180; x_wconf 78' lang='lat' dir='ltr'>&#39;l&#39;reverensis</span> <span class='ocrx_word' id='word_1_148' title='bbox 1225 3114 1374 3194; x_wconf 67' lang='lat' dir='ltr'>diocesis</span> <span class='ocrx_word' id='word_1_149' title='bbox 1392 3136 1456 3197; x_wconf 91' lang='lat' dir='ltr'>que</span> <span class='ocrx_word' id='word_1_150' title='bbox 1472 3114 1597 3179; x_wconf 88' lang='lat' dir='ltr'>eisdem</span> <span class='ocrx_word' id='word_1_151' title='bbox 1614 3116 1724 3180; x_wconf 90' lang='lat' dir='ltr'>abbati</span> 
     </span>
     <span class='ocr_line' id='line_1_22' title="bbox 358 3216 1325 3301; baseline 0.002 -20"><span class='ocrx_word' id='word_1_152' title='bbox 358 3231 391 3281; x_wconf 91' lang='lat' dir='ltr'>et</span> <span class='ocrx_word' id='word_1_153' title='bbox 409 3216 594 3282; x_wconf 71' lang='lat' dir='ltr'>conventui</span> <span class='ocrx_word' id='word_1_154' title='bbox 611 3236 709 3300; x_wconf 90' lang='lat' dir='ltr'>super</span> <span class='ocrx_word' id='word_1_155' title='bbox 725 3216 987 3300; x_wconf 83' lang='lat' dir='ltr'>possessionibus</span> <span class='ocrx_word' id='word_1_156' title='bbox 1003 3217 1068 3282; x_wconf 91' lang='lat' dir='ltr'>suis</span> <span class='ocrx_word' id='word_1_157' title='bbox 1085 3217 1325 3301; x_wconf 78' lang='lat' dir='ltr'>injuriarentur.</span> 
     </span>
    </p>

    <p class='ocr_par' dir='ltr' id='par_1_13' title="bbox 403 3319 727 3404">
     <span class='ocr_line' id='line_1_23' title="bbox 403 3319 727 3404; baseline -0.003 -20"><span class='ocrx_word' id='word_1_158' title='bbox 403 3319 590 3404; x_wconf 88' lang='lat' dir='ltr'>Conquesti</span> <span class='ocrx_word' id='word_1_159' title='bbox 607 3328 727 3384; x_wconf 91' lang='lat' dir='ltr'>sunt...</span> 
     </span>
    </p>

    <p class='ocr_par' dir='ltr' id='par_1_14' title="bbox 403 3422 1017 3506">
     <span class='ocr_line' id='line_1_24' title="bbox 403 3422 1017 3506; baseline 0.002 -19"><span class='ocrx_word' id='word_1_160' title='bbox 403 3424 485 3489; x_wconf 88' lang='lat' dir='ltr'>Dat.</span> <span class='ocrx_word' id='word_1_161' title='bbox 498 3424 596 3489; x_wconf 79' lang='lat' dir='ltr'>Avin.</span> <span class='ocrx_word' id='word_1_162' title='bbox 619 3443 654 3506; x_wconf 80' lang='lat'>13</span> <span class='ocrx_word' id='word_1_163' title='bbox 671 3422 737 3488; x_wconf 92' lang='lat' dir='ltr'>kal.</span> <span class='ocrx_word' id='word_1_164' title='bbox 754 3424 863 3488; x_wconf 88' lang='lat' dir='ltr'>martii</span> <span class='ocrx_word' id='word_1_165' title='bbox 881 3445 970 3488; x_wconf 88' lang='lat' dir='ltr'>anno</span> <span class='ocrx_word' id='word_1_166' title='bbox 992 3445 1017 3489; x_wconf 91' lang='lat'>1.</span> 
     </span>
    </p>
   </div>
   <div class='ocr_carea' id='block_1_10' title="bbox 359 3568 1728 3723">
    <p class='ocr_par' dir='ltr' id='par_1_15' title="bbox 359 3568 1728 3723">
     <span class='ocr_line' id='line_1_25' title="bbox 390 3568 1728 3642; baseline -0.001 -16"><span class='ocrx_word' id='word_1_167' title='bbox 390 3577 510 3639; x_wconf 74' lang='lat' dir='ltr'>original</span> <span class='ocrx_word' id='word_1_168' title='bbox 523 3592 575 3625; x_wconf 83' lang='lat' dir='ltr'>aux</span> <span class='ocrx_word' id='word_1_169' title='bbox 588 3577 712 3625; x_wconf 75' lang='lat' dir='ltr'>Archives</span> <span class='ocrx_word' id='word_1_170' title='bbox 723 3577 755 3624; x_wconf 86' lang='lat' dir='ltr'>de</span> <span class='ocrx_word' id='word_1_171' title='bbox 768 3568 851 3629; x_wconf 80' lang='lat' dir='ltr'>l&#39;Etat</span> <span class='ocrx_word' id='word_1_172' title='bbox 862 3580 875 3624; x_wconf 78' lang='lat' dir='ltr'>ri</span> <span class='ocrx_word' id='word_1_173' title='bbox 889 3578 976 3627; x_wconf 79' lang='lat' dir='ltr'>Arlon.</span> <span class='ocrx_word' id='word_1_174' title='bbox 999 3607 1020 3611; x_wconf 86' lang='lat'>—</span> <span class='ocrx_word' id='word_1_175' title='bbox 1032 3582 1063 3627; x_wconf 79' lang='lat' dir='ltr'>(l.</span> <span class='ocrx_word' id='word_1_176' title='bbox 1083 3579 1177 3637; x_wconf 77' lang='lat' dir='ltr'>liurtb,</span> <span class='ocrx_word' id='word_1_177' title='bbox 1191 3579 1302 3627; x_wconf 68' lang='lat' dir='ltr'>tumne</span> <span class='ocrx_word' id='word_1_178' title='bbox 1313 3580 1343 3625; x_wconf 76' lang='lat' dir='ltr'>de</span> <span class='ocrx_word' id='word_1_179' title='bbox 1354 3580 1470 3642; x_wconf 75' lang='lat' dir='ltr'>l&#39;abbupe</span> <span class='ocrx_word' id='word_1_180' title='bbox 1486 3578 1518 3625; x_wconf 80' lang='lat' dir='ltr'>da</span> <span class='ocrx_word' id='word_1_181' title='bbox 1528 3579 1728 3638; x_wconf 73' lang='lat' dir='ltr'>bltirrt-llabrrt,</span> 
     </span>
     <span class='ocr_line' id='line_1_26' title="bbox 359 3662 521 3723; baseline -0.012 -14"><span class='ocrx_word' id='word_1_182' title='bbox 359 3672 377 3709; x_wconf 85' lang='lat' dir='ltr'>t.</span> <span class='ocrx_word' id='word_1_183' title='bbox 391 3662 412 3718; x_wconf 91' lang='lat' dir='ltr'>l,</span> <span class='ocrx_word' id='word_1_184' title='bbox 426 3676 451 3723; x_wconf 86' lang='lat' dir='ltr'>p.</span> <span class='ocrx_word' id='word_1_185' title='bbox 466 3662 521 3707; x_wconf 72' lang='grc'><strong>481.</strong></span> 
     </span>
    </p>
   </div>
   <div class='ocr_carea' id='block_1_11' title="bbox 359 3831 1732 4951">
    <p class='ocr_par' dir='ltr' id='par_1_16' title="bbox 404 3831 1683 3934">
     <span class='ocr_line' id='line_1_27' title="bbox 404 3831 1683 3934; baseline -0.001 -22"><span class='ocrx_word' id='word_1_186' title='bbox 404 3831 1476 3930; x_wconf 77' lang='lat'>255·1317,</span> <span class='ocrx_word' id='word_1_187' title='bbox 1494 3851 1536 3913; x_wconf 80' lang='lat'>18</span> <span class='ocrx_word' id='word_1_188' title='bbox 1543 3849 1683 3934; x_wconf 70' lang='lat' dir='ltr'>scorrer.</span> 
     </span>
    </p>

    <p class='ocr_par' dir='ltr' id='par_1_17' title="bbox 359 3950 1731 4659">
     <span class='ocr_line' id='line_1_28' title="bbox 406 3950 1729 4037; baseline 0.002 -22"><span class='ocrx_word' id='word_1_189' title='bbox 406 3950 571 4034; x_wconf 81' lang='lat' dir='ltr'>Magistro</span> <span class='ocrx_word' id='word_1_190' title='bbox 586 3952 718 4034; x_wconf 71' lang='lat' dir='ltr'>Angelo</span> <span class='ocrx_word' id='word_1_191' title='bbox 735 3950 777 4015; x_wconf 92' lang='lat' dir='ltr'>de</span> <span class='ocrx_word' id='word_1_192' title='bbox 793 3950 944 4015; x_wconf 79' lang='lat' dir='ltr'>&#39;l&#39;ineosis</span> <span class='ocrx_word' id='word_1_193' title='bbox 961 3951 1002 4015; x_wconf 90' lang='lat' dir='ltr'>de</span> <span class='ocrx_word' id='word_1_194' title='bbox 1020 3950 1122 4032; x_wconf 84' lang='lat' dir='ltr'>Urbe,</span> <span class='ocrx_word' id='word_1_195' title='bbox 1140 3952 1327 4016; x_wconf 88' lang='lat' dir='ltr'>consiliario</span> <span class='ocrx_word' id='word_1_196' title='bbox 1343 3961 1377 4015; x_wconf 92' lang='lat' dir='ltr'>et</span> <span class='ocrx_word' id='word_1_197' title='bbox 1389 3952 1563 4037; x_wconf 91' lang='lat' dir='ltr'>capellano</span> <span class='ocrx_word' id='word_1_198' title='bbox 1580 3952 1729 4033; x_wconf 89' lang='lat' dir='ltr'>Roberti,</span> 
     </span>
     <span class='ocr_line' id='line_1_29' title="bbox 359 4054 1730 4141; baseline -0.001 -21"><span class='ocrx_word' id='word_1_199' title='bbox 359 4056 472 4120; x_wconf 83' lang='lat' dir='ltr'>Sicilie</span> <span class='ocrx_word' id='word_1_200' title='bbox 490 4054 591 4138; x_wconf 74' lang='lat' dir='ltr'>-regiS,</span> <span class='ocrx_word' id='word_1_201' title='bbox 608 4064 642 4119; x_wconf 90' lang='lat' dir='ltr'>et</span> <span class='ocrx_word' id='word_1_202' title='bbox 666 4055 896 4119; x_wconf 89' lang='lat' dir='ltr'>ambasciatori</span> <span class='ocrx_word' id='word_1_203' title='bbox 923 4055 1000 4120; x_wconf 81' lang='lat' dir='ltr'>cleri</span> <span class='ocrx_word' id='word_1_204' title='bbox 1028 4064 1062 4121; x_wconf 91' lang='lat' dir='ltr'>et</span> <span class='ocrx_word' id='word_1_205' title='bbox 1085 4055 1198 4141; x_wconf 87' lang='lat' dir='ltr'>populi</span> <span class='ocrx_word' id='word_1_206' title='bbox 1225 4055 1324 4121; x_wconf 85' lang='lat' dir='ltr'>Urbis</span> <span class='ocrx_word' id='word_1_207' title='bbox 1347 4054 1389 4119; x_wconf 88' lang='lat' dir='ltr'>ad</span> <span class='ocrx_word' id='word_1_208' title='bbox 1412 4076 1545 4140; x_wconf 89' lang='lat' dir='ltr'>papam,</span> <span class='ocrx_word' id='word_1_209' title='bbox 1562 4055 1730 4120; x_wconf 78' lang='lat' dir='ltr'>coniertur</span> 
     </span>
     <span class='ocr_line' id='line_1_30' title="bbox 360 4158 1729 4245; baseline -0.001 -20"><span class='ocrx_word' id='word_1_210' title='bbox 360 4159 581 4225; x_wconf 84' lang='lat' dir='ltr'>canonicatus</span> <span class='ocrx_word' id='word_1_211' title='bbox 597 4159 736 4223; x_wconf 84' lang='lat' dir='ltr'>ecclesie</span> <span class='ocrx_word' id='word_1_212' title='bbox 753 4158 970 4238; x_wconf 84' lang='lat' dir='ltr'>Patraceusis,</span> <span class='ocrx_word' id='word_1_213' title='bbox 987 4162 1047 4224; x_wconf 90' lang='lat' dir='ltr'>sub</span> <span class='ocrx_word' id='word_1_214' title='bbox 1064 4160 1298 4245; x_wconf 87' lang='lat' dir='ltr'>expectatione</span> <span class='ocrx_word' id='word_1_215' title='bbox 1314 4159 1483 4243; x_wconf 89' lang='lat' dir='ltr'>prebende</span> <span class='ocrx_word' id='word_1_216' title='bbox 1499 4167 1534 4224; x_wconf 90' lang='lat' dir='ltr'>et</span> <span class='ocrx_word' id='word_1_217' title='bbox 1549 4159 1729 4243; x_wconf 86' lang='lat' dir='ltr'>dignitatis,</span> 
     </span>
     <span class='ocr_line' id='line_1_31' title="bbox 359 4262 1731 4347; baseline 0 -20"><span class='ocrx_word' id='word_1_218' title='bbox 359 4285 428 4327; x_wconf 90' lang='lat' dir='ltr'>non</span> <span class='ocrx_word' id='word_1_219' title='bbox 457 4265 613 4326; x_wconf 86' lang='lat' dir='ltr'>obstante</span> <span class='ocrx_word' id='word_1_220' title='bbox 638 4262 727 4347; x_wconf 88' lang='lat' dir='ltr'>quod</span> <span class='ocrx_word' id='word_1_221' title='bbox 754 4263 785 4325; x_wconf 91' lang='lat' dir='ltr'>in</span> <span class='ocrx_word' id='word_1_222' title='bbox 813 4263 1038 4343; x_wconf 83' lang='lat' dir='ltr'>lateranensi,</span> <span class='ocrx_word' id='word_1_223' title='bbox 1055 4263 1083 4327; x_wconf 87' lang='lat' dir='ltr'>T</span> <span class='ocrx_word' id='word_1_224' title='bbox 1086 4264 1211 4328; x_wconf 90' lang='lat' dir='ltr'>recensi</span> <span class='ocrx_word' id='word_1_225' title='bbox 1237 4284 1275 4328; x_wconf 90' lang='lat' dir='ltr'>ae</span> <span class='ocrx_word' id='word_1_226' title='bbox 1301 4264 1331 4327; x_wconf 91' lang='lat' dir='ltr'>S.</span> <span class='ocrx_word' id='word_1_227' title='bbox 1349 4262 1464 4328; x_wconf 87' lang='lat' dir='ltr'>Crucis</span> <span class='ocrx_word' id='word_1_228' title='bbox 1481 4262 1731 4327; x_wconf 86' lang='lat' dir='ltr'>Cameracensis</span> 
     </span>
     <span class='ocr_line' id='line_1_32' title="bbox 361 4367 1731 4453; baseline -0.001 -21"><span class='ocrx_word' id='word_1_229' title='bbox 361 4367 512 4432; x_wconf 89' lang='lat' dir='ltr'>ecclesiis</span> <span class='ocrx_word' id='word_1_230' title='bbox 527 4368 743 4432; x_wconf 84' lang='lat' dir='ltr'>canonicatus</span> <span class='ocrx_word' id='word_1_231' title='bbox 759 4379 793 4431; x_wconf 93' lang='lat' dir='ltr'>et</span> <span class='ocrx_word' id='word_1_232' title='bbox 810 4368 994 4450; x_wconf 87' lang='lat' dir='ltr'>prebendas</span> <span class='ocrx_word' id='word_1_233' title='bbox 1010 4369 1151 4442; x_wconf 86' lang='lat' dir='ltr'>obtinet,</span> <span class='ocrx_word' id='word_1_234' title='bbox 1169 4378 1202 4432; x_wconf 92' lang='lat' dir='ltr'>et</span> <span class='ocrx_word' id='word_1_235' title='bbox 1219 4367 1308 4452; x_wconf 92' lang='lat' dir='ltr'>quod</span> <span class='ocrx_word' id='word_1_236' title='bbox 1332 4368 1361 4431; x_wconf 91' lang='lat' dir='ltr'>ei</span> <span class='ocrx_word' id='word_1_237' title='bbox 1378 4388 1483 4453; x_wconf 90' lang='lat' dir='ltr'>nuper</span> <span class='ocrx_word' id='word_1_238' title='bbox 1499 4367 1540 4431; x_wconf 91' lang='lat' dir='ltr'>de</span> <span class='ocrx_word' id='word_1_239' title='bbox 1556 4367 1731 4432; x_wconf 89' lang='lat' dir='ltr'>canonica-</span> 
     </span>
     <span class='ocr_line' id='line_1_33' title="bbox 362 4472 1731 4557; baseline -0.001 -22"><span class='ocrx_word' id='word_1_240' title='bbox 362 4484 410 4549; x_wconf 88' lang='lat' dir='ltr'>tu,</span> <span class='ocrx_word' id='word_1_241' title='bbox 421 4473 482 4535; x_wconf 93' lang='lat' dir='ltr'>sub</span> <span class='ocrx_word' id='word_1_242' title='bbox 494 4472 728 4555; x_wconf 82' lang='lat' dir='ltr'>expectatione</span> <span class='ocrx_word' id='word_1_243' title='bbox 745 4472 913 4554; x_wconf 87' lang='lat' dir='ltr'>prebende</span> <span class='ocrx_word' id='word_1_244' title='bbox 929 4494 967 4536; x_wconf 88' lang='lat' dir='ltr'>ac</span> <span class='ocrx_word' id='word_1_245' title='bbox 979 4472 1150 4555; x_wconf 79' lang='lat' dir='ltr'>dignitatis</span> <span class='ocrx_word' id='word_1_246' title='bbox 1166 4493 1224 4535; x_wconf 89' lang='lat' dir='ltr'>seu</span> <span class='ocrx_word' id='word_1_247' title='bbox 1240 4481 1446 4557; x_wconf 87' lang='lat' dir='ltr'>personatus,</span> <span class='ocrx_word' id='word_1_248' title='bbox 1461 4472 1493 4534; x_wconf 94' lang='lat' dir='ltr'>in</span> <span class='ocrx_word' id='word_1_249' title='bbox 1504 4472 1612 4555; x_wconf 88' lang='lat' dir='ltr'>aliqua</span> <span class='ocrx_word' id='word_1_250' title='bbox 1626 4472 1731 4535; x_wconf 90' lang='lat' dir='ltr'>eccle-</span> 
     </span>
     <span class='ocr_line' id='line_1_34' title="bbox 362 4573 1086 4659; baseline 0 -20"><span class='ocrx_word' id='word_1_251' title='bbox 362 4577 486 4640; x_wconf 87' lang='lat' dir='ltr'>siarum</span> <span class='ocrx_word' id='word_1_252' title='bbox 502 4573 644 4639; x_wconf 88' lang='lat' dir='ltr'>diocesis</span> <span class='ocrx_word' id='word_1_253' title='bbox 660 4573 814 4638; x_wconf 83' lang='lat' dir='ltr'>Senensis</span> <span class='ocrx_word' id='word_1_254' title='bbox 830 4575 998 4659; x_wconf 76' lang='lat' dir='ltr'>provisum</span> <span class='ocrx_word' id='word_1_255' title='bbox 1017 4575 1086 4639; x_wconf 87' lang='lat' dir='ltr'>suit.</span> 
     </span>
    </p>

    <p class='ocr_par' dir='ltr' id='par_1_18' title="bbox 408 4677 891 4761">
     <span class='ocr_line' id='line_1_35' title="bbox 408 4677 891 4761; baseline -0.002 -19"><span class='ocrx_word' id='word_1_256' title='bbox 408 4678 481 4742; x_wconf 83' lang='lat' dir='ltr'>&#39;fue</span> <span class='ocrx_word' id='word_1_257' title='bbox 498 4678 637 4742; x_wconf 88' lang='lat' dir='ltr'>scientie</span> <span class='ocrx_word' id='word_1_258' title='bbox 653 4677 891 4761; x_wconf 82' lang='lat' dir='ltr'>magnitudo...</span> 
     </span>
    </p>

    <p class='ocr_par' dir='ltr' id='par_1_19' title="bbox 413 4780 1025 4847">
     <span class='ocr_line' id='line_1_36' title="bbox 413 4780 1025 4847; baseline -0.002 -1"><span class='ocrx_word' id='word_1_259' title='bbox 413 4784 490 4846; x_wconf 86' lang='lat' dir='ltr'>Dat.</span> <span class='ocrx_word' id='word_1_260' title='bbox 507 4782 606 4847; x_wconf 80' lang='lat' dir='ltr'>Avin.</span> <span class='ocrx_word' id='word_1_261' title='bbox 629 4802 663 4845; x_wconf 89' lang='lat'>12</span> <span class='ocrx_word' id='word_1_262' title='bbox 681 4780 747 4845; x_wconf 86' lang='lat' dir='ltr'>kal.</span> <span class='ocrx_word' id='word_1_263' title='bbox 764 4783 871 4845; x_wconf 89' lang='lat' dir='ltr'>martii</span> <span class='ocrx_word' id='word_1_264' title='bbox 890 4803 979 4844; x_wconf 86' lang='lat' dir='ltr'>auno</span> <span class='ocrx_word' id='word_1_265' title='bbox 1000 4803 1025 4845; x_wconf 87' lang='lat' dir='ltr'>r.</span> 
     </span>
    </p>

    <p class='ocr_par' dir='ltr' id='par_1_20' title="bbox 413 4885 1732 4951">
     <span class='ocr_line' id='line_1_37' title="bbox 413 4885 1732 4951; baseline 0 -2"><span class='ocrx_word' id='word_1_266' title='bbox 413 4886 452 4949; x_wconf 90' lang='lat' dir='ltr'>ln</span> <span class='ocrx_word' id='word_1_267' title='bbox 469 4909 498 4950; x_wconf 91' lang='lat' dir='ltr'>e.</span> <span class='ocrx_word' id='word_1_268' title='bbox 515 4907 559 4949; x_wconf 92' lang='lat' dir='ltr'>m.</span> <span class='ocrx_word' id='word_1_269' title='bbox 577 4886 607 4949; x_wconf 88' lang='lat' dir='ltr'>S.</span> <span class='ocrx_word' id='word_1_270' title='bbox 627 4885 719 4950; x_wconf 90' lang='lat' dir='ltr'>Pauli</span> <span class='ocrx_word' id='word_1_271' title='bbox 736 4895 770 4949; x_wconf 92' lang='lat' dir='ltr'>et</span> <span class='ocrx_word' id='word_1_272' title='bbox 787 4887 817 4949; x_wconf 88' lang='lat' dir='ltr'>S.</span> <span class='ocrx_word' id='word_1_273' title='bbox 835 4886 919 4950; x_wconf 82' lang='lat' dir='ltr'>Sabe</span> <span class='ocrx_word' id='word_1_274' title='bbox 935 4886 976 4950; x_wconf 90' lang='lat' dir='ltr'>de</span> <span class='ocrx_word' id='word_1_275' title='bbox 997 4886 1087 4951; x_wconf 82' lang='lat' dir='ltr'>L&#39;rbe</span> <span class='ocrx_word' id='word_1_276' title='bbox 1105 4887 1381 4951; x_wconf 87' lang='lat' dir='ltr'>monasteriorum</span> <span class='ocrx_word' id='word_1_277' title='bbox 1398 4888 1572 4951; x_wconf 87' lang='lat' dir='ltr'>abbatibus</span> <span class='ocrx_word' id='word_1_278' title='bbox 1587 4909 1625 4951; x_wconf 86' lang='lat' dir='ltr'>ac</span> <span class='ocrx_word' id='word_1_279' title='bbox 1643 4886 1732 4950; x_wconf 76' lang='lat' dir='ltr'>Nea-</span> 
     </span>
    </p>
   </div>
   <div class='ocr_carea' id='block_1_12' title="bbox 368 4997 1365 5083">
    <p class='ocr_par' dir='ltr' id='par_1_21' title="bbox 368 4997 1365 5083">
     <span class='ocr_line' id='line_1_38' title="bbox 368 4997 1365 5083; baseline 0 -21"><span class='ocrx_word' id='word_1_280' title='bbox 368 4999 502 5083; x_wconf 90' lang='lat' dir='ltr'>poleoni</span> <span class='ocrx_word' id='word_1_281' title='bbox 520 4998 562 5062; x_wconf 91' lang='lat' dir='ltr'>de</span> <span class='ocrx_word' id='word_1_282' title='bbox 582 4997 755 5077; x_wconf 83' lang='lat' dir='ltr'>Romania,</span> <span class='ocrx_word' id='word_1_283' title='bbox 772 4998 1006 5062; x_wconf 85' lang='lat' dir='ltr'>archidiacono</span> <span class='ocrx_word' id='word_1_284' title='bbox 1023 4999 1163 5063; x_wconf 87' lang='lat' dir='ltr'>ecclesie</span> <span class='ocrx_word' id='word_1_285' title='bbox 1181 4998 1365 5062; x_wconf 74' lang='lat' dir='ltr'>llernensis</span> 
     </span>
    </p>
   </div>
   <div class='ocr_carea' id='block_1_13' title="bbox 405 5152 1030 5212">
    <p class='ocr_par' dir='ltr' id='par_1_22' title="bbox 405 5152 1030 5212">
     <span class='ocr_line' id='line_1_39' title="bbox 405 5152 1030 5212; baseline 0 -14"><span class='ocrx_word' id='word_1_286' title='bbox 405 5152 463 5212; x_wconf 61' lang='lat' dir='ltr'>lttg.</span> <span class='ocrx_word' id='word_1_287' title='bbox 477 5155 524 5198; x_wconf 80' lang='lat' dir='ltr'>Ar.</span> <span class='ocrx_word' id='word_1_288' title='bbox 538 5156 560 5207; x_wconf 68' lang='grc' dir='ltr'>Γ),</span> <span class='ocrx_word' id='word_1_289' title='bbox 574 5153 590 5198; x_wconf 84' lang='lat' dir='ltr'>l.</span> <span class='ocrx_word' id='word_1_290' title='bbox 603 5153 660 5203; x_wconf 66' lang='lat'>457*</span> <span class='ocrx_word' id='word_1_291' title='bbox 673 5169 677 5205; x_wconf 90' lang='lat'>;</span> <span class='ocrx_word' id='word_1_292' title='bbox 692 5152 749 5199; x_wconf 77' lang='lat' dir='ltr'>l&#39;at.</span> <span class='ocrx_word' id='word_1_293' title='bbox 762 5155 801 5210; x_wconf 74' lang='lat' dir='ltr'>bri,</span> <span class='ocrx_word' id='word_1_294' title='bbox 813 5154 831 5199; x_wconf 83' lang='lat' dir='ltr'>l.</span> <span class='ocrx_word' id='word_1_295' title='bbox 846 5154 909 5204; x_wconf 58' lang='lat' dir='ltr'>lill„</span> <span class='ocrx_word' id='word_1_296' title='bbox 924 5168 947 5198; x_wconf 90' lang='lat' dir='ltr'>u.</span> <span class='ocrx_word' id='word_1_297' title='bbox 960 5156 1030 5198; x_wconf 59' lang='lat'>256⁸.</span> 
     </span>
    </p>
   </div>
   <div class='ocr_carea' id='block_1_14' title="bbox 0 0 2232 6017">
    <p class='ocr_par' dir='ltr' id='par_1_23' title="bbox 0 0 2232 6017">
     <span class='ocr_line' id='line_1_40' title="bbox 0 0 2232 6017; baseline 0 0"><span class='ocrx_word' id='word_1_298' title='bbox 0 0 2232 6017; x_wconf 95' lang='lat' dir='ltr'> </span> 
     </span>
    </p>
   </div>
  </div>
 </body>
</html>
