4409 6017
507 681 563 745 190
609 726 618 738 .
1041 681 1198 745 Deuxieme
1219 683 1321 748 annae.

550 829 625 896 Nos
639 828 738 914 igitur
753 830 1006 916 responsionem
1021 829 1216 917 predictam,
1234 833 1415 900 collatione
1431 829 1580 918 diligenti
1597 850 1676 896 cum
1698 832 1855 897 nonnullis

507 958 548 1001 ex
564 934 716 1000 fratribus
732 934 854 1000 nostris
869 935 984 999 habita
1010 955 1108 1020 super
1135 935 1200 1017 illa,
1223 956 1357 1022 prorsus
1381 939 1598 1023 incongruam
1622 942 1657 999 et
1681 934 1780 1000 variis
1798 936 1856 1021 ple·

508 1060 584 1103 nam
601 1037 754 1123 periculis
769 1046 803 1102 et
819 1037 983 1103 scandalis
998 1047 1203 1122 reputantes,
1220 1040 1308 1105 viam
1331 1040 1519 1127 hujusmodi
1544 1044 1708 1104 tractatus
1731 1037 1857 1103 omnino

507 1141 691 1207 dimisimus
713 1149 747 1205 et
762 1148 919 1206 revocata
941 1140 1074 1226 penitus
1101 1142 1272 1207 oblatione
1299 1165 1398 1228 quarn
1424 1144 1608 1210 feceramus
1634 1160 1676 1205 ex
1701 1140 1808 1227 nobis,
1824 1140 1858 1205 ad

509 1244 595 1307 riam
612 1243 739 1308 consilii
756 1242 961 1329 providimus
976 1243 1194 1325 redeundum,
1222 1253 1257 1310 et
1283 1247 1361 1331 quia
1387 1245 1602 1313 difficultates
1627 1252 1686 1310 etc.
1713 1249 1859 1331 utsupra

507 1368 611 1430 nsque
625 1366 645 1411 a
661 1346 789 1429 quibuS,
805 1345 959 1433 exposito
983 1346 1044 1411 sibi
1070 1367 1131 1431 pro
1155 1356 1250 1432 parte
1271 1360 1385 1415 nostra
1401 1350 1548 1435 negotio,
1564 1345 1744 1413 consilium
1761 1346 1861 1432 provi·

505 1451 613 1516 dimus
629 1451 863 1536 requirendum
879 1472 943 1535 que
959 1450 1118 1515 securitas
1135 1450 1167 1514 in
1185 1470 1263 1516 casu
1277 1453 1451 1538 proposito
1466 1451 1509 1517 de
1522 1452 1595 1536 jure
1610 1449 1752 1515 deberet
1773 1469 1861 1535 repu·
1906 1511 1907 1539 ζ

505 1555 567 1618 tari
589 1553 766 1635 sufficiens,
783 1562 817 1618 et
833 1575 876 1619 an
893 1554 946 1618 via
961 1552 1147 1619 securitatis
1163 1574 1222 1639 per
1237 1575 1308 1635 nos,
1325 1563 1363 1620 ut
1374 1555 1547 1641 prefertur,
1560 1554 1676 1619 oblata
1692 1552 1863 1633 sufficeret,
1906 1550 1907 1554 ’

505 1666 539 1721 et
555 1666 665 1722 utrum
681 1659 900 1744 equipolleret
916 1657 1084 1723 securitati
1102 1677 1202 1740 quam
1219 1656 1441 1725 Flandrenses
1455 1657 1596 1745 predicti
1612 1657 1788 1742 petebant.
1804 1656 1864 1739 Qui

505 1781 603 1846 super
618 1762 683 1826 hoc
698 1762 813 1846 previa
828 1768 993 1845 oportune
1009 1757 1259 1825 deliberationis
1275 1761 1440 1846 indagine,
1457 1759 1669 1828 concorditer
1688 1755 1867 1844 responde·

504 1872 582 1928 runt
607 1885 732 1948 suaque
757 1865 853 1930 nobis
880 1860 1017 1928 consilia
1050 1859 1215 1927 dederunt
1247 1864 1404 1950 explicite
1430 1864 1521 1949 quod
1550 1862 1752 1928 excellentia
1783 1860 1867 1946 regia

505 1977 539 2033 et
554 1979 567 2001 ²
583 1968 789 2052 subjectione
806 1964 1060 2032 Flandrensium
1073 1985 1113 2030 ac
1125 1967 1250 2050 negotii
1262 1968 1423 2052 qualitate
1436 1968 1685 2034 consideranter
1701 1964 1867 2051 inspectis,

504 2075 574 2138 sola
589 2082 624 2137 et
639 2072 781 2158 simplex
796 2066 1046 2154 tuapromissio
1061 2066 1199 2133 deberet
1214 2089 1276 2154 pro
1292 2070 1469 2137 securitate
1490 2068 1679 2155 hujusmodi
1703 2065 1868 2134 sufficiens

504 2174 658 2261 reputari.
675 2175 762 2259 Quia
776 2184 890 2239 tamen
914 2170 1053 2235 arduum
1078 2179 1148 2235 erat
1175 2174 1359 2257 negotium,
1382 2174 1602 2239 consulebant
1625 2170 1717 2256 quod
1737 2179 1776 2236 tu
1791 2189 1868 2236 con·

504 2278 680 2344 tentiones
695 2277 860 2363 predictas
876 2294 935 2359 per
947 2273 1175 2357 juramentum
1192 2278 1368 2341 observare
1383 2276 1606 2361 promitteres,
1630 2295 1672 2340 eo
1687 2273 1792 2340 modo
1804 2292 1868 2357 quo

505 2402 599 2466 reges
616 2380 755 2446 Franeie
771 2379 859 2446 soliti
878 2388 955 2443 sunt
968 2378 1076 2462 jurare
1104 2379 1331 2461 prestandum,
1347 2379 1435 2444 riam
1463 2387 1576 2444 autem
1600 2376 1789 2443 securitatis
1811 2398 1853 2461 pe

505 2506 576 2566 nos,
593 2493 630 2549 ut
646 2485 834 2571 predicitur,
851 2481 998 2546 oblatam
1016 2478 1275 2547 Flandrensibus
1290 2482 1469 2548 antedictis
1485 2482 1610 2548 nedum
1632 2480 1866 2560 sufficientem,

504 2596 555 2653 set
578 2595 612 2652 et
635 2584 985 2673 superhabundantem
1002 2603 1074 2647 esse
1098 2584 1231 2648 comuni
1250 2585 1376 2668 judicio
1403 2593 1614 2668 censuerunt,
1641 2605 1718 2650 eam
1743 2584 1866 2650 nedum

506 2699 692 2757 asserentes
708 2687 912 2775 equipollere
936 2685 996 2751 tibi
1021 2706 1082 2772 pro
1108 2707 1172 2770 qua
1196 2687 1276 2753 dicti
1305 2687 1528 2754 Flandrenses
1551 2689 1734 2769 instabant,
1759 2694 1812 2754 set
1836 2696 1867 2751 et

504 2795 659 2859 altiorem
686 2795 733 2857 eis
761 2813 842 2870 esse,
869 2790 1126 2863 circumstantiis
1151 2792 1306 2856 omnibus
1333 2800 1463 2857 attente
1490 2795 1648 2878 pensatiS,
1673 2800 1708 2857 et
1739 2793 1773 2856 in
1804 2791 1868 2855 hoc

505 2898 623 2962 eodem
653 2896 791 2961 consilio
808 2896 924 2959 fratres
938 2894 1041 2958 nostri
1059 2896 1184 2959 Sancte
1202 2893 1354 2960 Romane
1374 2895 1522 2961 Ecclesie
1542 2895 1727 2961 cardinales
1746 2894 1869 2980 pariter

504 3003 709 3079 resederunt,
726 2998 963 3066 nichilominus
978 3006 1092 3062 tamen
1116 2997 1247 3078 notarii,
1272 2999 1389 3083 prelati
1413 3008 1448 3064 et
1474 2999 1642 3064 auditores
1663 2997 1784 3082 prefati
1809 3017 1869 3083 pro

503 3109 595 3170 bono
611 3105 791 3170 concordie
808 3104 887 3168 etin
905 3102 1053 3166 favorem
1069 3101 1193 3186 negotii
1211 3100 1312 3165 Terre
1328 3102 1449 3167 Sancte
1466 3123 1541 3168 cum
1559 3100 1719 3166 instantia
1742 3101 1868 3186 suppli-

503 3216 619 3273 carunt
634 3218 671 3273 ut
687 3208 796 3273 adhuc
821 3208 875 3272 via
899 3226 958 3291 per
981 3226 1043 3271 nos
1064 3207 1176 3270 oblata
1199 3203 1286 3270 circa
1309 3205 1495 3271 securitatis
1510 3204 1752 3291 prestationem
1769 3203 1869 3270 dictis

505 3306 761 3372 Flandrensibus
777 3317 971 3373 servaretur.
989 3308 1091 3374 Porro
1107 3319 1338 3393 procuratores
1365 3308 1497 3374 comitis
1522 3317 1557 3373 et
1584 3306 1868 3373 communitatum

503 3409 727 3494 predictorum
753 3433 772 3475 a
800 3413 894 3477 nobis
921 3411 1104 3497 cujusmodi
1130 3411 1323 3476 securitates
1339 3411 1398 3475 tibi
1415 3411 1494 3475 dare
1510 3411 1670 3475 volebant
1685 3430 1747 3496 pro
1770 3410 1870 3476 dictis

504 3514 718 3578 observandis
734 3515 1013 3579 conventionibus
1028 3516 1188 3598 requisiti,
1201 3515 1297 3578 nobis
1310 3536 1374 3597 que
1385 3523 1542 3579 secuntur
1553 3533 1613 3598 pro
1625 3512 1869 3579 sufficientibus

504 3617 735 3681 securitatibus
751 3620 952 3696 obtulerunt,
977 3618 1133 3683 videlicet
1150 3617 1240 3701 quod
1256 3618 1403 3699 quelibet
1427 3617 1615 3681 comunitas
1636 3616 1743 3701 patrie
1758 3624 1817 3682 etc.
1835 3626 1872 3680 a!

504 3726 606 3805 snpra
625 3743 728 3804 usqne
744 3722 815 3785 rice
832 3743 934 3786 versa.
954 3720 1039 3801 Hec,
1058 3721 1101 3784 fili
1120 3721 1296 3800 carissime,
1313 3729 1369 3785 ele.
1387 3728 1424 3785 ut
1438 3726 1541 3806 supra
1559 3741 1663 3804 usqne
1678 3722 1710 3783 in
1714 3724 1837 3806 finem.
1852 3737 1869 3788 b

538 3860 596 3918 Reg.
611 3858 668 3905 Vnt.
684 3860 735 3912 llo,
749 3874 808 3920 pars
821 3859 840 3907 l.
854 3860 871 3906 l.
885 3861 934 3917 26¹,
950 3874 974 3906 n.
993 3863 1069 3906 asn-
1084 3859 1190 3917 lloulon,
1204 3874 1228 3907 n.
1241 3862 1288 3906 492
1301 3861 1406 3920 (texte).

548 4030 661 4111 491.
1546 4042 1643 4126 1316,
1661 4065 1702 4109 ro
1719 4066 1826 4110 marc.

549 4146 745 4228 Bertrando,
770 4148 800 4213 S.
828 4147 935 4212 Marie
959 4150 992 4212 in
1017 4150 1144 4233 Aqniro
1166 4148 1309 4214 diacono
1333 4148 1500 4228 cardinali,
1524 4147 1714 4232 indulgetur
1736 4156 1774 4213 ut
1797 4168 1872 4234 pre-

504 4250 650 4314 bendam
674 4251 913 4316 sacerdotalem
939 4252 1078 4317 ecclesie
1109 4251 1303 4316 Leodiensis
1333 4274 1399 4316 una
1426 4273 1502 4317 cum
1528 4250 1696 4317 decanatu
1719 4252 1870 4335 ejusdem

506 4355 657 4435 ecclesie,
683 4376 783 4438 quem
811 4377 851 4419 ex
878 4376 976 4420 eausa
1000 4356 1256 4441 permutationis
1287 4355 1376 4420 facte
1407 4356 1449 4421 de
1474 4355 1621 4419 sacristia
1653 4353 1871 4437 Lugdunensi

506 4466 677 4523 assecutus
694 4467 755 4538 est,
771 4458 863 4523 licite
878 4460 1022 4524 retinere
1038 4461 1159 4539 valeat,
1176 4480 1240 4524 nec
1261 4458 1303 4523 ad
1324 4459 1539 4524 residentiam
1563 4467 1718 4522 teneatur
1741 4478 1805 4524 nec
1827 4460 1871 4524 ad

505 4561 729 4627 sacerdotium
744 4584 779 4626 se
796 4561 903 4627 facere
920 4564 1120 4648 promoveri.

550 4662 602 4728 Ex
624 4685 806 4749 superne...

549 4767 628 4834 Dat.
645 4769 743 4832 Avin.
763 4773 780 4832 6
797 4769 841 4834 id.
858 4771 967 4835 martii
984 4791 1073 4835 anno
1091 4792 1119 4835 2.

540 4907 598 4965 ltcg.
612 4908 658 4952 AV.
671 4911 692 4954 8.
707 4907 723 4951 l.
737 4908 781 4953 371
795 4922 801 4954 z
822 4906 879 4954 Vnt.
894 4909 933 4956 67.
946 4909 964 4955 f.
979 4910 1043 4966 182¹,
1056 4922 1080 4956 n.
1093 4910 1149 4956 llll.

538 5108 562 5139 n.
574 5106 605 5138 cx
620 5106 669 5154 ray.
