4409 6017
502 701 557 766 108
1043 710 1189 777 Promitte
1211 713 1313 778 annea.

500 872 627 937 vosque
639 854 823 922 clementer
833 856 1002 924 admiserit
1011 858 1054 924 ad
1065 860 1169 944 gratie
1181 882 1239 926 sue
1255 861 1363 927 sinum
1380 884 1439 949 per
1448 872 1630 931 tractatum
1646 875 1681 933 et
1697 867 1859 936 firmatam

502 958 657 1043 utrinque
687 961 910 1042 concordiam,
936 984 1034 1048 quam
1066 973 1100 1030 et
1132 986 1192 1031 vos
1216 987 1276 1051 per
1302 968 1492 1052 juramenta
1519 991 1618 1057 super
1643 972 1711 1039 hoc
1726 974 1862 1059 prestita

501 1083 642 1143 servare,
658 1064 742 1129 sicut
758 1066 952 1147 audirimus,
969 1067 1152 1134 efficaciter
1167 1070 1373 1155 promisistis,
1392 1083 1426 1138 et
1453 1094 1521 1139 non
1538 1076 1758 1143 observantes
1780 1078 1863 1143 latas

501 1167 542 1233 ad
558 1177 704 1235 vestram
731 1170 923 1237 instantiam
951 1174 1136 1257 apostolica
1162 1176 1362 1241 auctoritate
1388 1179 1573 1244 sententias
1596 1182 1865 1247 excommunita-

500 1275 602 1341 tionis
617 1277 650 1341 in
666 1298 826 1362 personas
841 1286 875 1344 et
892 1278 1059 1343 interdicti
1076 1279 1108 1343 in
1135 1287 1240 1344 terras
1257 1280 1408 1346 voluistis
1435 1281 1612 1363 incurrere,
1627 1283 1865 1351 nichilominus

500 1386 614 1445 tamen
630 1381 856 1467 postmodum,
873 1383 958 1447 sicut
976 1383 1086 1462 fertur,
1097 1383 1342 1466 ingeminantes
1354 1383 1530 1466 offensam,
1542 1406 1665 1471 pacem
1675 1388 1785 1474 ipsam
1797 1388 1865 1454 sive

500 1484 712 1551 concordiam
737 1486 923 1571 nephandis
950 1488 1081 1552 ausibus
1107 1487 1293 1571 infregistis,
1310 1488 1431 1573 spretis
1453 1490 1628 1556 sententiis
1650 1499 1686 1557 et
1697 1492 1865 1577 juramen-

500 1595 610 1653 torum
625 1590 939 1674 transgressionibus
954 1611 1022 1654 non
1048 1591 1197 1656 attentis.
1215 1591 1311 1670 Sane,
1328 1591 1385 1670 fili,
1402 1591 1428 1656 si
1444 1601 1483 1657 tu
1498 1601 1533 1658 et
1559 1593 1606 1658 tui
1623 1595 1807 1680 complices
1833 1596 1865 1660 in

499 1691 562 1758 hac
578 1702 672 1779 parte
688 1694 913 1760 advertissetis
928 1694 1090 1760 attentius
1106 1702 1188 1778 quot
1205 1704 1239 1760 et
1252 1705 1454 1778 quantorum
1472 1698 1636 1762 malorum
1647 1718 1689 1763 ex
1704 1699 1867 1784 premisse

500 1798 737 1864 commotionis
761 1820 898 1865 excessu
923 1820 1021 1864 causa
1046 1799 1183 1879 fueritis,
1210 1820 1280 1864 non
1303 1800 1487 1881 curassetis,
1516 1808 1552 1865 ut
1579 1801 1754 1883 credimus,
1768 1803 1866 1889 juxta

500 1900 667 1986 Scripture
683 1923 774 1969 sacre
790 1903 975 1983 consilium,
991 1903 1113 1969 delicta
1129 1904 1314 1969 commissis
1341 1904 1483 1984 adicere,
1505 1905 1564 1970 sed
1586 1905 1629 1971 de
1652 1906 1811 1992 pristinis,
1828 1917 1865 1972 ut

442 2027 444 2031 ¹
499 2005 595 2071 vobis
609 2004 866 2087 dimitterentur,
882 2029 997 2093 preces
1013 2008 1180 2093 supplices
1196 2008 1372 2088 fudissetis,
1388 2029 1456 2073 non
1483 2009 1529 2075 sic
1553 2010 1758 2095 abjecissetis
1780 2012 1865 2077 divi·

498 2129 579 2174 num
596 2112 750 2176 timorem
767 2112 892 2197 pariter
907 2120 940 2177 et
963 2132 1112 2177 amorem
1130 2123 1152 2187 ⁰,
1171 2133 1238 2177 non
1264 2112 1311 2177 sic
1334 2111 1478 2178 fuissetis
1493 2113 1621 2198 prodigi
1639 2113 1727 2179 fame
1751 2123 1864 2181 vestre

499 2222 535 2279 ut
549 2235 610 2300 per
624 2216 927 2281 accumulationem
950 2218 1110 2282 scelerum
1128 2215 1291 2282 abiissetis
1314 2216 1345 2280 in
1364 2216 1541 2282 consilium
1567 2217 1756 2304 impiorum.
1773 2217 1865 2283 Con·

499 2317 607 2385 sidera
615 2339 703 2404 ergo,
711 2320 766 2401 fili,
775 2320 946 2387 considera
957 2320 1056 2404 quod,
1064 2342 1140 2387 cum
1155 2321 1188 2385 in
1199 2320 1262 2385 hiis
1273 2328 1306 2385 et
1314 2319 1386 2386 aliis
1396 2328 1492 2387 tuum
1504 2320 1684 2389 offenderis
1694 2320 1866 2410 Redemp-

498 2430 617 2504 torem,
634 2424 688 2507 qui
714 2445 831 2509 pacem
857 2426 1008 2510 promisit
1035 2429 1125 2490 bone
1152 2425 1334 2490 voluntatis
1360 2423 1551 2489 hominibus
1567 2425 1691 2509 quique
1719 2424 1866 2492 dominis

499 2548 566 2596 non
582 2537 714 2595 tantum
730 2530 826 2595 bonis
842 2539 875 2595 et
900 2531 1071 2610 modestis,
1089 2530 1264 2596 sedetiam
1287 2529 1420 2595 discolis
1445 2529 1570 2596 obediri
1596 2530 1759 2616 precepit,
1775 2551 1865 2597 nunc

498 2634 617 2699 saltem
634 2633 666 2697 in
683 2634 753 2699 vite
777 2655 916 2720 vespera
940 2635 1152 2715 constitutus,
1168 2643 1227 2709 tua
1251 2634 1373 2701 delicta
1397 2635 1561 2720 corrigere
1589 2642 1624 2699 et
1650 2654 1671 2699 a
1695 2633 1751 2700 via
1772 2635 1864 2700 mala

499 2738 618 2823 pedem
635 2746 728 2803 tuum
745 2738 901 2804 cohibere
917 2739 1090 2805 salubriter
1117 2760 1156 2804 ac
1173 2739 1311 2804 Domini
1328 2738 1447 2804 faciem
1464 2738 1496 2803 in
1513 2737 1726 2805 confessione
1747 2738 1814 2805 oris
1829 2749 1864 2805 et

497 2840 723 2912 satisfactione
738 2843 847 2928 operis
862 2843 1035 2929 prevenire
1058 2843 1190 2909 teneris.
1208 2841 1389 2909 Considera
1405 2842 1494 2928 quod
1511 2841 1583 2907 Rex
1600 2842 1671 2928 ipse
1692 2841 1862 2927 pacificus

497 2946 588 3031 cujus
603 2946 636 3011 in
653 2968 736 3033 pace
751 2948 856 3014 factus
879 2958 929 3014 est
946 2949 1047 3027 locus,
1064 2947 1165 3014 corda
1191 2946 1348 3013 seditiosa
1364 2968 1432 3012 non
1449 2946 1565 3012 incolit
1579 2966 1642 3012 nec
1659 2946 1693 3012 in
1720 2967 1862 3034 corpore

497 3050 642 3136 peccatis
658 3052 791 3119 subdito
806 3053 991 3138 requiescit.
1009 3051 1191 3119 Considera
1214 3052 1415 3118 brevitatem
1440 3051 1509 3117 vite
1533 3061 1601 3131 tue,
1618 3070 1695 3118 cum
1720 3052 1861 3118 senilem

496 3157 687 3242 perveneris
701 3157 744 3225 ad
759 3166 895 3241 etatem,
912 3167 946 3225 et
962 3179 1062 3225 omne
1079 3157 1169 3244 quod
1184 3157 1375 3243 antiquatur
1397 3165 1432 3224 et
1453 3156 1596 3223 senescit
1619 3176 1724 3244 prope
1747 3157 1861 3223 interi·

494 3266 567 3326 tum
583 3282 655 3329 esse
671 3269 814 3345 constet,
831 3271 865 3329 et
887 3262 1075 3349 recogitans
1091 3262 1124 3327 in
1141 3261 1362 3328 amaritudine
1377 3261 1447 3327 dies
1462 3267 1548 3342 tuos,
1558 3260 1606 3327 tui
1623 3261 1764 3329 tandem
1780 3261 1861 3330 inci-

495 3364 567 3452 pias
581 3365 737 3447 misereri‚
754 3367 894 3434 initurus
908 3367 1001 3454 pacis
1016 3367 1164 3453 optande
1180 3365 1326 3448 consilia,
1343 3373 1377 3431 ct
1393 3385 1458 3452 que
1473 3374 1533 3432 tuo
1553 3373 1694 3452 accepta
1709 3364 1860 3434 Creatori

496 3471 664 3556 putaveris
695 3472 899 3558 impleturus,
931 3480 967 3537 ut
997 3492 1129 3538 securus
1156 3471 1301 3556 judicem
1332 3470 1445 3536 videas
1476 3490 1574 3555 quem
1608 3469 1860 3557 redemptorem

496 3584 663 3660 expectas.
680 3575 862 3643 Considera
878 3578 980 3643 etiam
997 3585 1121 3661 quanta
1136 3583 1295 3661 poterunt
1310 3574 1499 3662 posteritati
1516 3582 1573 3639 tue
1590 3573 1728 3640 iminere
1746 3576 1860 3643 discri-

496 3680 596 3759 mina,
613 3682 638 3747 si
656 3703 731 3746 eam
746 3684 912 3767 relinquas
927 3684 1112 3748 turbinibus
1136 3682 1288 3747 odiorum
1310 3686 1344 3745 et
1368 3699 1556 3760 guerrarum
1583 3678 1739 3745 fluctibus
1765 3680 1860 3746 invo-

496 3786 611 3851 lutam.
626 3786 790 3864 Profecto,
802 3788 826 3852 si
840 3788 902 3853 hcc
920 3790 952 3851 in
970 3797 1083 3853 ruente
1095 3787 1209 3852 sedula
1221 3784 1440 3850 meditatione
1450 3782 1637 3863 revolveris,
1650 3782 1859 3867 rectificabis,

496 3897 532 3954 ut
548 3910 728 3974 speramus,
742 3891 774 3956 in
791 3899 973 3977 conspectu
987 3891 1123 3957 Domini
1141 3891 1210 3954 vias
1225 3899 1308 3969 tuas,
1319 3888 1362 3953 ad
1374 3888 1570 3953 fidelitatem
1583 3895 1618 3953 et
1631 3887 1859 3954 obedientiam

495 3990 576 4058 dicti
592 3994 677 4076 regis
692 3994 814 4060 redibis
830 3995 1001 4060 ultroneus
1017 4003 1050 4059 et
1067 3995 1109 4059 ad
1122 3992 1361 4079 perfectionem
1372 3999 1534 4056 tractatus
1550 4011 1626 4056 cum
1639 3990 1770 4076 prefato
1782 4013 1859 4078 rege

497 4094 669 4163 Ludovico
684 4101 725 4163 ab
734 4099 822 4163 'olim
834 4100 1003 4184 assumpti.
1015 4099 1057 4163 ad
1069 4099 1162 4182 cujus
1177 4096 1427 4182 perfectionem,
1441 4095 1524 4160 sicut
1536 4094 1720 4180 gaudenter
1732 4096 1858 4162 audivi-

496 4220 580 4281 muS,
607 4221 683 4266 cum
707 4202 836 4286 prefato
861 4223 937 4286 rege
969 4203 1123 4287 Philippo
1153 4200 1330 4285 superstite
1361 4198 1403 4263 ad
1433 4219 1568 4283 presens
1592 4198 1763 4281 insistitur,
1788 4221 1856 4266 non

497 4305 657 4375 invitatus
672 4310 840 4375 ferventer
856 4310 1010 4375 intendes
1022 4307 1041 4382 ὁ,
1054 4329 1093 4372 ea
1106 4308 1223 4391 adque
1240 4306 1300 4392 ipsi
1316 4306 1383 4386 regi
1400 4306 1523 4370 teneris
1539 4315 1575 4370 ut
1585 4305 1724 4371 domino
1739 4307 1857 4392 presti-

495 4418 587 4477 turus
602 4421 637 4478 et
657 4435 715 4499 per
730 4423 807 4479 tuos
828 4414 972 4479 facturus
988 4409 1129 4477 indilate
1140 4412 1289 4496 prestari,
1306 4410 1395 4494 quod
1420 4418 1453 4474 et
1470 4430 1540 4488 nos,
1558 4418 1593 4474 ut
1618 4417 1676 4474 tue
1700 4410 1798 4475 saluti
1822 4418 1857 4475 et

497 4511 584 4579 fzune
599 4518 786 4599 provideas,
802 4528 839 4583 ut
854 4526 910 4582 tue
927 4516 1062 4582 utilitati
1079 4516 1243 4593 consulas
1261 4524 1296 4579 ut
1312 4513 1495 4578 consultius
1510 4506 1663 4597 periculis
1675 4534 1740 4598 que
1750 4514 1809 4578 tibi
1822 4522 1857 4578 ct

495 4619 637 4701 posteris
653 4621 717 4686 tuis
732 4643 772 4685 ex
789 4643 904 4703 guerre
921 4620 1176 4686 continuatione
1193 4618 1365 4682 irmninere
1379 4625 1517 4701 possunt
1529 4637 1675 4697 occuras,
1687 4617 1855 4685 nobilitati

495 4727 553 4785 tue
568 4731 709 4806 patemo
725 4725 847 4790 affectu
863 4734 897 4791 et
913 4726 1003 4790 omni
1020 4746 1087 4808 quo
1111 4744 1287 4808 possunms
1308 4721 1418 4786 studio
1440 4721 1626 4801 suademus
1642 4732 1799 4807 rogantes
1822 4731 1856 4786 ct

496 4824 708 4891 obsecrantes
735 4828 768 4891 in
786 4829 933 4893 Domino
957 4828 1061 4906 Juesu
1086 4827 1221 4891 Christo
1248 4836 1284 4891 ut
1310 4826 1430 4890 nullius
1456 4835 1491 4890 te
1518 4825 1663 4906 maligna
1688 4825 1856 4915 suggestio

494 4927 642 4993 retrahat
656 4931 710 4994 vel
726 4942 854 4996 avertat
881 4932 1018 5014 astucia,
1036 4931 1113 5016 quin
1143 4930 1263 4995 nostris
1279 4930 1415 4994 monitis
1443 4929 1474 4992 in
1503 4928 1565 4994 lriis
1592 4949 1686 4994 aures
1709 4928 1855 4995 intentas

527 5187 552 5221 u.
564 5172 683 5221 honorem
697 5191 746 5236 rap.
759 5175 813 5223 110.
826 5203 856 5209 -
870 5175 891 5224 li.
903 5175 1040 5224 intendens
1053 5191 1101 5236 rap.
1116 5176 1161 5221 109
1173 5177 1196 5220 rt
1214 5176 1267 5222 110.
