4409 6017
887 677 1044 744 Deuxieme
1065 680 1168 744 annes.
1655 686 1710 749 173

341 897 343 902 ,
373 823 492 888 ecclesie
507 823 539 890 S.
555 824 729 892 Adalberti
744 827 912 913 Aquensis
927 838 963 894 et
978 828 1013 893 in
1040 828 1071 895 S.
1089 828 1227 894 Martini
1254 829 1449 897 Leodiensis
1473 843 1508 897 et
1533 833 1564 897 S.
1578 833 1711 901 Walde-

309 979 310 984 ,
372 925 455 991 tardis
468 927 501 991 in
518 926 695 995 Montibus
710 950 752 995 ac
767 931 798 996 S.
814 932 936 997 Albani
954 930 1204 1013 Namurcensis,
1228 932 1425 1000 Leodiensis
1440 944 1475 1001 et
1491 936 1712 1003 Cameracen-

309 1102 311 1106 ,
371 1030 403 1095 sis
420 1029 599 1111 diocesum,
623 1053 664 1099 ac
688 1033 721 1098 in
747 1033 979 1101 Cameracensi
1004 1037 1223 1102 canonicatus
1247 1046 1282 1103 et
1306 1040 1493 1123 prebendas
1521 1042 1653 1107 obtinet
1676 1053 1710 1108 et

370 1133 440 1217 quod
454 1134 488 1198 in
501 1134 672 1202 Parmensi
689 1147 723 1204 et
740 1138 952 1221 Lovauiensi,
968 1140 1059 1206 dicte
1075 1140 1272 1208 Leodiensis
1288 1143 1438 1223 diocesis
1467 1146 1626 1225 ecclesiis,
1651 1152 1710 1213 sub

368 1236 586 1321 expectatione
601 1241 857 1325 prebendarum,
869 1243 901 1308 in
919 1245 1119 1310 canonicum
1135 1251 1187 1310 est
1201 1255 1365 1331 receptus

398 1338 573 1408 Probitatis
588 1351 688 1410 tue...

396 1441 471 1509 Dat.
487 1445 587 1511 Avin.
604 1446 648 1513 id.
663 1447 851 1516 decembris
867 1471 957 1515 anno
975 1473 1003 1516 2.

309 1614 310 1618 ,
396 1545 431 1611 ln
448 1569 479 1613 e.
494 1569 540 1613 m.
565 1551 819 1639 archiepiscopo
845 1554 1042 1621 Treverensi
1071 1565 1106 1622 et
1133 1558 1245 1623 abbati
1269 1560 1461 1624 monasterii
1485 1559 1711 1627 Lucelimbur-

309 1733 311 1738 ·
360 1652 467 1732 gensis
484 1651 701 1721 Treverensis
716 1656 869 1737 diocesis
886 1680 925 1724 ac
941 1660 1101 1745 magistro
1119 1660 1270 1726 Homoni
1294 1663 1335 1728 de
1363 1662 1530 1745 Peretulo,
1548 1667 1711 1732 canonico

359 1753 561 1822 Tridentino

382 1906 442 1968 neg.
455 1908 503 1955 nv.
516 1911 539 1969 a,
552 1909 570 1957 r.
583 1909 646 1958 260:
659 1908 717 1959 vat.
729 1911 797 1971 aar.
811 1914 864 1971 122,
882 1927 908 1961 n.
920 1915 975 1962 ros.

390 2112 522 2172 1161.-
530 2104 650 2170 Eidem
660 2105 821 2190 magistro
831 2104 1020 2190 indulgetur
1029 2114 1066 2171 ut
1077 2104 1263 2170 insistendo
1273 2105 1416 2171 servitiis
1426 2105 1591 2186 Balduini,
1603 2106 1710 2171 archi-

346 2207 497 2293 episcopi
513 2208 740 2290 Treverensis,
755 2211 808 2274 vel
825 2209 1010 2275 scolasticis
1025 2208 1210 2295 disciplinis
1226 2208 1260 2273 in
1276 2211 1353 2275 loco
1369 2210 1424 2275 ubi
1436 2210 1583 2276 studium
1600 2210 1711 2293 vigeat

343 2314 504 2396 generale
519 2333 578 2379 seu
602 2314 812 2380 immorando
834 2313 867 2378 in
891 2334 959 2379 uno
982 2334 1117 2379 suorum
1139 2313 1389 2391 beneficiorum,
1414 2313 1538 2378 fructus
1559 2313 1711 2379 omnium

342 2436 484 2481 suorum
499 2417 740 2484 beneficiorum
752 2417 795 2483 ad
811 2417 991 2483 triennium
1007 2416 1180 2503 percipere
1191 2417 1312 2482 valeat.

391 2519 578 2586 Probitatis
594 2528 696 2587 tue...
1090 2521 1092 2525 ’

390 2622 473 2688 Dat.
488 2624 590 2689 Avin.
607 2623 650 2689 id.
666 2624 854 2690 decembris
869 2644 959 2689 anno
976 2645 1005 2690 2.

391 2724 434 2789 In
455 2747 485 2792 e.
500 2748 545 2791 nr.
561 2727 815 2814 archiepiscopo
841 2728 1038 2793 Treverensi
1063 2736 1097 2793 et
1124 2728 1237 2793 abbati
1262 2728 1456 2794 monasterii
1485 2727 1712 2794 Lucelimbur·

340 2830 469 2914 gensis,
485 2829 702 2897 Treverensis
716 2831 870 2912 diocesis,
886 2852 925 2897 ac
941 2832 1071 2897 decano
1083 2832 1225 2897 ecclesie
1241 2831 1272 2896 S.
1289 2829 1308 2909 J
1311 2831 1453 2897 ohannis
1470 2831 1676 2898 Leodiensis.

381 2977 444 3036 aaa.
459 2979 507 3024 nv.
519 2978 541 3035 a,
554 2977 572 3025 r.
585 2978 632 3024 aar
643 2992 649 3033 ;
662 2977 723 3029 vu.
737 2979 775 3035 ar,
788 2978 806 3026 r.
821 2979 885 3035 1181,
898 2979 991 3026 11131.

390 3172 510 3255 462.
1323 3209 1417 3273 1517,
1434 3211 1474 3253 2!
1491 3194 1668 3256 decembre.

393 3290 535 3357 Nicasio
558 3291 601 3357 de
630 3290 866 3372 Waverchin⁰,
896 3293 1072 3377 capellano
1103 3292 1275 3369 Beatricis,
1307 3293 1477 3358 comitisse
1507 3293 1712 3360 Lucembur-

345 3394 471 3480 gensis,
502 3395 672 3461 confertur
696 3395 915 3461 canonicatus
942 3397 1082 3462 ecclesie
1108 3396 1139 3463 S.
1165 3397 1394 3463 Bartholomei
1423 3396 1629 3479 Leodiensis,
1652 3403 1712 3464 sub

347 3497 590 3583 expectatione
619 3500 799 3584 prebende,
831 3520 898 3566 non
930 3502 1087 3566 obstante
1118 3501 1207 3585 quod
1230 3500 1456 3586 parrochiales
1485 3501 1645 3567 ecclesias
1671 3503 1712 3567 de

349 3602 524 3667 Harchie⁵
538 3613 573 3668 et
589 3603 630 3669 de
647 3602 825 3670 Blaravilla
836 3614 855 3681 ⁶,
872 3603 1086 3669 Treverensis
1109 3614 1144 3669 et
1170 3605 1402 3670 Atrebatensis
1428 3605 1611 3684 diocesum,
1628 3607 1713 3671 obti-

348 3715 420 3783 net,
437 3727 521 3790 quas
537 3705 707 3772 dimittere
724 3708 903 3772 tenebitur.

394 3809 733 3894 Suffragantiatibi...

396 3913 475 3977 Dat.
492 3913 593 3979 Avin.
614 3934 650 3977 12
668 3914 885 3999 kal.januarii
903 3935 993 3979 anno
1012 3935 1040 3979 2.

396 4016 435 4081 ln
453 4040 483 4082 e.
501 4039 545 4082 m.
562 4020 674 4083 abbati
698 4019 891 4083 monasterii
910 4020 944 4084 S.
961 4017 1079 4095 Jacobi
1108 4027 1142 4083 et
1166 4017 1296 4083 decano
1320 4019 1351 4084 8.
1368 4018 1532 4096 Johannis
1548 4019 1713 4085 Leodien-

350 4124 437 4189 sium
464 4143 505 4187 ac
531 4123 703 4207 preposito
728 4123 759 4186 8.
784 4122 957 4187 Adalberti
986 4122 1163 4206 Aquensis,
1199 4122 1394 4189 Leodiensis
1423 4124 1576 4205 diocesis
1607 4127 1714 4191 eccle·

350 4240 485 4285 siarum.

385 4366 445 4425 Reg.
457 4369 505 4415 hv.
518 4367 540 4423 8,
553 4366 573 4415 f.
587 4368 649 4414 336:
662 4366 720 4414 vm.
734 4368 771 4416 67.
786 4367 805 4413 i.
820 4368 885 4416 133⁹.
899 4381 924 4413 n.
938 4368 993 4414 tto.

393 4557 513 4642 463.
1329 4594 1423 4658 1317,
1437 4596 1476 4638 ar
1494 4578 1670 4640 dammare.
1769 4615 1773 4623 ·

396 4674 549 4741 Heurico
563 4675 605 4741 de
623 4675 795 4754 Pontibus,
812 4676 989 4760 capellano
1006 4674 1178 4753 Beatrieis,
1195 4677 1366 4742 comitisse
1380 4677 1713 4759 Lucelimburgensis,

352 4780 521 4844 confertur
536 4780 753 4844 canonicatus
769 4779 911 4844 ecclesie
921 4779 952 4844 8.
964 4779 1171 4863 Aldegundis
1186 4781 1228 4845 de
1246 4779 1454 4861 Malohodio,
1465 4782 1715 4848 Cameracensis

352 4884 503 4965 diocesis,
526 4887 586 4950 sub
608 4885 845 4969 expectatione
861 4885 1041 4969 prebende,
1057 4906 1125 4948 non
1143 4889 1300 4951 obstante
1316 4887 1406 4971 quod
1423 4888 1455 4951 in
1471 4888 1513 4953 de
1530 4888 1715 4953 Courtraco

382 5126 406 5157 11.
420 5107 585 5156 Ukarcrchin
599 5121 648 5167 rep.
666 5105 720 5154 Vnt.
751 5105 800 5153 -11,
815 5106 907 5155 Archia
920 5122 968 5169 rap.
987 5105 1042 5154 Vnt.
1056 5133 1087 5141 -
1098 5119 1121 5156 c.
1139 5105 1274 5154 lilaraucla
1287 5121 1337 5167 rep.
1349 5106 1416 5159 Aa:
1433 5105 1564 5153 Blataurla
1576 5121 1626 5168 rep.
1641 5105 1697 5154 l'ut.
