4409 6017
523 720 576 786 114
1064 712 1213 780 Promibre
1234 715 1337 781 annia

521 866 654 954 gentius
674 863 852 945 observari,
876 862 972 929 vobis
995 862 1038 928 de
1062 883 1204 946 quorum
1235 863 1533 952 circumspectione
1558 863 1713 931 fiduciam
1741 862 1880 949 gerimus

522 970 717 1058 pleniorem,
736 977 770 1034 et
795 988 879 1053 quos
903 975 1010 1033 status
1033 967 1205 1053 prosperi‘
1226 967 1307 1035 dicti
1332 967 1423 1055 regni
1440 969 1573 1036 sedulos
1588 969 1764 1048 zelatores,
1785 977 1821 1031 et
1842 966 1880 1031 ad

522 1073 673 1161 predicta
681 1072 829 1159 pericula
837 1069 1061 1159 propulsanda
1071 1070 1208 1137 sinceris
1217 1071 1393 1139 affectibus
1401 1072 1489 1139 affici
1500 1072 1666 1154 novimus,
1677 1069 1879 1159 presentium

522 1177 724 1244 auctoritate
750 1176 994 1243 committimus
1024 1183 1059 1240 et
1089 1176 1289 1242 mandamus
1318 1177 1475 1261 quatinus
1504 1176 1548 1243 ad
1577 1184 1692 1264 partes
1722 1175 1798 1241 illas
1826 1192 1880 1238 vos

522 1280 740 1369 personaliter
766 1280 988 1360 conferentes,
1012 1300 1073 1346 vos
1097 1281 1152 1345 vel
1176 1281 1261 1345 alter
1287 1290 1436 1347 vestrum
1462 1290 1533 1347 tam
1559 1281 1638 1367 regi,
1669 1299 1772 1366 quam
1798 1275 1879 1356 duci,

523 1385 638 1453 comiti
651 1394 687 1450 et
701 1384 845 1470 alligatis
860 1383 1015 1450 omnibus
1029 1383 1187 1450 antefatis
1202 1392 1260 1451 aut
1275 1385 1512 1472 principalibus
1526 1383 1723 1451 eorumdem
1739 1380 1881 1469 apertius

521 1487 695 1575 explicetis
715 1488 807 1573 pium
830 1496 981 1555 nostrum
1006 1487 1093 1553 circa
1119 1487 1279 1573 premissa
1301 1488 1521 1575 propositum,
1542 1509 1581 1554 ac
1602 1488 1749 1554 eundem
1772 1502 1881 1569 regem

521 1593 717 1659 salutaribus
733 1591 868 1657 monitis
884 1591 1057 1670 inducatis,
1074 1599 1112 1656 ut
1127 1611 1163 1655 se
1185 1590 1272 1672 duci,
1289 1591 1403 1658 comiti
1428 1600 1464 1658 et
1489 1591 1632 1677 alligatis
1656 1587 1819 1678 predictis
1842 1586 1881 1651 de

521 1696 683 1764 comitatu
700 1694 883 1783 Campanis
899 1702 934 1761 et
949 1694 1191 1781 prenominatis
1206 1694 1309 1762 etiam
1325 1696 1397 1761 aliis
1419 1696 1573 1781 alligatis,
1598 1695 1720 1780 quibus
1746 1692 1829 1759 alias
1851 1688 1883 1753 id

521 1800 641 1868 dicitur
657 1799 826 1879 obtulisse,
848 1798 967 1866 offerat
991 1819 1069 1865 cum
1091 1798 1214 1863 affectu
1230 1819 1329 1885 super
1349 1799 1414 1865 hiis
1438 1800 1480 1865 de
1507 1800 1625 1885 quibus
1649 1799 1699 1863 eis
1725 1795 1882 1863 adversus

522 1903 631 1989 ipsum
655 1923 766 1990 regem
788 1903 878 1988 justa
902 1904 1035 1988 querela
1061 1902 1233 1989 supererit,
1257 1903 1423 1988 justitiam
1453 1903 1611 1969 exhibere
1633 1910 1819 1989 paratum;
1850 1907 1882 1962 et

521 2005 643 2073 deinde
659 2006 723 2071 illis
738 2006 893 2071 omnibus
909 2005 1089 2091 etsingulis
1101 2025 1161 2071 seu
1172 2026 1287 2071 eorum
1303 2006 1552 2094 principalibus,
1568 2005 1754 2073 secundum
1768 2004 1883 2071 datam

521 2110 618 2176 vobis
641 2100 661 2176 'a
687 2109 762 2175 Deo
791 2109 1015 2196 prudentiam,
1049 2108 1232 2175 efficaciter
1261 2111 1400 2176 suadere
1430 2111 1553 2177 curetis
1582 2110 1684 2196 quod,
1715 2106 1885 2196 premissis

521 2212 703 2299 dispendiis
726 2221 827 2297 atque
853 2212 1009 2300 periculis
1034 2212 1168 2299 provise
1189 2213 1347 2299 pensatis,
1368 2214 1413 2282 ad
1434 2213 1516 2281 dicti
1544 2214 1629 2301 regis
1656 2211 1884 2280 obedientiam

521 2320 647 2402 absque
670 2337 764 2382 more
790 2316 966 2403 dispendio
989 2319 1142 2383 ultronee
1166 2315 1199 2379 in
1230 2318 1326 2382 vultu
1355 2318 1580 2403 penitentium
1609 2317 1760 2399 redeant,
1788 2336 1829 2381 ea
1852 2316 1885 2379 in

522 2421 643 2507 quibus
666 2421 695 2486 ei
721 2430 879 2487 tenentur
893 2429 932 2486 ut
946 2421 1085 2488 domino
1101 2420 1283 2487 liberaliter
1305 2430 1457 2507 prestent
1472 2431 1508 2488 et
1523 2422 1647 2489 faciant
1670 2430 1706 2487 et
1732 2442 1753 2487 a
1779 2420 1886 2506 ceptis

522 2523 709 2611 improvide
732 2524 866 2610 penitus
890 2524 1096 2611 resipiscant.
1138 2523 1238 2609 Quod
1268 2525 1294 2590 si
1322 2526 1419 2610 juxta
1443 2526 1596 2592 desiderii
1626 2525 1733 2592 nostri
1757 2532 1886 2602 votum,

522 2627 624 2695 corda
639 2647 755 2695 eorum
770 2637 931 2714 tangente
948 2628 1107 2708 Domino,
1124 2629 1309 2694 salubribus
1323 2629 1452 2710 vestris,
1468 2629 1547 2714 quin
1562 2628 1676 2716 potius
1691 2628 1887 2715 apostolicis

522 2731 789 2817 persuasionibus
805 2731 839 2796 in
855 2730 921 2797 hoc
932 2751 1059 2818 pronos
1073 2738 1175 2816 atque
1190 2731 1353 2798 flexibiles
1367 2753 1403 2798 se
1419 2735 1558 2818 prebere
1581 2733 1782 2813 curaverint,
1798 2730 1886 2819 apud

522 2856 635 2920 regem
667 2835 775 2921 ipsum
806 2856 847 2899 ex
878 2842 972 2921 parte
999 2843 1115 2901 nostra
1145 2836 1284 2901 solerter
1309 2835 1467 2902 insistatis
1491 2844 1666 2922 quatenus,
1701 2836 1885 2923 prudenter

521 2947 656 3005 attento
671 2939 761 3024 quod
776 2940 948 3024 ignoscere
962 2960 1067 3026 genus
1083 2940 1250 3025 optimum
1266 2950 1318 3005 est
1339 2941 1495 3006 vincendi
1520 2942 1677 3026 quodque
1702 2942 1884 3007 clementia

522 3043 609 3109 troni
637 3042 878 3129 presidentium
904 3045 1110 3121 roborantur,
1142 3045 1289 3131 prefatos
1315 3045 1446 3125 ducem,
1477 3045 1638 3112 comitem
1668 3055 1704 3111 et
1731 3045 1886 3131 alligatos

521 3166 638 3211 omnes
654 3154 688 3212 et
704 3146 850 3231 singulos
865 3146 907 3212 ad
930 3148 1001 3231 ejus
1017 3146 1244 3214 obedientiam
1260 3148 1431 3213 humiliter
1455 3148 1563 3214 redire
1584 3157 1620 3214 ct
1645 3169 1687 3215 ea
1714 3150 1830 3215 omnia
1853 3150 1884 3213 in

520 3249 639 3334 quibus
654 3250 714 3315 sibi
731 3259 887 3315 tenentur
903 3259 939 3316 ut
955 3251 1094 3317 domino
1110 3251 1219 3317 facere
1231 3261 1265 3317 et
1288 3260 1435 3338 prestare
1452 3255 1614 3332 volentes,
1630 3253 1673 3321 ad
1695 3254 1805 3339 gratie
1828 3274 1885 3318 sue

520 3352 628 3418 sinum
646 3355 828 3420 clementer
843 3355 1010 3421 admittat.

565 3456 615 3523 Ut
630 3465 744 3523 autem
760 3458 848 3524 circa
869 3458 903 3525 id
920 3461 1008 3540 (¹)...
1035 3460 1222 3525 temerariis
1247 3460 1380 3526 ausibus
1405 3460 1652 3528 contradicunt.
1678 3461 1757 3528 Dat.
1786 3462 1884 3528 Arin.

523 3581 541 3645 3
558 3559 624 3626 kal.
640 3560 755 3626 maii.»

553 3698 611 3757 lieu.
625 3698 683 3748 Vnt.
701 3700 754 3755 loll,
768 3700 784 3747 i.
798 3701 835 3748 li.
850 3714 874 3746 n.
891 3702 953 3748 lul:
975 3700 1032 3749 l'at.
1044 3703 1097 3755 llo,
1110 3714 1168 3763 para
1179 3701 1198 3750 1.
1212 3702 1229 3749 f.
1246 3703 1283 3749 4⁰.
1296 3716 1321 3749 u.
1337 3704 1388 3750 121.
1414 3731 1433 3737 -
1446 3702 1552 3753 (loulon.
1565 3717 1590 3752 n.
1602 3706 1651 3751 ’202
1663 3704 1769 3763 (texte).

565 3878 678 3964 326.
870 3970 872 3973 ,
1536 3895 1668 3983 [1317],
1686 3917 1727 3981 ²9
1743 3898 1842 3965 avril.

537 3999 540 4004 “
565 3995 701 4061 Eisdem
712 3996 837 4061 nuntiis
850 3997 1045 4063 conceditur
1056 4005 1092 4062 ut
1108 4006 1241 4084 treugas
1258 3998 1344 4064 inter
1359 4000 1523 4065 habentes
1532 4019 1666 4085 guerras
1682 3999 1715 4065 in
1732 4001 1883 4087 partibus

522 4099 585 4165 illis
610 4101 845 4185 cujuscumque
875 4099 1077 4167 conditionis
1101 4102 1258 4182 existant,
1284 4102 1429 4169 indicere
1454 4112 1488 4169 et
1519 4114 1638 4171 contra
1668 4103 1885 4190 infringentes

521 4211 654 4286 treugas
668 4204 849 4289 procedere
865 4205 1003 4290 possint.

566 4307 729 4371 Dolenter
745 4307 901 4372 audito...

567 4410 644 4475 Dat.
660 4410 760 4475 Avin.
778 4432 795 4494 3
812 4410 878 4476 kal.
895 4411 984 4477 maii.

557 4555 615 4612 llcg.
630 4554 686 4602 vm..
701 4557 753 4603 llltl.
764 4555 781 4603 f.
795 4557 833 4602 tu,
846 4569 871 4601 n.
887 4556 945 4610 1973
959 4554 1017 4606 Vnt.
1040 4556 1092 4603 llo.
1106 4569 1165 4616 pars
1180 4555 1198 4614 l,
1210 4555 1229 4607 f.
1245 4557 1294 4606 38⁹.
1312 4571 1337 4604 u.
1353 4557 1405 4605 118.

554 4748 578 4782 n.
594 4738 690 4781 statum
704 4748 851 4796 prosporum
862 4749 914 4794 rip.
928 4736 981 4784 109.

529 4928 1127 4939 ——-——-—-—-———-—...—-...——-
1134 4935 1149 4939 ..
1155 4934 1167 4938 ...
1182 4933 1224 4941 -.

556 5059 575 5103 l.
590 5057 626 5104 lci
645 5073 671 5106 sc
688 5057 806 5120 repitent-
823 5060 859 5107 lcs
878 5060 1000 5109 formults
1018 5061 1053 5108 ‹lu
1074 5061 1181 5110 numero
1198 5062 1333 5125 prc‘csrlcnt
1354 5065 1444 5126 (voroz
1456 5079 1481 5128 p.
1497 5067 1550 5123 111,
1563 5065 1580 5114 1.
1595 5066 1645 5126 16),
1664 5080 1728 5122 avec
1745 5066 1779 5116 dc
1790 5065 1881 5129 legere

522 5139 657 5187 variantes.
