4409 6017
969 726 1095 793 Sixieme
1116 724 1218 791 annes.
1712 727 1775 792 887

459 878 611 963 1003.
1368 885 1466 974 1321,
1482 910 1526 973 25
1542 876 1731 979 septembre.

456 996 651 1079 Guillelmo,
666 1004 750 1062 nato
766 994 936 1081 quondam
953 993 1080 1079 Pagani
1096 992 1399 1074 Tealdi,confertur
1410 994 1626 1060 canonicatus
1637 995 1776 1060 ecclesie

408 1100 630 1183 Nivellensis,
647 1099 844 1166 Leodiensis
859 1098 1011 1180 diocesis,
1027 1100 1088 1164 sub
1105 1097 1343 1184 expectatione
1357 1098 1537 1184 prebende.

455 1204 681 1291 Suffragantia
697 1204 799 1271 tibi...

456 1309 537 1375 Dat.
553 1310 653 1375 Avin.
672 1329 690 1393 7
707 1309 774 1375 kal.
791 1306 938 1374 octobris
961 1327 1051 1372 anno
1068 1311 1097 1373 6.

458 1412 499 1478 In
526 1436 556 1479 e.
571 1436 616 1479 m.
632 1413 806 1500 preposito
831 1409 1032 1497 Maguntine
1069 1418 1104 1476 et
1130 1410 1261 1476 decano
1286 1409 1318 1475 S.
1345 1408 1483 1477 Martini
1511 1420 1546 1477 et
1570 1413 1776 1479 thesaurario

410 1517 655 1584 Leodiensium
671 1517 899 1584 ecclesiarum.

445 1657 509 1720 Beg.
521 1659 569 1706 Ar.
582 1658 620 1717 lb,
632 1657 651 1706 l.
663 1657 694 1705 88
705 1672 711 1715 ;
722 1656 782 1706 vn.
796 1658 836 1717 73,
847 1658 867 1707 f.
879 1657 930 1717 38',
943 1670 968 1706 11.
981 1658 1020 1705 35.

459 1831 610 1914 1004.
1366 1862 1463 1925 1321,
1479 1859 1520 1923 27
1544 1843 1731 1929 septembre.

457 1949 609 2016 Gerardo
623 1951 666 2017 de
682 1949 874 2034 Borgonion
891 1948 933 2013 de
951 1946 1063 2012 Insula
1090 1945 1260 2012 confertur
1284 1946 1502 2012 canonicatus
1525 1947 1665 2012 ecclesie
1682 1945 1776 2013 lnsu-

411 2054 526 2135 lensis,
549 2053 772 2121 Tomacensis
786 2052 939 2133 diocesis,
955 2052 1015 2117 sub
1031 2050 1268 2136 expectatione
1283 2050 1465 2137 prebende.

458 2157 698 2225 Laudabilibus
712 2167 810 2224 tue...

458 2262 539 2327 Dat.
555 2263 655 2329 Avin.
673 2281 690 2348 5
707 2261 773 2329 kal.
790 2261 938 2328 octobris
953 2280 1043 2326 anno
1061 2263 1089 2325 ό.

458 2365 499 2429 ln
516 2386 545 2430 e.
561 2386 606 2432 rn.
631 2365 744 2431 abbati
768 2364 962 2432 monasterii
990 2364 1021 2429 S.
1049 2361 1140 2427 Petri
1157 2361 1355 2445 Gaudensis,
1378 2362 1599 2430 Tomacensis
1625 2364 1776 2445 diocesis

410 2480 448 2534 et
472 2469 646 2555 preposito
670 2467 881 2535 Coloniensis
902 2490 943 2535 ac
968 2468 1097 2547 Jacobo
1121 2466 1164 2532 de
1183 2464 1327 2549 Mutina,
1343 2468 1508 2533 canonico
1524 2465 1777 2533 Cameracensis

412 2567 647 2648 ecclesiarum,
663 2568 838 2652 capellano
853 2587 952 2653 pape.

449 2705 512 2766 fleg.
524 2707 572 2754 Av.
583 2707 621 2765 17,
632 2705 652 2756 f.
666 2707 722 2764 355,
731 2719 757 2755 n.
776 2706 838 2752 1199
851 2720 857 2760 ;
870 2704 929 2753 Vat.
941 2707 980 2765 73,
991 2706 1012 2757 f.
1025 2707 1092 2766 51³¹,
1105 2720 1131 2754 n.
1146 2708 1217 2755 1514.

463 2892 615 2977 1005.
1369 2930 1465 2992 1321,
1481 2927 1524 2994 27
1546 2912 1747 2998 septembre.

460 3010 582 3076 Ostoni
599 3011 641 3076 de
656 3008 769 3095 Troye
785 3009 955 3076 confertur
969 3010 1189 3078 canonicatus
1213 3012 1355 3078 ecclesie
1367 3012 1636 3095 Harlebecensis,
1651 3014 1777 3080 Torna-

410 3114 527 3178 censis
538 3113 689 3193 diocesis,
702 3114 762 3178 sub
779 3113 1014 3198 expectatione
1030 3114 1210 3199 prebende.

460 3217 660 3302 Apostolice
677 3216 802 3282 Sedis...

459 3320 539 3385 Dat.
556 3320 656 3386 Avin.
675 3340 691 3404 5
709 3319 775 3385 kal.
792 3320 939 3385 octobris
955 3340 1044 3384 anno
1061 3324 1090 3386 6.

459 3422 498 3486 ln
517 3444 546 3488 e.
562 3444 607 3489 m.
623 3423 735 3488 abbati
752 3423 945 3488 monasterii
963 3425 997 3489 S.
1015 3423 1105 3488 Petri
1122 3422 1320 3507 Gandensis,
1337 3427 1561 3493 Tornacensis
1576 3428 1727 3511 diocesis,
1744 3439 1779 3495 et

406 3527 587 3614 preposito
611 3526 821 3593 Coloniensis
856 3547 896 3593 ac
920 3526 1051 3605 Jacobo
1087 3527 1129 3593 de
1168 3526 1313 3610 Mutina,
1340 3530 1504 3596 canonico
1527 3531 1779 3599 Cameracensis

407 3631 643 3696 ecclesiarum.

448 3775 509 3835 neg.
521 3778 569 3823 nv.
579 3777 617 3834 11,
631 3776 648 3823 f.
661 3776 715 3833 aco,
731 3790 756 3824 n.
774 3777 832 3823 1501
847 3791 853 3831 ;
866 3775 925 3823 vat.
938 3777 975 3834 13,
989 3776 1007 3823 f.
1021 3777 1088 3835 oro,
1102 3790 1128 3824 n.
1144 3778 1213 3824 1516.

461 3963 613 4047 1006.
1449 4004 1543 4065 1321,
1563 4004 1580 4047 1
1598 3986 1735 4050 octobre.

458 4082 562 4147 Petro
572 4082 614 4147 dc
631 4083 861 4164 Chambliac0,
877 4084 1113 4150 archidiacono
1126 4081 1324 4165 Morinensi‚
1338 4084 1528 4171 indulgetur
1544 4094 1581 4151 ut
1597 4087 1781 4152 scolasticis

414 4186 601 4271 disciplinis
623 4188 779 4253 insistens
805 4187 930 4254 fructus
954 4188 1195 4255 beneficiorum
1223 4207 1358 4253 suorum
1386 4189 1429 4254 ad
1452 4189 1632 4254 triennium
1655 4193 1780 4275 absque

418 4291 598 4356 residentia
614 4292 785 4378 percipere
801 4295 921 4359 valeat.

465 4395 625 4460 Provenit
641 4416 723 4460 ex...

463 4499 541 4563 Dat.
558 4499 657 4564 Avin.
674 4497 740 4565 kal.
757 4501 903 4566 octobris
918 4521 1008 4567 anno
1026 4506 1054 4566 ό.

468 4604 503 4664 ln
520 4622 548 4664 e.
565 4622 609 4665 m.
626 4601 786 4688 episcopo
811 4603 987 4669 Parisiensi
1014 4613 1048 4669 et
1066 4605 1096 4669 S.
1117 4604 1257 4671 Dionisii
1275 4606 1310 4670 in
1327 4604 1479 4688 Francia,
1497 4606 1694 4673 Parisiensis
1709 4608 1782 4673 dio·

428 4704 513 4784 cesis,
529 4724 569 4768 ac
585 4703 616 4769 S.
633 4704 789 4770 Germani
806 4707 848 4771 de
866 4707 972 4772 Pratis
989 4707 1183 4774 Parisiensis
1206 4710 1482 4775 monasteriorum
1498 4711 1682 4776 abbatibus

458 4843 514 4905 sag.
527 4848 574 4893 nv.
593 4847 629 4903 rs,
643 4846 661 4893 r.
674 4848 738 4904 215;
759 4847 815 4894 l'at.
828 4849 866 4903 13,
879 4848 897 4894 1.
912 4849 964 4904 103,
983 4850 1076 4896 11151.

471 5017 614 5099 1007.
1388 5046 1391 5053 “
1460 5055 1554 5115 1321,
1566 5055 1591 5117 3
1606 5038 1741 5100 octobre.
1826 5016 1828 5019 ⁵

474 5131 570 5198 Helie
586 5135 628 5199 de
646 5135 938 5218 Rechignevoysin
957 5136 1175 5202 conferuntur
1188 5138 1407 5205 canonicatus
1417 5145 1451 5203 et
1466 5140 1634 5222 prebenda
1646 5140 1787 5203 ecclesie
