4409 6017
911 718 1067 786 lleuvibme
1087 720 1191 788 anuto.
1672 724 1733 788 588

360 871 405 930 et
420 865 536 949 gratie,
551 873 611 932 tua
626 875 742 934 tamen
754 869 935 935 honestate
950 877 1090 952 servata,
1102 869 1235 937 duxeris
1250 870 1526 957 impendendum.
1543 871 1622 936 Dat.
1633 871 1733 936 Avin.

363 986 386 1052 5
404 967 474 1035 kal.
483 970 568 1056 junii
583 991 673 1037 anno
690 980 770 1053 9.›'

402 1114 467 1176 Beg.
479 1116 539 1165 Vat.
551 1118 607 1178 113,
620 1118 639 1167 t.
650 1120 703 1179 ὅθ’,
716 1133 743 1169 n.
758 1120 814 1168 389.

414 1336 559 1421 1596-
1434 1373 1529 1438 1325,
1542 1374 1589 1436 30
1613 1357 1689 1422 moi.

413 1454 585 1543 Episcopo
595 1456 828 1526 Cameracensi
840 1460 1018 1527 mandatur
1033 1469 1198 1546 quatenus
1213 1461 1373 1546 quasdam
1384 1459 1514 1525 litteras
1530 1458 1734 1544 apostolicas

359 1580 430 1646 pro
446 1562 616 1646 preposita
632 1563 768 1650 capituli
784 1565 925 1631 ecclesie
947 1564 985 1630 B.
1002 1564 1229 1631 Waldetrudis
1258 1563 1459 1645 Montensis,
1484 1561 1733 1629 Cameracensis

360 1662 522 1747 diocesis,
533 1667 632 1733 falsas
647 1668 816 1754 publicare
833 1669 944 1735 faciat.
1043 1670 1045 1672 ’

412 1820 632 1887 «Venerabili
658 1822 786 1888 fratri..
810 1822 970 1909 episcopo
997 1822 1230 1889 Cameracensi
1255 1843 1314 1889 seu
1337 1824 1408 1910 ejus
1423 1823 1555 1889 vicariis
1583 1824 1617 1888 in
1640 1823 1732 1908 spiri-

360 1924 513 1991 tualibus
537 1926 690 1991 salutem.
714 1925 833 2012 Nuper
855 1926 978 1993 dilecte
1001 1928 1035 1992 in
1052 1927 1186 1993 Christo
1210 1927 1276 1992 filie
1296 1928 1481 2013 capitulum
1496 1927 1731 1993 canonicarum

360 2029 565 2097 secularium
577 2030 717 2095 ecclesie
728 2029 994 2098 B.Waldetrudis
1006 2029 1207 2112 Montensis
1218 2030 1467 2097 Cameracensis
1476 2030 1628 2112 diocesis,
1636 2032 1732 2097 nobis

361 2133 554 2219 significare
570 2143 726 2199 curarunt
742 2136 832 2219 quod
847 2135 991 2220 quedam
1008 2135 1120 2200 littere
1136 2135 1220 2201 falso
1235 2128 1295 2201 sub
1311 2144 1427 2201 nostro
1442 2135 1579 2200 nomine
1602 2135 1731 2201 fuerant

361 2237 539 2318 fabricate,
550 2239 638 2302 inter
652 2236 718 2303 alia
735 2238 950 2304 continentes
966 2238 1056 2323 quod
1071 2259 1133 2303 nos
1149 2239 1318 2324 quoddam
1333 2237 1470 2304 laudum
1486 2259 1544 2303 seu
1560 2239 1731 2303 arbitrium

362 2340 450 2406 olim·
461 2342 628 2425 prolatum
640 2361 701 2426 pro
710 2340 834 2407 dilecta
850 2342 884 2405 in
901 2340 1033 2407 Christo
1046 2342 1115 2407 filia
1128 2393 1151 2407 ..
1164 2342 1336 2428 preposita
1351 2341 1500 2426 ejusdem
1516 2341 1656 2407 ecclesie
1672 2363 1732 2428 per

361 2444 592 2510 venerabilem
608 2444 745 2510 fratrem
767 2452 956 2511 nostrum..
980 2444 1212 2530 Bajocensem,
1237 2453 1319 2511 tunc
1342 2444 1622 2512 Cameracensem
1645 2445 1730 2531 epis-

361 2569 499 2634 copum,
518 2548 707 2633 proximum
726 2555 972 2613 antecessorem
984 2556 1091 2630 tuum,
1104 2548 1205 2615 frater
1220 2548 1389 2636 episcope,
1402 2550 1603 2616 duxeramus
1615 2556 1730 2614 aucto-

362 2652 467 2718 ritate
490 2651 675 2737 apostolica
702 2652 980 2735 confirmandum,
1005 2672 1045 2719 ac
1069 2655 1310 2738 subsequenter
1336 2652 1443 2719 dictas
1464 2653 1594 2719 litteras
1617 2652 1730 2718 taliter

363 2756 542 2822 fabricatas
574 2764 770 2842 procurator
796 2756 945 2842 ejusdem
971 2757 1153 2842 preposite,
1179 2756 1399 2843 protestando
1421 2776 1483 2845 pro
1506 2764 1604 2842 parte
1627 2756 1729 2842 ipsius

363 2860 455 2945 quod
466 2880 508 2924 ex
520 2879 587 2944 quo
597 2859 639 2925 ad
654 2879 730 2925 eam
741 2859 783 2925 de
793 2859 937 2946 ipsarum
951 2861 1098 2927 falsitate
1108 2860 1273 2949 pervenit,
1285 2860 1394 2927 noluit
1405 2862 1454 2927 uti
1465 2861 1538 2942 illis,
1546 2860 1644 2927 nobis
1655 2881 1728 2946 pre-

362 2973 496 3031 sentare
512 2963 651 3045 curavit,
668 2984 750 3048 quas
763 2964 894 3029 litteras
910 2964 1086 3050 diligenter
1102 2966 1279 3052 inspectas,
1292 2966 1326 3032 in
1337 2974 1437 3047 carta,
1461 2965 1634 3051 scriptura,
1651 2964 1728 3030 stilo
1805 2996 1806 3000 ¹

362 3077 398 3135 et
421 3089 535 3134 earum
559 3068 642 3133 serie
669 3089 709 3134 ac
734 3068 815 3133 salsa
839 3069 1045 3155 appensione
1071 3070 1172 3150 bulle,
1200 3072 1288 3137 clare
1313 3079 1347 3137 et
1373 3069 1517 3136 dilucide
1539 3069 1727 3135 invenimus

361 3193 436 3238 esse
452 3172 560 3253 falsas,
576 3180 714 3258 propter
738 3172 828 3257 quod
851 3193 1051 3258 quecunque
1075 3173 1256 3240 earundem
1279 3174 1465 3241 litterarum
1481 3174 1636 3240 falsarum
1652 3195 1725 3260 pre-

358 3284 458 3342 textu
474 3275 562 3341 facta
576 3276 630 3341 vel
646 3284 761 3341 secuta
784 3283 871 3356 sunt,
888 3284 1055 3361 quatenus
1070 3286 1306 3361 processerunt
1320 3278 1363 3344 de
1386 3277 1486 3361 facto,
1502 3277 1602 3358 nulla,
1618 3297 1725 3342 vacua

360 3388 397 3445 ct
431 3379 541 3444 inania
566 3378 636 3444 fore
670 3399 804 3465 prorsus
829 3378 1047 3461 decemimus,
1074 3401 1139 3447 nec
1162 3401 1222 3468 per
1249 3402 1305 3447 eas
1327 3381 1479 3467 predicto
1502 3380 1602 3446 laudo
1626 3383 1725 3446 robur

359 3484 499 3569 aliquod
521 3483 638 3550 datum
662 3505 745 3551 esse.
761 3483 929 3568 Quocirca
953 3485 1145 3551 discretioni
1170 3493 1280 3551 vestre
1307 3506 1366 3572 per
1393 3485 1579 3572 apostolica
1602 3485 1725 3570 scripta

358 3588 562 3654 mandamus
577 3595 742 3672 quatenus
759 3587 905 3674 prefatas
929 3588 1066 3671 litteras,
1091 3608 1230 3674 quarum
1252 3598 1407 3655 tenorem
1430 3589 1526 3655 vobis
1549 3591 1608 3654 sub
1635 3589 1725 3653 bulla

358 3702 476 3758 nostra
492 3692 656 3757 mittimus
672 3691 898 3773 interclusum,
914 3692 970 3757 ubi
987 3692 1144 3779 expedire
1166 3693 1337 3774 videritis,
1349 3702 1384 3759 et
1399 3693 1573 3779 presertim
1592 3692 1626 3756 in
1641 3692 1725 3757 locis

358 3798 394 3862 in
411 3797 529 3882 quibus
544 3796 635 3863 dicta
651 3796 820 3883 preposita
829 3817 888 3862 usa
897 3795 996 3862 luisse
1011 3797 1167 3863 asseritur
1178 3797 1297 3864 litteris
1306 3798 1510 3879 memoratis,
1520 3798 1723 3863 denuntietis

357 3912 395 3968 et
421 3900 570 3967 nunciari
592 3921 652 3988 per
675 3902 758 3967 alios
791 3901 920 3967 faciatis
944 3902 1042 3968 falsas
1066 3923 1139 3968 esse
1164 3910 1199 3968 et
1225 3903 1334 3984 fuisse,
1362 3911 1397 3968 et
1421 3922 1618 3987 quecunque
1645 3909 1723 3967 sunt

357 4007 492 4071 illarum
508 4007 684 4073 occasione
700 4013 894 4092 presumpta
911 4006 1033 4071 nullius
1048 4027 1182 4093 prorsus
1198 4007 1340 4073 existere
1364 4006 1539 4087 firmitatis,
1555 4027 1594 4072 ac
1617 4006 1719 4071 nichi-

356 4112 504 4178 lominus
520 4111 752 4175 fabricatorem
779 4130 895 4174 earum
918 4110 993 4196 capi
1009 4118 1116 4191 caute,
1133 4110 1159 4175 si
1187 4111 1256 4175 fieri
1280 4111 1415 4197 poterit,
1428 4110 1556 4175 faciatis
1579 4131 1722 4195 eumque

356 4217 420 4281 sub
438 4215 502 4279 fida
525 4213 675 4279 custodia
690 4212 733 4278 ad
748 4212 869 4277 Sedem
896 4213 1019 4278 curetis
1046 4213 1267 4299 apostolicam
1294 4214 1475 4294 destinare,
1488 4214 1584 4299 juxta
1599 4216 1723 4279 consti-

356 4320 526 4387 tutionem
558 4327 675 4384 contra
704 4317 852 4382 falsarios
878 4317 1003 4382 editam
1031 4318 1238 4403 puniendum
1251 4342 1259 4399 ;
1291 4326 1409 4384 contra
1435 4339 1493 4383 eos
1523 4339 1604 4383 vero
1640 4338 1723 4403 quos

356 4427 504 4494 scienter
520 4426 583 4491 illis
599 4445 676 4490 usos
690 4424 787 4488 vobis
810 4444 882 4488 esse
906 4424 1105 4505 constiterit,
1118 4426 1215 4509 juxta
1232 4425 1509 4490 constitutionem
1526 4425 1722 4511 predictam,

355 4530 586 4618 appellatione
602 4535 742 4608 remota,
757 4528 938 4613 procedere
962 4528 1135 4593 studeatis.
1153 4527 1231 4593 Dat.
1248 4528 1348 4593 Avin.
1367 4550 1383 4612 3
1401 4528 1466 4594 lral.
1479 4529 1563 4613 junii
1580 4549 1670 4595 anno
1693 4549 1722 4610 9.

392 4676 453 4737 Reg.
464 4677 512 4723 Ar.
525 4677 562 4733 23,
577 4675 594 4722 t.
608 4677 654 4722 1⁴3
667 4690 672 4730 ;
686 4674 745 4722 Vat.
760 4676 797 4733 79,
811 4674 828 4722 l.
843 4675 880 4732 80,
894 4688 919 4722 n.
934 4675 1004 4722 1448.

404 4894 547 4977 1597·
1413 4928 1507 4989 1325,
1525 4930 1572 4991 30
1596 4912 1675 4974 mai.

402 5012 549 5091 Johanni
566 5013 608 5078 de
623 5012 827 5077 Watermale
843 5011 1011 5077 confertur
1032 5013 1250 5079 canonicatus
1273 5011 1415 5077 ecclesie
1431 5011 1462 5077 S.
1479 5012 1618 5078 Servatii
1642 5013 1721 5077 Tra-

355 5115 528 5205 jectensis,
545 5115 741 5182 Leodiensis
767 5114 919 5197 diocesis,
936 5118 995 5181 sub
1019 5117 1256 5203 expectatione
1278 5117 1457 5202 prebende,
1481 5137 1550 5181 non
1566 5119 1721 5182 obstante
