4409 6017
865 730 1021 796 Deuxihme
1042 730 1144 794 annae.
1624 735 1685 799 207

350 878 394 943 luit
406 880 556 946 iaciendo
572 900 632 965 per
647 880 730 944 alios
742 880 921 960 observari,
934 879 1090 963 quodque
1107 879 1317 943 laudabiliter
1334 889 1408 963 aget
1426 881 1643 966 imposterum
1660 883 1686 947 si

348 1004 392 1067 per
404 1004 436 1048 se
451 1004 489 1049 ac
505 983 647 1049 heredes
662 992 697 1048 et
712 991 865 1069 posteros
881 1004 968 1064 suos,
985 983 1145 1048 similibus
1168 983 1400 1048 evenientibus
1416 984 1554 1065 casibus,
1569 1006 1687 1070 pacem

348 1095 371 1152 et
381 1088 599 1172 juramentum
615 1087 805 1172 hujusmodi
823 1086 1044 1165 observande,
1055 1086 1324 1170 transgressionis
1340 1087 1487 1171 ipsorum
1503 1098 1632 1153 reatum
1650 1110 1688 1155 ac

347 1210 483 1275 penarum
501 1197 536 1255 et
551 1190 793 1256 sententiarum
811 1189 1000 1273 hujusmodi
1018 1189 1241 1255 incursionem
1257 1190 1420 1256 studuerit
1435 1192 1637 1273 evitare,tibi
1655 1203 1689 1257 et

345 1294 500 1359 heredibus
524 1294 591 1359 tuis
606 1302 723 1359 tenore
739 1293 944 1380 presentium
960 1293 1196 1359 nichilominus
1218 1292 1398 1359 distri0tius
1421 1295 1631 1380 injungentes
1654 1306 1690 1361 ut

346 1397 458 1462 eumad
474 1398 685 1482 apostolatus
712 1398 818 1461 nostri
835 1405 967 1483 spectet
983 1395 1131 1462 officium
1154 1417 1272 1481 pacem
1288 1405 1323 1461 et
1335 1398 1561 1481 juramentum
1578 1400 1687 1483 hujus-

346 1501 533 1583 modi,juxta
558 1500 804 1566 ordinationem
830 1501 1074 1585 predecessoris
1098 1501 1257 1585 ejusdem,
1276 1500 1381 1566 tacere
1409 1503 1587 1582 observari,
1600 1504 1690 1586 quod

345 1602 451 1668 dictum
464 1604 614 1668 nobilem
631 1604 664 1668 in
680 1624 823 1689 persona
839 1624 897 1668 sua
914 1612 948 1668 et
964 1604 1124 1669 heredum
1138 1623 1271 1669 suorum
1288 1614 1322 1669 et
1338 1625 1436 1689 super
1448 1606 1529 1671 loeis
1545 1615 1578 1670 et
1595 1607 1690 1671 terris

346 1706 434 1771 eidem
462 1707 566 1772 nobili
594 1710 731 1792 ejusque
757 1707 935 1772 heredibus
960 1707 1094 1772 donatis
1122 1717 1155 1772 et
1181 1708 1348 1773 concessis
1372 1708 1404 1772 iu
1436 1710 1600 1774 comitatu
1629 1719 1689 1775 tuo

347 1808 482 1876 Ilandrie
507 1818 543 1875 et
569 1819 664 1876 extra
690 1832 750 1893 per
780 1811 950 1895 quondam
981 1810 1182 1892 Guidonem,
1207 1811 1368 1877 comitem
1400 1810 1566 1893 Flandrie‚
1598 1835 1689 1879 com-

345 1932 461 1977 munem
482 1922 615 2000 patrem
630 1922 790 1994 vestrum,
806 1935 865 1999 per
887 1922 922 1979 te
937 1915 992 1978 vel
1009 1909 1112 1979 ali'um
1128 1936 1187 1980 seu
1202 1917 1286 1980 alios
1308 1916 1497 1981 nullatenus
1514 1917 1688 2001 inquietes

345 2016 390 2080 sed
410 2017 517 2101 ipsum
543 2025 578 2083 et
605 2018 744 2084 heredes
768 2039 845 2083 suos
881 2018 1046 2084 dictorum
1077 2020 1229 2085 locorum
1256 2028 1291 2084 et
1326 2028 1488 2084 terrarum
1515 2021 1689 2106 permittas

344 2120 461 2203 pacifica
477 2121 689 2206 possessione
704 2121 858 2207 gaudere.
876 2123 955 2188 Dat.
973 2122 1073 2188 Avin.
1092 2143 1110 2187 2
1127 2121 1193 2187 kal.
1211 2123 1323 2208 aprilis
1339 2143 1430 2189 anno
1447 2144 1505 2188 aa

369 2274 420 2335 Reg.
431 2276 477 2324 Ar.
492 2278 528 2333 10,
541 2275 559 2324 i.
573 2278 637 2329 36&
659 2276 716 2325 Vnt,
729 2278 768 2335 68,
780 2278 798 2324 1.
811 2277 866 2336 398,
887 2279 1016 2324 11222211
1036 2304 1068 2314 —
1091 2277 1228 2338 Raynaldi,
1247 2277 1469 2335 huaetberctus,
1491 2287 1517 2325 a·
1531 2279 1634 2339 1318,§
1659 2285 1688 2329 21

346 2357 430 2417 (texte).

379 2547 479 2632 531.
1370 2565 1644 2642 13161311111111.

381 2665 570 2731 Declaratio
605 2663 721 2727 similis
751 2664 918 2728 nobilibus
948 2663 1037 2743 viriS,
1067 2662 1216 2743 ducibus,
1249 2663 1464 2748 principibus,
1498 2666 1687 2745 comitibus

350 2770 522 2849 baronibus,
553 2766 714 2832 militibus
743 2775 779 2833 et
808 2767 959 2853 personis
990 2766 1210 2850 singularibus
1237 2767 1399 2832 universis
1428 2767 1535 2833 dictas
1564 2769 1692 2834 litteras

351 2871 541 2957 inspecturis

384 2976 478 3042 Sedes
490 2976 719 3062 apostolica...

384 3080 455 3146 Dat.
472 3080 574 3146 Avin.
592 3101 609 3145 2
627 3079 692 3145 kal.
710 3079 822 3164 aprilis
838 3099 927 3144 anno
946 3099 974 3143 2.

375 3217 425 3278 hag.
440 3221 487 3266 etv.
501 3220 539 3273 10,
552 3219 571 3266 1,
587 3221 633 3265 369
647 3217 717 3267 :Vnt
740 3220 777 3276 aa,
792 3219 809 3265 1.
823 3219 889 3277 3981,
903 3233 930 3268 n.
944 3220 1007 3265 2222
1022 3218 1046 3265 b.

382 3381 486 3466 532.
1363 3399 1458 3477 1318,
1477 3418 1522 3479 31
1548 3422 1649 3465 ruore.

385 3497 620 3565 Executoribus
635 3498 822 3578 mandatur,
847 3498 890 3563 ad
916 3498 1109 3564 instantiam
1125 3498 1289 3576 Johannis
1311 3499 1353 3564 de
1376 3499 1403 3563 F
1405 3500 1542 3580 londria,
1560 3505 1693 3570 comitis

355 3596 585 3682 Namurcensis,
602 3610 764 3685 quatenus
787 3603 946 3688 episcopo
969 3600 1147 3667 Leodiensi
1174 3602 1356 3682 inhibeant,
1373 3624 1416 3666 ne
1437 3604 1619 3670 infantibus
1642 3610 1693 3672 vel

355 3700 498 3771 illiteratis
514 3704 654 3771 subditis
670 3704 749 3770 dicti
767 3705 881 3770 comiti
898 3713 1069 3769 tonsuram
1084 3705 1271 3770 clericalem
1287 3706 1447 3787 conferat,
1464 3728 1505 3771 eo
1528 3710 1618 3792 quod
1634 3714 1694 3776 sub

355 3808 413 3873 talis
427 3818 564 3874 tonsure
579 3817 735 3893 pretextu
751 3809 865 3873 debita
881 3809 1015 3874 servitia
1031 3808 1123 3874 dicto
1140 3808 1255 3874 comiti
1272 3808 1440 3893 denegant
1456 3811 1623 3878 exhibere.

389 4013 403 4063 t
416 3996 556 4061 Dilectis
569 3996 677 4061 filiis..
691 3997 802 4061 abbati
820 3996 1012 4061 monasterii
1023 3997 1054 4060 S.
1067 3997 1206 4060 Auberti
1222 4006 1288 4061 et..
1301 3998 1471 4082 preposito
1487 4019 1526 4063 ac
1542 4000 1700 4083 magistro

357 4096 491 4166 Henrico
518 4100 560 4165 de
586 4098 760 4179 Geldonia,
783 4100 947 4164 canonico
971 4100 1111 4164 ecclesie
1137 4100 1394 4181 Cameracensis,
1410 4111 1475 4165 etc.
1492 4102 1698 4185 Significavit

354 4204 435 4268 nobis
450 4203 592 4269 dilectus
609 4203 692 4267 filius
708 4203 828 4268 nobilis
844 4203 894 4266 vir
909 4201 1081 4279 Johannes
1091 4202 1134 4266 de
1148 4201 1312 4283 Flandria‚
1324 4224 1437 4268 comes
1448 4203 1698 4287 Namurcensis

353 4301 535 4372 Leodiensis
550 4306 700 4384 diocesis,
717 4306 807 4389 quod
819 4306 1016 4370 venerabilis
1033 4305 1133 4370 frater
1149 4313 1296 4370 noster..
1310 4306 1485 4392 episcopus
1504 4307 1699 4374 Leodiensis

351 4427 400 4491 per
412 4431 449 4475 se
464 4431 523 4475 seu
539 4430 598 4494 per
614 4409 780 4493 quendam
797 4410 898 4473 alium
915 4410 1118 4494 episcopum,
1135 4429 1235 4492 quem
1252 4409 1284 4473 in
1301 4410 1512 4475 conserendis
1530 4413 1700 4479 ordinibus

350 4512 500 4578 ricarium
524 4533 619 4578 suum
645 4512 763 4577 dicitru
788 4512 966 4592 ordinasse,
983 4512 1164 4578 infantibus
1189 4521 1223 4576 et
1249 4512 1411 4578 illiteratis
1435 4515 1615 4580 comitatus
1632 4515 1701 4580 Na-

351 4617 524 4682 murcensis
540 4616 728 4681 clericalem
744 4617 906 4701 presumit
930 4615 1079 4681 conterre
1096 4623 1268 4680 tonsuram
1285 4627 1401 4681 contra
1425 4618 1701 4684 constitutionem

351 4739 440 4805 super
476 4721 540 4785 hoc
574 4742 593 4784 a
627 4720 729 4784 felicis
759 4720 999 4784 reeordationis
1024 4718 1198 4784 Bonisacio
1229 4740 1314 4805 papa
1340 4719 1436 4800 VIII,
1467 4722 1702 4806 predecessore

352 4834 467 4903 nostre,
490 4824 677 4908 specialiter
701 4825 956 4907 promulgatam,
982 4831 1117 4907 propter
1144 4823 1234 4907 quod
1264 4824 1374 4888 taliter
1401 4827 1562 4889 tonsurati
1591 4826 1702 4891 debita

352 4928 488 5007 servitia,
504 4929 695 5012 personales
723 4927 911 4991 functiones
936 4935 969 4991 et
995 4928 1087 5010 plura
1112 4928 1176 4990 alia
1200 4948 1349 5008 munera,
1373 4928 1500 5011 adque
1525 4931 1704 5014 prestanda

354 5028 435 5095 dicto
451 5030 566 5096 comiti
582 5031 624 5095 de
640 5030 884 5095 cousuetudine
901 5039 934 5094 et
951 5030 993 5095 de
1006 5032 1077 5115 jure
1094 5039 1262 5110 tenentur,
1279 5032 1339 5096 sibi
1356 5033 1524 5114 denegant
1537 5033 1704 5111 exhibere,

357 5130 384 5194 iu
398 5134 545 5217 ejusdem
562 5134 695 5199 comitis
711 5134 905 5218 dampnum,
923 5133 1085 5217 injuriam,
1101 5134 1318 5218 prejudicium
1335 5142 1369 5198 et
1385 5155 1574 5217 gravamen.
1595 5135 1705 5218 Quare
