4409 6017
879 631 883 638 Ι
909 677 1077 758 cinquieme
1097 679 1199 746 annae.

414 825 610 911 Apostolice
626 825 874 893 liberalitatis...

415 929 492 995 Dat.
508 930 609 997 Avin.
626 950 644 995 2
661 929 706 997 id.
718 929 802 1015 junii
818 950 909 997 anno
925 949 955 1016 5.

413 1030 453 1097 ln
469 1054 498 1097 e.
509 1053 554 1099 m.
566 1034 754 1101 succentori
771 1033 964 1100 Parisiensis
978 1052 1017 1100 ac
1032 1031 1165 1098 Thome
1180 1029 1278 1114 Galli,
1287 1032 1513 1116 Abrincensis‚
1528 1054 1569 1100 ac
1580 1031 1600 1112 J
1603 1031 1727 1099 ohanni

396 1157 412 1200 e
428 1134 616 1220 Meulento,
632 1136 817 1205 Meldensis
828 1137 998 1206 canonicis
1012 1135 1239 1211 ecclesiarum.

402 1274 463 1336 Reg.
476 1275 524 1324 Ar.
533 1277 572 1335 15,
583 1275 602 1324 f.
614 1277 676 1334 2263
689 1276 748 1327 Vat.
761 1279 799 1336 72,
811 1277 831 1326 f.
845 1279 886 1337 93,
900 1291 925 1326 n.
936 1278 992 1327 981.

411 1437 527 1523 975.
1430 1471 1527 1535 1321,
1544 1469 1586 1515 12
1596 1446 1685 1532 juin.

410 1554 431 1634 J
433 1559 542 1623 acobo
556 1557 599 1623 de
611 1557 724 1624 Fossis
733 1557 902 1624 confertur
913 1557 1133 1624 canonicatus
1142 1556 1283 1624 ecclesie
1293 1556 1325 1625 S.
1338 1554 1477 1622 Servatii
1495 1549 1728 1639 Trajectensis,

396 1659 569 1727 codiensis
583 1661 735 1744 diocesis,
751 1663 811 1728 sub
827 1660 1062 1747 expectatione
1077 1660 1258 1751 prebende.

413 1762 621 1852 Multiplicia
635 1773 734 1831 tue...

411 1868 493 1934 Dat.
515 1868 616 1935 Avin.
634 1890 651 1934 2
667 1868 711 1936 id.
724 1869 807 1955 junii
823 1889 914 1936 anno
939 1887 967 1955 5.

412 1971 453 2037 In
469 1993 500 2038 e.
516 1993 562 2039 m.
579 1978 743 2061 utsupra,
764 1997 795 2039 n.
812 1990 886 2058 9-74.

401 2108 464 2171 aeg.
478 2112 527 2158 nv.
543 2112 582 2170 15,
591 2111 610 2160 r.
620 2112 681 2166 asa
695 2111 754 2162 rat.
769 2114 809 2172 ra,
823 2111 841 2160 r.
853 2112 904 2171 sev,
916 2125 943 2161 n.
957 2109 1013 2158 ssa.

413 2279 1532 2375 976.1321,
1549 2309 1591 2353 12
1601 2286 1688 2370 juin.

416 2398 604 2484 Reginaldo
619 2399 807 2467 Guillenval
824 2403 866 2470 de
877 2401 1053 2483 Sedeloeo,
1064 2399 1224 2487 magistro
1239 2399 1273 2465 in
1289 2397 1425 2478 artibus,
1434 2400 1616 2460 renovatur
1625 2389 1732 2477 gratia

397 2503 594 2588 spectativa,
617 2503 697 2570 alias
726 2514 864 2592 propter
884 2505 1054 2573 defectum
1079 2503 1252 2589 cujusdam
1273 2502 1420 2570 clausule
1454 2516 1630 2586 perperam
1653 2514 1733 2561 con-

396 2624 476 2688 essa,
500 2607 597 2673 unius
623 2609 792 2694 prebende
819 2610 853 2675 in
879 2609 1022 2677 ecclesia
1047 2609 1079 2675 S.
1105 2607 1273 2675 Andochii
1296 2606 1339 2674 de
1363 2603 1538 2683 Sedeloco,
1570 2598 1734 2667 Eduensis

396 2706 524 2792 tiocesis,
540 2710 808 2779 consideratione
828 2712 996 2795 Johanne,
1010 2711 1123 2800 regine
1147 2710 1297 2793 Francie,
1313 2730 1381 2776 non
1409 2710 1565 2775 obstante
1584 2703 1674 2790 quod
1700 2701 1734 2766 in

396 2807 464 2878 licta
479 2815 623 2881 ecclesia
633 2815 668 2880 in
679 2817 877 2883 canonicum
887 2825 1042 2904 receptus
1053 2824 1105 2883 est
1115 2824 1150 2882 et
1162 2816 1196 2881 in
1206 2814 1348 2882 ecclesia
1363 2813 1406 2880 de
1423 2809 1544 2877 Monte
1560 2807 1598 2874 B.
1615 2804 1733 2887 Marie,

396 2910 624 2985 iuessionensis
634 2919 786 3002 diocesis,
802 2922 1037 2987 canonicatum
1053 2922 1114 2988 sub
1130 2918 1366 3007 expectatione
1377 2913 1557 3005 prebende,
1572 2932 1611 2978 ac
1622 2930 1733 2997 parro-

396 3014 517 3087 thiarem
549 3023 727 3089 eeclesiam
750 3024 793 3090 de
821 3025 936 3092 Rocca
957 3026 999 3092 de
1024 3024 1150 3092 Brunin
1175 3033 1210 3091 et
1235 3023 1384 3110 regimen
1408 3021 1572 3088 scolarum
1592 3014 1733 3082 Bolonie

397 3136 473 3206 upra
497 3147 591 3191 mare
616 3135 651 3192 et
677 3129 846 3212 quandam
870 3130 1068 3217 pensionem
1093 3149 1240 3196 annuam
1266 3128 1301 3192 in
1327 3123 1531 3192 monasterio
1561 3120 1600 3187 B.
1626 3118 1733 3186 Marie

396 3217 522 3297 iusdem
539 3229 615 3310 loci,
632 3230 797 3297 Eduensis
813 3252 853 3298 ac
870 3230 1074 3300 Morinensis
1088 3232 1274 3313 diocesum,
1287 3230 1429 3297 obtinet.

412 3325 621 3398 Litterarum
636 3334 815 3400 scientia...
865 3319 869 3328 ’

411 3431 496 3502 Dat.
511 3437 613 3503 Avin.
628 3459 645 3503 2
663 3438 705 3504 id.
718 3439 801 3523 junii
817 3460 907 3506 anno
924 3458 953 3524 5.

410 3534 455 3604 In
473 3560 504 3605 e.
520 3562 566 3605 m.
582 3542 695 3608 abbati
708 3544 902 3609 monasterii
915 3544 946 3609 S.
959 3542 1134 3608 Genovefe
1143 3549 1179 3608 et
1187 3541 1315 3608 cantori
1333 3538 1574 3606 Parisiensisac
1584 3536 1734 3603 Arnaldo

396 3645 486 3730 egis,
501 3645 668 3712 canonico
684 3644 870 3713 Meldensis
886 3646 1114 3714 ecclesiarum

396 3771 465 3841 Rq.
481 3781 533 3830 Ar.
549 3783 588 3838 15,
602 3781 621 3831 1.
634 3783 698 3841 3293
714 3783 771 3832 Vat.
785 3787 824 3844 72,
838 3785 856 3834 1.
874 3787 929 3845 223,
942 3800 967 3835 n.
980 3786 1052 3836 1394.

405 3951 666 4038 977-978.
1437 3991 1521 4037 121
1552 3989 1592 4035 12
1619 3966 1691 4034 'uim

405 4067 428 4145 J
431 4070 567 4137 ohanni
583 4071 625 4137 de
642 4070 899 4143 Bellanomonte
914 4078 1083 4145 confertur
1109 4078 1326 4146 canonicatus
1347 3992 1490 4143 ecclesie
1509 3992 1734 4141 iomdcensis

396 4172 428 4238 lb
445 4175 691 4260 expectatione
706 4180 876 4263 prebende
892 4202 931 4248 ac
946 4183 1118 4269 dignitatis
1140 4184 1194 4247 vel
1217 4189 1415 4268 personatus
1431 4201 1490 4246 seu
1506 4177 1619 4245 officii.

412 4276 614 4343 Honestate
633 4300 805 4347 momm...

415 4381 497 4447 Dat.
514 4381 617 4448 Avin.
635 4403 651 4447 2
669 4382 711 4448 id.
722 4385 805 4469 junii
821 4407 911 4451 anno
929 4408 958 4471 5.

415 4482 457 4549 In
475 4504 506 4548 e.
529 4504 574 4549 m.
590 4484 843 4575 archiepiscopo
859 4488 1059 4556 Bituricensi
1077 4497 1112 4555 et
1135 4489 1296 4576 episcopo
1315 4488 1533 4555 Noviomensi
1548 4509 1588 4556 ac
1606 4489 1736 4558 decano

397 4587 518 4654 eclesie
536 4587 741 4656 Parisiensis.

412 4719 469 4786 [leg.
482 4726 532 4775 Ar.
548 4727 588 4785 15,
602 4725 621 4776 f.
637 4727 696 4774 337*
707 4743 712 4784 ;
723 4726 781 4777 Vnt.
798 4731 835 4787 72,
849 4729 867 4777 f.
879 4726 944 4787 ald,
960 4745 983 4778 n.
1002 4731 1073 4780 1173.

424 4894 502 4956 918.
519 4925 564 4937 -
580 4887 600 4966 J
604 4889 728 4956 ohanni
745 4891 787 4957 de
801 4891 1071 4974 Bellanomonte,
1087 4894 1252 4961 canonico
1267 4894 1482 4979 Tomacensi,
1499 4897 1688 4985 indulgetur
1702 4909 1741 4967 ut

396 4989 527 5058 residens
542 4991 577 5058 in
593 4992 703 5078 aliqua
718 4997 933 5063 ecclesiarum
950 4998 982 5064 in
999 4998 1119 5083 quibus
1133 4998 1350 5066 beneficiatus
1370 5008 1432 5081 est,
1449 5000 1574 5070 fructus
1589 5004 1740 5079 omnium

397 5086 622 5163 beneficiorum
636 5118 770 5166 suorum
786 5123 891 5188 usque
905 5103 949 5170 ad
963 5102 1145 5170 triennium
1159 5103 1330 5191 percipere
1347 5106 1469 5177 valeat.
