4409 6017
429 727 492 794 448
973 721 1119 804 Septilne
1139 725 1242 791 annea.

474 876 620 958 1200·
1512 914 1613 979 1323,
1634 916 1655 961 r
1669 895 1757 979 juin.

473 995 643 1063 Bemardo
657 992 750 1059 dicto
774 990 900 1058 Mulart
915 992 1085 1059 confertur
1106 995 1326 1062 canonicatus
1341 996 1484 1064 ecclesie
1511 997 1722 1066 Leodiensis
1740 1003 1789 1065 sub

403 1123 405 1125 ’
430 1101 664 1188 expectatione
690 1095 870 1187 prebende,
895 1095 1165 1163 consideratione
1190 1096 1378 1181 Bertrandi,
1398 1100 1429 1167 S.
1447 1098 1605 1170 Marcelli
1622 1103 1788 1190 presbiteri

428 1197 613 1281 cardinalis,
636 1199 820 1284 apostolice
844 1198 938 1267 Sedis
963 1199 1075 1285 legati,
1102 1219 1173 1266 non
1198 1204 1356 1268 obstante
1379 1204 1471 1289 quod
1495 1205 1743 1273 canonicatum
1761 1219 1787 1271 et

428 1299 633 1387 prebendam
657 1302 691 1367 in
717 1301 1002 1388 Heynsbergensi,
1030 1302 1086 1388 qui
1115 1303 1149 1368 in
1174 1305 1344 1391 presentia
1368 1306 1493 1374 modici
1517 1316 1553 1374 et
1587 1308 1623 1374 in
1645 1311 1787 1376 absentia

429 1405 550 1471 nullius
575 1405 696 1472 valoris
723 1406 882 1487 existunt,
909 1406 1052 1488 obtinet,
1074 1415 1109 1473 et
1136 1408 1170 1472 in
1194 1406 1233 1475 B.
1260 1406 1369 1476 Marie
1393 1411 1575 1496 Aquensis,
1594 1411 1786 1480 Leodiensis

428 1508 579 1591 diocesiS,
591 1508 740 1575 ecclesiis
755 1512 814 1576 sub
827 1509 1063 1595 expectatione
1079 1512 1250 1597 prebende
1263 1512 1296 1577 in
1313 1513 1514 1580 canonicum
1532 1524 1586 1582 est
1603 1526 1769 1605 receptus.

470 1612 525 1678 Ad
541 1611 672 1678 illorum
687 1612 955 1698 provisionem...

470 1718 549 1783 Dat.
565 1715 663 1782 Avin.
679 1714 832 1782 kalendis
844 1716 929 1801 junii
945 1736 1037 1782 anno
1054 1735 1083 1801 7.

470 1820 509 1885 In
526 1841 555 1884 e.
571 1841 616 1885 m.
632 1818 663 1885 S.
679 1818 797 1897 Jacobi
815 1818 1011 1886 Leodiensis
1033 1828 1068 1884 et
1093 1819 1125 1885 S.
1151 1819 1366 1888 Pantaleonis
1391 1821 1607 1890 Coloniensis
1622 1835 1785 1892 monaste-

426 1923 549 1989 riorum
563 1923 739 1989 abbatibus
754 1943 794 1989 ac
809 1920 942 1989 Buxolo
966 1924 1008 1989 de
1033 1923 1162 2005 Parma,
1184 1926 1349 1991 canonico
1373 1925 1596 2009 Tomacensi,
1617 1930 1786 2015 capellano

425 2047 524 2114 pape.

458 2175 520 2237 neg.
534 2176 582 2225 xv.
597 2176 635 2233 21,
648 2175 667 2224 r.
681 2176 745 2232 ras;
760 2174 817 2223 tat.
831 2176 871 2234 rr,
885 2176 904 2224 r.
918 2176 988 2235 rosv,
1003 2189 1028 2224 n.
1043 2176 1117 2225 aona.

470 2373 607 2454 1201.
1500 2405 1597 2469 1323,
1620 2406 1643 2451 2
1657 2385 1749 2469 juin.

466 2489 624 2571 Johanni,
640 2490 709 2556 filio
725 2490 845 2558 nobilis
860 2490 921 2555 viri
939 2490 1100 2572 Poncelli,
1117 2491 1175 2556 filii
1192 2491 1364 2576 quondam
1381 2489 1513 2558 Mathei
1530 2489 1573 2556 de
1598 2490 1679 2558 filiis
1702 2490 1784 2570 Ursi,

424 2594 540 2661 militis
556 2594 711 2676 Romani,
727 2602 762 2660 et
778 2594 894 2681 nepoti
910 2593 930 2672 J
933 2594 1086 2677 ohannis,
1104 2595 1135 2660 S.
1146 2593 1316 2662 Theodori
1333 2594 1467 2661 diaconi
1476 2594 1668 2677 cardinalis,
1686 2595 1786 2661 indul·

424 2706 521 2781 getur
536 2706 573 2763 ut
589 2697 713 2764 fluctus
729 2697 990 2764 canonicatuum
1000 2707 1035 2764 et
1044 2698 1291 2784 prebendarum
1303 2719 1343 2765 ac
1356 2698 1600 2766 beneficiorum
1611 2697 1785 2779 Toletum,

426 2801 686 2883 Cameracensis
700 2801 915 2868 Belvacensis
930 2810 965 2867 et
982 2800 1200 2868 Carnotensis
1215 2804 1443 2885 ecclesiarum,
1465 2804 1497 2869 in
1515 2802 1638 2887 quibus
1653 2804 1784 2871 canoni-

420 2914 515 2972 catus
539 2906 681 2988 obtinet,
705 2908 833 2991 absque
858 2905 1047 2987 residentia,
1075 2927 1175 2973 causa
1200 2906 1301 2973 studii
1335 2906 1379 2973 ad
1404 2907 1586 2973 triennium
1614 2908 1784 2995 percipere

422 3010 546 3075 valeat.

466 3107 636 3175 Nobilitas
650 3108 823 3194 generis...

466 3213 545 3278 Dat.
561 3212 661 3276 Avin.
678 3234 697 3296 4
714 3233 794 3278 non.
807 3211 890 3297 junii
908 3223 1000 3277 anno
1018 3232 1047 3298 7.

467 3316 507 3381 ln
523 3338 552 3383 c.
568 3338 613 3381 m.
628 3315 729 3402 priori
745 3315 881 3381 basilice
898 3314 1060 3401 Principis
1085 3316 1314 3402 apostolorum
1330 3316 1373 3381 de
1391 3316 1484 3383 Urbe
1499 3326 1534 3383 et
1548 3320 1785 3387 archidiacono

421 3421 464 3486 de
480 3420 657 3507 Campinia
672 3420 706 3484 in
722 3418 865 3485 ecclesia
886 3417 1065 3485 Leodiensi
1081 3440 1122 3485 ac
1138 3420 1298 3505 magistro
1314 3418 1440 3486 Busolo
1463 3421 1506 3487 de
1529 3421 1662 3504 Parma,
1688 3444 1782 3490 cano

421 3525 498 3591 nico
513 3523 737 3591 Tornacensis
752 3522 903 3605 ecclesie,
920 3524 1098 3608 capellano
1114 3543 1212 3609 pape.

454 3664 515 3725 Reg.
527 3665 574 3712 Ar.
595 3665 630 3722 18,
644 3665 662 3712 f.
675 3664 734 3711 536v
747 3678 753 3720 ς
775 3662 831 3710 Vat.
845 3663 882 3721 tl,
895 3662 914 3710 f.
929 3664 983 3720 295,
996 3676 1021 3710 n.
1040 3663 1105 3719 8363
1119 3663 1165 3712 Ar.
1183 3664 1220 3722 19,
1233 3663 1250 3711 f.
1263 3665 1322 3711 120·
1335 3679 1340 3721 ;
1353 3664 1413 3712 Vat.
1429 3667 1466 3722 75,
1480 3663 1499 3713 f.
1511 3666 1563 3722 ὅθ’,
1578 3679 1604 3713 n.
1617 3667 1689 3715 1127.

468 3849 606 3931 1202.
1497 3879 1592 3943 1323,
1612 3882 1633 3925 2
1653 3862 1742 3944 jrn'n.

465 3967 635 4032 Bernardo
659 3967 750 4032 dicto
776 3965 903 4032 Mulart
919 3966 1088 4032 confertur
1104 3967 1319 4051 parrochialis
1334 3967 1476 4032 ecclesia
1497 3966 1535 4030 Β.
1559 3964 1670 4031 Marie
1687 3964 1779 4031 Bam·

419 4072 588 4156 bergensis
614 4091 737 4136 vacans
753 4091 812 4156 per
828 4070 957 4136 obitum
974 4069 1121 4134 Conradi
1138 4069 1179 4134 de
1196 4069 1324 4154 Gyech,
1341 4070 1503 4156 prepositi
1520 4070 1666 4135 ecclesie
1686 4068 1778 4136 Bam·

418 4175 586 4260 bergensis
609 4184 644 4239 et
666 4174 768 4260 ipsius
791 4174 932 4239 ecclesie
955 4173 1104 4253 rectoriS,
1126 4173 1215 4258 apud
1234 4173 1355 4238 Sedem
1376 4174 1597 4260 apostolicam
1623 4173 1777 4253 defuncti,

418 4300 486 4344 non
502 4283 661 4345 obstante
677 4277 767 4363 quod
790 4280 1026 4343 canonicatum
1042 4285 1076 4341 et
1092 4277 1297 4363 prebendam
1314 4278 1347 4342 in
1366 4278 1630 4366 Heinsbergensi
1652 4280 1776 4347 obtinet

418 4385 508 4448 acin
525 4383 562 4449 B.
581 4382 688 4448 Marie
704 4381 870 4466 Aquensis
886 4381 1046 4461 ecclesiis,
1064 4380 1260 4447 Leodiensis
1276 4382 1429 4464 diocesis,
1447 4383 1480 4448 in
1497 4383 1700 4450 canonicum
1723 4386 1775 4450 sub

419 4488 654 4573 expectatione
670 4486 839 4572 prebende
855 4493 906 4550 est
922 4495 1085 4571 receptus.

461 4591 605 4675 Adjutos
621 4591 825 4655 virtutum...

463 4694 541 4760 Dat.
557 4694 657 4758 Avin.
673 4717 692 4778 4
708 4715 787 4760 non.
801 4692 884 4777 junii
900 4711 990 4755 anno
1008 4709 1036 4774 7.

463 4798 501 4864 In
518 4820 547 4864 e.
563 4819 608 4864 nn
626 4797 812 4863 Bertrando
828 4797 870 4862 de
886 4795 1011 4859 Sancto
1027 4793 1184 4873 Genesio,
1203 4795 1477 4879 EngolismensiS,
1497 4800 1676 4883 capellano
1685 4819 1772 4887 pape,

418 4912 453 4968 et
476 4903 507 4968 S.
532 4902 692 4988 Stephani
715 4900 851 4966 decanis
878 4920 917 4964 ac
941 4897 1115 4983 preposito
1151 4898 1181 4961 S.
1212 4897 1329 4976 Jacobi
1355 4898 1653 4985 Bambergensium
1676 4905 1773 4970 eccle·

419 5027 551 5072 siarum.

441 5150 502 5209 ch.
518 5151 565 5196 Ar.
582 5149 620 5206 lli,
635 5147 653 5195 f.
670 5149 711 5193 ΠΥ
724 5161 729 5202 ;
743 5145 803 5195 Vnt.
818 5147 856 5196 75.
871 5145 890 5196 f.
906 5144 946 5202 43,
962 5158 986 5191 u.
1002 5146 1072 5192 lotar.
