4409 6017
475 689 538 760 408
1022 682 1172 752 Huitibna
1192 683 1295 751 annea.

519 842 597 907 Dat.
612 841 713 906 Avin.
732 861 748 925 5
767 840 832 906 kal.
844 838 984 925 januarii
1001 856 1093 903 anno
1110 838 1140 902 8.

505 980 622 1042 Original
632 994 685 1029 aux
696 979 821 1028 Archives
830 978 866 1027 du
878 978 1011 1041 Boreum
1022 978 1038 1026 t
1051 975 1192 1035 bruxelles,
1205 974 1314 1024 chartea
1324 972 1357 1023 de
1368 968 1493 1032 Brabant,
1505 983 1533 1020 n.
1544 971 1605 1020 227.
1618 997 1656 1006 —
1666 970 1736 1033 Reg.
1751 969 1799 1019 Ar.
1809 969 1834 1018 2]

473 1064 491 1113 f.
504 1065 552 1112 236
562 1079 569 1121 3
581 1063 640 1111 Vat.
653 1064 693 1123 76,
706 1062 725 1111 i.
739 1062 804 1121 128',
818 1076 843 1109 11.
855 1062 911 1110 371.
1002 1077 1004 1081 ·

521 1248 655 1331 1261.
1444 1276 1540 1342 1323,
1556 1258 1606 1323 28
1620 1258 1810 1325 decembre.

518 1366 641 1432 Abbati
657 1366 849 1432 monasterii
871 1366 909 1432 B.
927 1364 1035 1432 Marie
1050 1366 1093 1431 dc
1117 1364 1293 1445 Grestano,
1312 1361 1531 1429 lexoviensis
1545 1361 1715 1443 diocesis,
1733 1369 1770 1428 et
1784 1379 1843 1425 ma·

476 1473 579 1560 gistro
595 1470 776 1537 Guillelmo
793 1470 899 1551 Rioci,
915 1469 1142 1552 Trecorensis,
1157 1491 1197 1536 ac
1210 1468 1376 1535 Riccardo
1385 1467 1428 1533 de
1439 1466 1577 1548 Alneto,
1590 1463 1845 1532 Aurelianensis

477 1575 647 1644 canonicis
684 1575 909 1655 ecclesiarum,
940 1574 1121 1640 mandatur
1157 1581 1323 1659 quatenus
1362 1570 1538 1644 conferant
1577 1568 1779 1635 Guillelmo
1812 1566 1846 1634 de

480 1678 703 1746 Estoutevilla
726 1678 929 1745 decanatum
952 1678 1093 1764 ecclesie
1110 1676 1329 1743 Lexoviensis
1343 1683 1524 1742 vacantem
1546 1690 1610 1760 per
1633 1673 1777 1740 obitum
1800 1669 1847 1749 Jo

479 1783 597 1850 hannis
614 1782 738 1863 Bacon,
754 1783 788 1847 in
812 1782 962 1869 partibus
977 1782 1040 1847 illis
1055 1781 1215 1863 defuncti,
1231 1779 1417 1848 dummodo
1432 1777 1475 1844 ad
1497 1775 1716 1843 electionem
1739 1772 1849 1843 deceni

480 1890 515 1955 in
530 1889 649 1955 eadem
665 1885 807 1952 ecclesia
821 1886 960 1952 minime
976 1885 1062 1951 foret
1078 1906 1281 1971 processum,
1297 1905 1367 1951 non
1388 1886 1543 1950 obstante
1559 1880 1657 1965 quod
1683 1880 1722 1947 in
1740 1878 1850 1948 eadem

481 1990 682 2061 Lexoviensi
698 1999 733 2056 et
749 1989 1004 2057 constanciensi
1017 2011 1057 2056 ac
1073 1989 1105 2056 S.
1122 1988 1297 2075 Gaugerici
1314 1985 1564 2056 Cameracensis
1579 1984 1747 2052 ecclesiis
1762 2002 1851 2051 oeuo

481 2098 613 2165 nicetus
628 2104 663 2160 et
678 2093 866 2181 prebendas
881 2092 1022 2160 obtinet.

529 2201 609 2267 Illos
625 2199 809 2264 libenter...

529 2306 607 2371 Dat.
622 2302 722 2367 Avin.
737 2321 753 2387 5
771 2300 837 2368 kal.
849 2301 991 2386 ianuarii
1003 2321 1093 2366 anno
1110 2303 1139 2367 8.

518 2442 578 2502 ch.
593 2441 642 2491 Av.
656 2441 695 2496 20,
707 2437 726 2486 i.
736 2439 794 2485 443*
805 2453 812 2495 ;
825 2437 884 2485 vat.
899 2439 934 2497 76,
948 2437 966 2485 f.
979 2439 1035 2495 270,
1044 2451 1070 2485 n.
1086 2439 1142 2485 8³2.

536 2619 672 2703 1262.
1517 2650 1614 2717 1324,
1632 2652 1655 2696 2
1665 2630 1821 2714 sanvier.

531 2745 677 2812 Geraldo
700 2745 742 2810 (16
769 2743 872 2808 Serris
902 2745 1070 2811 confertur
1100 2745 1318 2812 canonicatus
1353 2745 1495 2812 ecclesie
1532 2743 1776 2810 Tornacensis
1804 2743 1857 2808 sub

488 2850 725 2937 expectatione
741 2845 910 2934 prebende
937 2848 1077 2935 integre,
1093 2871 1162 2916 non
1189 2853 1345 2916 obstante
1372 2850 1462 2935 quod
1477 2848 1736 2936 parrochialem
1760 2847 1859 2914 eccle·

387 2971 390 2975 ’
488 2956 571 3022 siam
586 2956 628 3020 de
645 2952 831 3033 Bonancia,
850 2951 1076 3020 Ruthenensis
1091 2952 1245 3036 diocesis,
1263 2955 1355 3039 cujus
1371 2974 1450 3020 cura
1464 2974 1524 3041 per
1546 2961 1765 3039 perpetuum·
1778 2950 1859 3015 vim·

487 3061 573 3125 rium
588 3065 771 3136 exercetur,
788 3055 931 3121 obtinet.

533 3161 715 3228 Laudabile
732 3160 1008 3226 testimonium...

533 3268 611 3332 Dat.
627 3264 728 3330 Avin.
746 3286 765 3348 4
783 3284 862 3328 non.
877 3263 1017 3348 januarii
1037 3284 1127 3328 anno
1144 3266 1174 3328 8.

535 3368 575 3434 In
590 3390 619 3434 e.
632 3389 676 3432 m.
692 3367 852 3453 episcopo
868 3365 1107 3431 Condomiensi
1124 3376 1159 3432 et
1171 3365 1317 3432 Geraldo
1332 3367 1373 3432 de
1389 3366 1535 3446 Tilheto,
1553 3365 1727 3432 canonico
1747 3366 1860 3431 Carne-

490 3471 631 3552 racensi,
647 3491 687 3535 ac
703 3469 839 3534 officiali
856 3469 1062 3553 Agennensi.

525 3617 585 3677 ch.
597 3617 645 3663 Ar.
657 3616 696 3674 20,
707 3614 725 3662 f.
738 3616 813 3669 ΜΠ
828 3613 885 3661 Vnt.
899 3616 937 3673 76,
950 3614 967 3661 f.
981 3615 1046 3671 1322
1060 3626 1085 3659 n.
1098 3612 1153 3659 385.

540 3806 679 3891 1263.
1527 3839 1622 3904 1324,
1638 3842 1660 3884 2
1671 3819 1824 3903 yanvfer.

537 3925 637 3990 Petro
655 3925 718 3989 Pot
736 3923 904 3989 confertur
931 3925 1148 3990 canonicatus
1164 3924 1304 3990 ecclesie
1324 3922 1528 3989 Morinensis
1543 3925 1603 3988 sub
1620 3927 1864 4010 expectatione

493 4028 673 4113 prebende,
691 4049 759 4093 non
787 4029 944 4093 obstante
970 4026 1060 4111 quod
1085 4028 1118 4092 in
1144 4027 1286 4092 ecclesia
1312 4026 1354 4091 de
1374 4026 1525 4092 Feritate
1541 4025 1725 4112 Ymbaudi,
1745 4028 1864 4095 Bituri-

494 4132 601 4197 censis
616 4132 768 4211 diocesis
785 4133 845 4196 sub
871 4131 1108 4218 expectatione
1129 4130 1297 4217 prebende
1325 4130 1360 4195 in
1386 4130 1587 4196 canonicum
1614 4139 1668 4197 est
1695 4142 1863 4219 receptus.

537 4234 609 4301 Tue
625 4235 840 4320 probitatis...

541 4339 620 4404 Dat.
637 4339 738 4404 Avin.
756 4362 775 4421 4
795 4359 872 4403 non.
887 4336 1028 4421 januarii
1047 4355 1138 4401 anno
1156 4337 1185 4400 8.

541 4441 580 4507 Iu
597 4464 625 4507 e.
641 4464 686 4507 m.
703 4443 733 4506 8.
752 4441 910 4506 Germani
928 4440 970 4505 de
987 4436 1095 4505 Pratis
1107 4440 1205 4523 juxta
1223 4437 1365 4504 Parisius
1380 4446 1415 4503 et
1431 4436 1463 4503 S.
1488 4438 1620 4524 Sulpitii
1643 4438 1864 4510 Bituricensis

497 4547 775 4611 monasteriorum
792 4546 971 4611 abbatibus
987 4562 1028 4609 ac
1043 4543 1174 4609 decano
1191 4542 1332 4608 ecclesie
1350 4542 1553 4607 Parisiensis.

530 4689 590 4750 Reg.
603 4692 650 4737 dv.
664 4691 701 4745 20,
715 4690 732 4737 f.
746 4692 789 4736 311
806 4705 811 4743 ;
826 4688 884 4736 tat.
898 4689 935 4747 76,
949 4687 967 4736 f.
983 4690 1036 4747 170,
1050 4701 1075 4735 11.
1088 4688 1144 4733 509.

546 4871 848 4955 1264-1265.
1529 4899 1627 4964 1324,
1644 4895 1665 4945 2
1675 4877 1825 4963 yanvz'er.

544 4988 692 5067 Johanni
708 4990 750 5055 de
767 4988 958 5055 Cathalano
979 4987 1148 5052 confertur
1170 4984 1387 5051 canonicatus
1410 4984 1554 5049 ecclesie
1577 4984 1788 5051 Senonensis
1809 4988 1865 5053 sub

502 5092 739 5179 expectatione
755 5089 937 5178 prebende,
953 5110 1023 5156 non
1048 5093 1207 5155 obstante
1223 5089 1313 5173 quod
1339 5089 1372 5154 in
1389 5087 1596 5155 Tomacensi
1622 5097 1657 5153 et
1674 5089 1707 5155 S.
1726 5086 1864 5156 Martini
