4409 6017
421 698 482 765 262
962 705 1120 773 nonime
1140 710 1241 775 annis.

423 852 579 916 obstante
606 851 697 936 quod
711 853 1019 921 archidiaconatum
1044 856 1340 927 Frontalhenesii‘*
1367 861 1400 927 in
1427 860 1674 942 Convenarum
1689 868 1724 925 et
1746 861 1775 924 in

421 954 539 1020 eadem
554 976 594 1021 ac
611 954 836 1040 Narbonensi,
852 959 1001 1026 Albiensi
1018 969 1052 1027 et
1068 961 1337 1031 Claromontensi
1359 965 1575 1033 canonicatus
1591 973 1627 1031 et
1641 967 1777 1051 preben-

421 1058 491 1140 das,
501 1079 541 1125 ac
557 1059 590 1124 in
607 1058 839 1128 Cameracensi
856 1064 1006 1131 ecclesiis
1021 1067 1257 1134 canonicatum
1281 1072 1341 1135 sub
1358 1069 1595 1157 expectatione
1610 1067 1776 1156 prebende

422 1164 563 1230 obtinet.

465 1267 667 1335 Litterarum
683 1268 889 1337 scientiam...

467 1371 545 1437 Dat.
560 1372 660 1438 Avin.
679 1392 696 1457 5
712 1372 779 1440 kal.
795 1377 988 1442 novembris
1003 1397 1093 1443 anno
1110 1399 1140 1463 3.

467 1474 506 1540 In
537 1497 566 1541 e.
593 1497 637 1542 m.
664 1476 825 1565 episcopo
856 1478 1074 1565 Forojuliensi
1106 1491 1141 1548 et
1171 1484 1408 1551 archidiacono
1434 1483 1720 1571 Rothomagensis
1742 1504 1778 1549 ac

423 1579 554 1645 Buxolo
570 1579 611 1646 de
629 1579 759 1663 Parma,
775 1584 940 1650 canonico
954 1583 1177 1653 Tomacensis
1192 1588 1419 1670 ecclesiarum,
1434 1608 1522 1675 pape
1538 1590 1728 1677 capellano.

454 1727 515 1788 Reg.
527 1728 575 1775 Av.
590 1729 627 1786 ll,
638 1727 657 1775 f.
671 1729 718 1775 227
729 1742 735 1784 ;
747 1727 806 1777 Vat.
819 1729 859 1788 69,
871 1729 890 1778 f.
902 1730 954 1790 98¹,
966 1744 992 1780 n.
1004 1731 1060 1780 308.

465 1894 578 1978 662.
828 1922 830 1926 ’
1431 1918 1527 1997 1318,
1537 1937 1584 1999 30
1600 1917 1738 1982 octobre.

466 2014 631 2100 Magistro
657 2016 803 2095 Johanni
831 2020 874 2085 de
901 2019 1064 2100 Proliac0,
1081 2020 1247 2087 canonico
1271 2020 1516 2101 Cameracensi,
1531 2020 1724 2105 indulgetur
1744 2028 1779 2083 ut

421 2119 546 2185 fructus
561 2122 803 2206 prebendarum
821 2144 902 2210 quas
918 2124 951 2188 in
968 2121 1204 2189 Cameracensi
1230 2133 1266 2190 et
1286 2124 1317 2190 S.
1334 2124 1486 2209 Quintini
1502 2125 1536 2190 in
1552 2123 1779 2198 viromandia,

422 2220 659 2290 Noviomensis
679 2225 832 2308 diocesis,
849 2226 998 2293 ecclesiis
1010 2227 1143 2293 obtinet
1157 2227 1240 2295 adie
1253 2231 1272 2295 8
1284 2229 1350 2295 kal.
1362 2229 1434 2315 julii
1450 2228 1603 2316 proxime
1618 2227 1780 2316 preteriti,

421 2326 556 2412 quadie
572 2328 635 2393 iter
650 2329 692 2394 ad
708 2329 828 2396 Sedem
844 2329 1066 2416 apostolicam
1081 2331 1228 2417 arripuit,
1245 2341 1279 2398 et
1295 2332 1455 2419 deinceps
1469 2330 1631 2417 quamdiu
1655 2331 1690 2397 in
1715 2330 1779 2395 Ro-

420 2451 522 2498 mana
537 2431 628 2498 curia
643 2454 773 2499 moram
787 2435 909 2516 trahet,
922 2437 1047 2519 absque
1062 2435 1243 2501 residentia
1258 2437 1428 2523 percipere
1440 2438 1564 2502 valeat.

464 2535 550 2602 Cum
565 2557 672 2622 nuper
688 2538 762 2605 ad...

465 2641 543 2707 Dat.
560 2641 660 2707 Avin.
678 2662 696 2727 3
712 2641 778 2707 kal.
795 2643 988 2709 novembris
1003 2663 1094 2709 anno
1111 2664 1139 2728 3.

464 2744 503 2810 In
520 2767 549 2812 e.
564 2766 609 2812 m.
626 2744 657 2812 S.
674 2747 814 2813 Auberti
830 2747 1080 2816 Cameracensis
1095 2758 1130 2813 et
1146 2748 1177 2814 S.
1194 2747 1346 2832 Quintini
1362 2749 1395 2814 in
1406 2747 1529 2829 Insula,
1540 2748 1780 2816 Noviomensis

419 2850 572 2932 diocesis,
599 2852 879 2919 monasteriorum
909 2852 1085 2919 abbatibus
1115 2860 1150 2918 et
1177 2852 1323 2919 Nicolao
1352 2853 1395 2919 de
1424 2853 1590 2932 Ceccano,
1614 2854 1779 2921 canonico

420 2955 645 3022 Atrebatensi.

453 3102 513 3163 llcg.
525 3104 573 3150 Ar.
588 3104 624 3162 ll,
636 3102 654 3151 f.
667 3104 715 3151 435
725 3120 730 3160 ;
742 3102 802 3151 Vnt,
814 3105 853 3163 ss,
866 3104 882 3152 f.
897 3105 951 3161 149,
966 3118 991 3152 n.
1003 3105 1058 3152 457.

463 3279 579 3363 663-
1363 3292 1496 3381 [1318],
1512 3313 1533 3378 9
1551 3295 1735 3359 novembre.

464 3397 628 3484 Philippo,
653 3397 722 3483 regi
749 3396 898 3478 Francie,
926 3397 1076 3464 scribitur
1105 3397 1148 3463 de
1176 3396 1432 3463 Flandrensium
1475 3396 1660 3482 pertinacia
1691 3397 1777 3483 apud

420 3502 676 3590 Compendium.

464 3699 481 3739 a
505 3674 682 3739 Carissimo
698 3674 730 3738 in
748 3672 881 3739 Christo
905 3673 972 3738 filio
994 3671 1160 3758 Philippo,
1176 3672 1244 3757 regi
1262 3671 1401 3738 Francie
1422 3680 1457 3738 et
1478 3672 1512 3739 N
1515 3693 1630 3739 avarre
1651 3674 1777 3740 illustri.

420 3780 471 3844 Ex
487 3778 562 3859 tuis,
579 3778 624 3843 lili
640 3777 818 3856 carissime,
834 3797 874 3842 ao
889 3778 1083 3842 nuntiorum
1103 3785 1292 3842 nostrorum
1314 3797 1398 3862 quos
1418 3776 1507 3863 apud
1531 3775 1777 3863 Compendium

419 3884 570 3950 misimus
585 3902 662 3948 cum
675 3882 839 3966 regalibus
854 3901 894 3947 ac
911 3879 1160 3965 Flamingorum
1175 3880 1329 3965 gentibus
1351 3888 1586 3960 conventuros,
1601 3880 1722 3947 litteris
1745 3890 1778 3946 et

419 3990 536 4057 rotulis
551 3988 648 4052 nobis
670 3986 803 4051 noviter
818 3986 1027 4070 presentatis,
1043 3996 1138 4050 tuum
1162 3984 1204 4050 ad
1220 3984 1455 4051 solidationem
1477 3983 1568 4070 pacis
1584 3984 1673 4050 inter
1687 3994 1723 4050 te
1745 3993 1778 4050 et

421 4094 448 4158 F
450 4094 613 4177 lamingos
628 4091 765 4157 eosdem
781 4090 862 4155 inite
878 4089 1042 4155 sincerum
1058 4097 1093 4154 et
1108 4088 1288 4174 benignum
1305 4089 1463 4155 affectum
1479 4110 1555 4156 cum
1572 4089 1778 4154 exultatione

419 4197 628 4283 percepimus
643 4194 756 4272 animi,
773 4201 808 4258 et
824 4194 975 4258 odiosam
998 4214 1037 4259 ao
1061 4193 1254 4259 malivolam
1280 4194 1499 4280 pertinaciam
1525 4193 1777 4280 Flamingorum

420 4303 565 4387 ipsorum
581 4308 696 4384 aperte
727 4296 947 4381 cognovimus
962 4318 1077 4363 revera
1092 4298 1226 4364 turbati.
1245 4297 1473 4384 Expectantes
1488 4298 1601 4384 itaque
1617 4299 1776 4384 regalium

419 4406 611 4471 nuntiorum
637 4403 832 4481 adventum,
860 4423 936 4469 cum
962 4402 1019 4482 eis,
1044 4410 1206 4487 quantum
1235 4402 1267 4465 in
1293 4402 1391 4469 nobis
1413 4402 1523 4483 fuerit,
1554 4401 1714 4488 quicquid
1735 4402 1777 4468 ad

418 4511 599 4575 utilitatem
615 4508 741 4593 negotii
759 4528 835 4574 cum
853 4507 927 4572 Deo
943 4506 1138 4593 poterimus,
1161 4515 1291 4572 matura
1307 4507 1548 4572 deliberatione
1570 4506 1777 4593 disponimus

418 4615 579 4680 ordinare.
596 4613 675 4678 Dat.
694 4633 710 4696 5
727 4612 771 4677 id.
788 4611 979 4677 novembris
995 4616 1006 4684 l
1013 4622 1052 4694 1).
1077 4628 1091 4675 ›

453 4763 512 4820 Πῦρ.
527 4762 583 4808 l'al.
598 4763 650 4816 llo,
664 4774 723 4823 pars
737 4763 755 4811 l.
769 4761 786 4807 i.
799 4762 838 4816 ot,
851 4774 875 4807 n.
888 4762 943 4806 221.
963 4788 986 4793 -
1000 4759 1106 4818 Conlon,
1116 4772 1142 4807 n.
1155 4760 1197 4806 761
1214 4759 1318 4820 (texte).

449 4903 474 4935 ιι.
492 4885 683 4933 Fontalhencsli
698 4899 747 4947 rep.
769 4885 821 4932 t'ar.

506 5019 762 5026 ——-—-—
781 5019 856 5024 —...-.
870 5017 994 5024 ..-----
1014 5018 1088 5023 ——.

453 5108 472 5152 l.
488 5105 639 5153 L'ontrevue
657 5101 690 5150 de
708 5099 863 5164 Compiegno
881 5106 925 5147 out
944 5099 995 5147 lieu
1008 5099 1031 5147 le
1045 5100 1069 5145 11
1092 5098 1196 5146 octobre
1209 5096 1288 5148 1318:
1308 5100 1377 5145 cette
1388 5095 1465 5144 lettre
1479 5093 1535 5143 doit-
1546 5093 1602 5143 etre
1609 5093 1643 5142 de
1655 5094 1680 5142 la
1692 5092 1770 5142 mimo

417 5187 506 5237 annac.
