4409 6017
531 713 591 778 aee
1068 716 1225 782 rrorsnme
1247 693 1348 782 anna.

574 860 688 944 674.
1540 898 1635 964 1319,
1654 896 1694 959 17
1703 879 1841 966 feurier.

575 978 676 1046 Petro
700 981 828 1048 Tesson
855 983 1025 1049 confertur
1045 982 1263 1048 canonicatus
1287 981 1428 1048 ecclesie
1445 980 1740 1066 Rotbomagensis,
1756 986 1816 1048 sub
1829 1004 1872 1048 ex-

529 1085 722 1169 pectatione
736 1086 916 1172 prebende,
931 1085 1198 1153 consideratione
1215 1084 1370 1171 Philippi,
1386 1083 1639 1170 regisFrancie,
1650 1105 1720 1151 non
1732 1088 1871 1152 obstante

531 1188 621 1272 quod
635 1190 876 1274 parrochialem
900 1190 1076 1257 ecclesiam
1092 1190 1124 1256 S.
1140 1188 1160 1267 J
1163 1189 1258 1255 acobi
1275 1188 1317 1254 de
1333 1188 1466 1274 Dieppa
1481 1197 1515 1253 et
1531 1195 1729 1275 perpetuam
1745 1189 1869 1275 capella·

530 1291 620 1356 niam
647 1292 678 1359 S.
704 1293 793 1360 Petri
817 1294 860 1361 de
889 1293 1070 1375 Mesnilli0,
1095 1292 1378 1377 Rothomagensis
1402 1298 1437 1357 et
1459 1291 1682 1359 Tomacensis
1705 1292 1869 1370 diocesum,

530 1396 671 1462 obtinet.

573 1499 682 1584 Digne
697 1521 835 1586 agere...

573 1603 651 1669 Dat.
668 1604 767 1671 Avin.
788 1626 824 1690 13
842 1605 907 1671 kal.
924 1606 1035 1670 martii
1051 1625 1142 1670 anno
1160 1626 1188 1689 3.

573 1706 612 1771 ln
629 1730 658 1773 e.
674 1730 718 1774 m.
734 1709 893 1796 episcopo
909 1707 1076 1775 Meldensi
1092 1716 1128 1773 et
1150 1709 1263 1774 abbati
1285 1708 1478 1774 monasterii
1494 1707 1525 1774 S.
1541 1707 1702 1775 Germani
1725 1708 1767 1775 de
1783 1706 1869 1772 Prat's

524 1810 620 1895 juxta
637 1811 779 1877 Parisius
794 1834 834 1878 ac
848 1812 979 1879 decano
994 1813 1134 1878 ecclesie
1151 1811 1353 1878 Parisiensis.

560 1926 1173 2011 necarant.aasumensi.raanan.
1280 1971 1283 1977 ·

573 2145 686 2228 675.
1537 2160 1834 2247 1319‚17fcvrier.

571 2263 723 2329 Gilberto
738 2263 829 2330 dicto
846 2264 990 2330 Scutella
1005 2264 1047 2329 de
1063 2264 1307 2329 Thenismonte
1323 2263 1493 2330 confertur
1508 2264 1726 2331 canonicatus
1747 2262 1867 2331 ecclesie

528 2368 559 2433 S.
576 2367 718 2433 Dionisii
743 2366 947 2448 Leodiensis,
974 2371 1034 2433 sub
1061 2367 1296 2453 expectatione
1320 2367 1499 2453 prebende,
1516 2367 1785 2434 consideratione
1807 2366 1867 2433 Ber·
1905 2401 1907 2452 l

528 2472 631 2553 nardi,
655 2472 787 2538 comitis
812 2470 1059 2552 Convenarum,
1087 2474 1338 2537 nonobstante
1373 2471 1464 2556 quod
1494 2472 1663 2557 quoddam
1687 2471 1867 2538 beneficium
1905 2457 1907 2484 ²

528 2576 793 2642 ecclesiasticum
808 2584 1007 2661 perpetuum
1025 2576 1057 2639 in
1072 2575 1216 2656 ccclesia
1239 2575 1271 2641 S.
1287 2575 1446 2641 Germani
1461 2575 1504 2642 de
1519 2574 1775 2656 Thenismonte,
1800 2573 1867 2640 Leo-

527 2678 650 2745 diensis
665 2679 807 2745 diocesis
823 2681 881 2765 (10
897 2680 953 2745 lib.
968 2688 1032 2745 tur.
1048 2679 1169 2765 paru),
1186 2679 1327 2745 obtinet.

571 2782 764 2849 Laudabilia
779 2792 878 2849 tue...

571 2888 649 2953 Dat.
666 2887 764 2952 Asin.
786 2908 822 2971 13
839 2887 904 2952 kal.
921 2887 1030 2953 martii
1046 2907 1136 2952 anno
1153 2908 1182 2971 3.

571 2990 610 3056 ln
638 3012 667 3057 e.
694 3013 739 3057 m.
764 2992 890 3057 cantori
916 2992 947 3058 S.
973 2990 1140 3070 Johannis
1170 2991 1204 3055 in
1229 2990 1342 3057 Insula
1373 2990 1567 3057 Leodiensis
1591 2999 1626 3056 et
1650 2992 1826 3058 scolastico
1843 2988 1866 3052 S.
1905 3013 1907 3022 ·

527 3095 619 3161 Pauli
645 3094 841 3161 Leodiensis
864 3115 904 3161 ac
928 3095 1087 3180 magistro
1112 3094 1243 3160 Buxolo
1269 3094 1311 3160 de
1337 3094 1466 3175 Panna,
1483 3093 1649 3161 canonico
1664 3092 1866 3161 Tomacensis

526 3200 752 3281 ecclesiarum,
768 3219 855 3286 pape
867 3201 1052 3285 capellano

560 3338 619 3399 ch.
632 3340 679 3386 Ar.
693 3340 729 3395 ll,
743 3339 761 3385 f.
774 3340 821 3385 283
833 3353 838 3388 :
850 3337 909 3385 Vat.
922 3340 961 3396 fill,
974 3339 990 3385 f.
1006 3340 1058 3391 139,
1071 3353 1096 3385 n.
1110 3339 1163 3385 427.

572 3522 685 3602 676.
1539 3553 1634 3618 1319,
1653 3551 1694 3615 17
1702 3534 1835 3621 scorrer.

570 3638 695 3704 Alardo
710 3639 803 3705 dicto
818 3639 860 3704 de
877 3638 965 3703 Dike
988 3637 1158 3703 confertur
1183 3636 1400 3703 canonicatus
1426 3634 1463 3700 B.
1482 3634 1589 3700 Marie
1611 3631 1866 3724 Antwerpiensis,
1901 3675 1905 3682 -

527 3742 777 3808 Cameracensis
793 3743 945 3824 diocesis,
968 3745 1028 3807 sub
1051 3744 1288 3827 expectatione
1312 3743 1492 3828 prebende,
1516 3744 1784 3811 consideratione
1807 3740 1866 3806 Ber·

526 3847 630 3927 nardi,
646 3846 778 3912 comitis
793 3846 1037 3911 Convenarum.

572 3949 739 4014 Virtutum
756 3950 906 4015 studia...

570 4053 648 4118 Dat.
664 4053 764 4118 Avin.
786 4074 821 4137 13
838 4053 903 4118 kal.
920 4054 1028 4119 martii
1047 4075 1137 4119 anno
1155 4075 1183 4138 3.

571 4156 609 4220 ln
626 4178 654 4221 e.
665 4178 709 4220 m.
722 4156 851 4222 decano
861 4166 896 4222 et
908 4157 1083 4223 scolastico
1095 4157 1291 4238 'l'henensis
1304 4159 1499 4225 Leodiensis
1514 4158 1668 4239 diocesis,
1679 4180 1720 4226 ac
1729 4158 1866 4243 magistro

527 4260 658 4326 Buxolo
673 4261 715 4325 de
732 4260 860 4341 Panna,
877 4261 1042 4326 canonico
1058 4261 1279 4327 Tomacensis
1295 4263 1518 4342 ecclesiarum,
1535 4283 1621 4348 pape
1638 4264 1819 4349 capellano.
1897 4307 1902 4350 ,

558 4399 618 4458 Reg.
631 4401 678 4447 Ar.
691 4402 729 4459 ll,
741 4401 759 4448 l.
772 4403 849 4455 283V;
863 4400 919 4447 Vel.
932 4403 970 4450 fill.
984 4402 1000 4447 f.
1017 4402 1081 4458 13th¹
1094 4416 1119 4447 n.
1132 4401 1186 4447 428.

570 4590 681 4671 677-
1540 4626 1634 4690 1319,
1653 4623 1695 4688 17
1702 4605 1832 4693 scorrer.

568 4708 710 4786 Joffrido
733 4711 775 4775 <le
799 4711 952 4775 Gcnvilla
984 4712 1152 4776 confertur
1185 4711 1400 4777 canonicatus
1432 4710 1573 4776 ecclesie
1598 4707 1800 4796 Leodiensis,
1819 4698 1862 4766 sub

526 4815 763 4900 expectatione
786 4815 965 4900 prebende,
989 4836 1057 4879 non
1082 4817 1239 4879 obstante
1262 4815 1352 4897 quod
1375 4814 1408 4877 in
1426 4812 1567 4878 ecclesia
1582 4810 1733 4877 Tullensi
1750 4798 1860 4877 canoni·
1900 4835 1906 4846 ·

526 4929 639 4986 catum
655 4929 688 4984 et
704 4920 907 5005 prebendam
921 4919 1061 4984 obtinet.

571 5024 791 5107 Suffragantia
807 5023 908 5087 tibi...

575 5128 654 5195 Dat.
669 5129 769 5193 Avin.
791 5149 827 5211 13
845 5126 910 5191 kal.
927 5127 1036 5191 martii
1052 5147 1141 5191 anno
1159 5147 1188 5210 3.
