4409 6017
919 472 1065 553 Septilme
1085 471 1189 537 anule.
1673 475 1736 540 457

309 637 329 679 =
355 640 361 680 ι·
415 621 459 687 In
475 645 505 689 e.
522 646 565 690 m.
582 623 769 691 Bertrando
782 623 825 688 de
841 623 873 688 S.
889 620 1046 702 Genesio,
1063 620 1337 706 Engolismensis,
1354 631 1389 687 et
1405 622 1436 687 S.
1454 621 1546 687 Pauli
1574 643 1614 689 ac
1630 624 1660 687 S.
1678 623 1737 702 Jo-

309 722 494 792 :bannis
505 725 742 793 Leodiensium
757 726 894 793 decanis
909 725 1135 792 ecclesiarum.

308 847 351 891 t
402 876 467 938 neg.
482 879 528 925 nv.
542 879 578 935 19,
592 877 610 925 f.
622 880 685 934 aun
699 878 757 928 rat.
773 880 811 937 rs,
824 878 843 925 r.
858 879 922 934 rou,
936 891 961 924 n.
974 877 1045 931 12⁸⁴.

309 954 350 996 Ε
556 964 563 981 ι

309 1080 342 1100 “’
421 1075 560 1159 1228.
1095 1122 1097 1125 <
1434 1096 1692 1173 1323,1jaoz'ct.

415 1195 614 1282 Hominidei
631 1195 673 1260 de
690 1193 868 1279 Papazuris
883 1192 926 1260 de
943 1192 1037 1260 Urbe
1053 1191 1271 1260 conferuntur
1286 1193 1504 1259 canonicatus
1520 1204 1554 1259 et
1567 1194 1737 1280 prebenda

363 1300 513 1366 ecclesie
529 1298 764 1365 Lateranensis
780 1306 940 1364 vacantes
956 1318 1015 1384 per
1039 1298 1169 1363 obitum
1185 1296 1333 1382 magistri
1361 1296 1478 1363 Franci
1503 1299 1545 1364 de
1570 1299 1736 1384 Rocaper·

309 1476 323 1495 ‚v
358 1404 450 1491 jura,
467 1403 637 1489 scriptoris
648 1423 746 1489 pape,
763 1403 796 1467 in
809 1402 958 1489 partibus
974 1403 1038 1468 illis
1053 1401 1213 1481 defuncti,
1229 1422 1297 1466 non
1314 1404 1472 1468 obstante
1488 1404 1578 1487 quod
1596 1404 1628 1468 in
1641 1402 1736 1487 Agri-

309 1496 329 1529 *
361 1508 506 1593 gentina
521 1516 555 1572 et
575 1506 749 1572 Sicliuensi
773 1514 809 1571 et
834 1506 864 1571 S.
890 1504 1000 1572 Marie
1024 1506 1066 1571 de
1089 1505 1209 1574 Arizia.
1233 1503 1457 1572 Tomacensis
1481 1515 1515 1570 et
1536 1506 1736 1571 Albanensis

309 1589 332 1708 f
361 1610 551 1691 diocesum,
567 1610 786 1677 canonicatus
795 1619 830 1675 et
840 1610 1040 1697 prebendas,
1056 1617 1091 1674 et
1108 1610 1141 1675 in
1159 1609 1189 1707 S.
1207 1607 1346 1674 Martini
1364 1609 1397 1674 in
1414 1609 1605 1695 Vasalongo
1623 1611 1733 1674 Pisani

309 1715 322 1736 ⁵
361 1714 539 1800 quoddam
561 1713 763 1780 beneficium
789 1713 1056 1780 ecclesiasticum
1081 1714 1223 1794 obtinet,
1251 1733 1383 1805 necnon
1415 1713 1448 1778 in
1481 1713 1671 1779 Nicosiensi
1700 1722 1734 1778 ct

309 1799 321 1839 ³
361 1818 509 1884 Aretina
532 1819 566 1883 in
581 1818 782 1885 canonicum
810 1826 862 1884 est
877 1826 1044 1904 receptus,
1060 1826 1095 1884 et
1111 1817 1300 1903 prebendas
1326 1836 1367 1882 ac
1391 1816 1425 1882 in
1451 1818 1569 1883 eadem
1594 1818 1735 1883 Aretina

362 1921 905 2008 ecclesiisdignitatemexpectat.

411 2024 508 2090 Sedis
523 2027 749 2112 apostolice...

409 2130 491 2195 Dat.
507 2129 607 2195 Avin.
626 2130 735 2196 idibus
747 2131 877 2216 augusti
893 2151 984 2197 anno
1002 2150 1032 2216 7.

409 2230 451 2296 ln
464 2254 493 2298 e.
509 2253 554 2298 m.
570 2234 730 2318 magistro
744 2232 892 2311 Johanni
908 2234 951 2301 de
963 2233 1163 2319 Columpna,
1173 2231 1412 2299 archidiacono
1426 2218 1625 2314 vivariensi
1637 2244 1731 2300 nota·

359 2336 414 2401 rio
430 2357 528 2423 pape,
547 2345 583 2402 et
597 2337 710 2402 abbati
727 2339 919 2404 monasterii
947 2339 979 2403 S.
996 2337 1169 2403 Laurentii
1187 2336 1266 2403 foris
1291 2357 1404 2403 muros
1429 2337 1532 2404 Urbis
1546 2360 1586 2405 ac
1602 2339 1729 2405 cantori

361 2441 510 2506 ecclesie
525 2429 740 2507 Turonensis.

401 2604 464 2666 neg.
480 2606 526 2656 nv.
541 2606 582 2666 ro,
594 2605 613 2655 r.
628 2608 706 2663 211v;
721 2605 779 2656 vat.
794 2609 833 2666 rs,
846 2607 863 2656 r.
880 2607 947 2667 nov,
961 2620 987 2659 n.
1000 2606 1071 2655 raro.

412 2805 552 2889 1229.
1429 2842 1524 2905 1323,
1541 2841 1582 2905 13
1599 2825 1687 2885 aurit.

409 2921 585 3009 Hugolino
600 2923 711 2990 Tinoli
726 2924 770 2989 de
786 2924 924 2990 Perusio
939 2924 1110 2990 confertur
1125 2926 1344 2992 canonicatus
1367 2926 1509 2992 ecclesie
1534 2922 1731 2990 Leodiensis

359 3030 425 3092 sub
437 3027 674 3112 expectatione
695 3027 875 3114 prebende,
891 3049 961 3093 non
973 3030 1130 3094 obstante
1147 3028 1238 3114 quod
1253 3029 1282 3094 ei
1299 3030 1471 3115 provisum
1487 3028 1550 3094 fuit
1565 3028 1607 3093 de
1631 3028 1729 3112 plebe

359 3130 419 3195 SS.
430 3129 594 3208 Johannis
610 3141 645 3196 et
661 3130 799 3197 Martini
815 3131 858 3197 de
866 3131 1052 3217 Apicholis,
1065 3130 1220 3198 Civitatis
1233 3132 1372 3200 Castelli
1388 3134 1540 3214 diocesis,
1552 3132 1644 3217 cujus
1654 3151 1730 3216 pos-

360 3234 559 3314 sessionem,
572 3255 633 3321 pro
645 3256 687 3301 eo
703 3234 792 3320 quod
802 3234 971 3300 detinetur
982 3256 1041 3321 per
1053 3236 1220 3321 laycalem
1230 3238 1419 3323 potentiam
1430 3247 1605 3323 occupata,
1618 3235 1728 3300 adhuc

361 3338 498 3423 assequi
515 3360 583 3403 non
599 3340 721 3425 potuit.

407 3442 503 3508 Sedis
518 3443 744 3529 apostolice...

408 3547 488 3612 Dat.
503 3547 603 3613 Avin.
620 3548 727 3613 idibus
742 3549 870 3633 augusti
887 3568 976 3613 anno
993 3568 1022 3634 7.

407 3649 449 3716 In
464 3672 493 3715 e.
505 3672 550 3716 m.
565 3653 736 3738 preposito
754 3653 991 3720 avinionensis
1003 3661 1038 3718 et
1047 3653 1178 3720 decano
1188 3653 1219 3719 S.
1234 3653 1328 3719 Pauli
1341 3653 1538 3720 Leodiensis
1550 3676 1590 3719 ac
1602 3653 1727 3718 Bosolo
1748 3711 1750 3717 4

359 3753 405 3820 de
422 3753 552 3836 Parma,
568 3759 742 3842 capellano
760 3778 856 3843 pape,
873 3757 1037 3823 canonico
1052 3756 1081 3823 T
1083 3757 1277 3825 omacensis
1293 3758 1520 3826 ecclesiarum.

396 3909 458 3968 Reg.
475 3913 521 3959 Au.
538 3914 574 3969 111,
587 3912 606 3961 f.
622 3914 668 3959 333
683 3928 687 3959 :
702 3911 760 3961 Vnt.
777 3911 847 3972 75,1.
866 3914 931 3971 1491,
945 3927 970 3960 n.
988 3913 1058 3960 1397.

410 4100 551 4185 1230.
1424 4143 1518 4205 1323,
1536 4145 1575 4187 21
1593 4130 1681 4189 aoril.

404 4218 551 4297 Johanni
578 4220 619 4285 de
644 4219 810 4287 Lauduno
838 4222 1007 4287 confertur
1023 4223 1243 4289 canonicatus
1266 4226 1407 4291 ecclesie
1435 4224 1639 4293 Morinensis
1664 4231 1723 4293 sub

359 4324 599 4411 expectatione
612 4326 790 4410 prebende.

406 4429 589 4493 Personam
605 4437 738 4494 tuam...

405 4533 484 4598 Dat.
500 4531 601 4597 Avin.
619 4553 654 4595 12
672 4532 738 4597 kal.
754 4536 954 4619 septembris
969 4556 1059 4601 anno
1077 4556 1105 4620 7.

405 4636 445 4702 In
462 4657 491 4700 e.
510 4656 555 4701 m.
572 4635 731 4723 episcopo
758 4636 933 4704 Vasatensi
957 4661 996 4704 ac
1020 4641 1150 4706 decano
1177 4640 1408 4713 Xantoneusis
1430 4653 1465 4716 et
1488 4645 1723 4723 archidiacono

360 4740 557 4805 Parisiensis
573 4740 799 4805 ecclesiarum.

396 4882 458 4943 Reg.
471 4885 519 4929 Ar.
533 4884 569 4940 19,
584 4885 601 4930 f.
614 4884 678 4938 2463
695 4883 752 4931 Vnt.
769 4886 805 4943 75,
819 4885 837 4931 f.
852 4886 905 4942 139,
915 4899 939 4933 n.
955 4887 1025 4937 1373.
