4409 6017
880 666 1053 779 *Neuvilme
1073 713 1176 780 annm.
1659 714 1720 778 585

359 863 444 930 scire
458 863 570 945 debes,
581 863 711 951 plenius
721 864 754 929 in
766 861 920 929 examine
931 869 1022 928 recte
1038 860 1315 928 considerationis
1330 859 1493 941 adductis,
1509 882 1585 927 cum
1601 842 1733 928 eodem

359 967 531 1052 episcopo,
542 988 643 1052 quem
654 954 869 1055 *prerogativa
884 965 1075 1032 dilectionis
1090 973 1126 1031 et
1140 966 1289 1031 caritatis
1303 964 1455 1052 specialis
1470 965 1594 1032 teneris
1609 986 1723 1053 prose·

358 1071 428 1154 qui,
452 1091 491 1136 ac
515 1091 592 1136 eum
613 1072 707 1137 velut
730 1072 875 1159 teipsum
901 1070 1041 1156 dirigere
1067 1070 1100 1135 in
1125 1068 1273 1156 agendis
1298 1089 1417 1156 pacem
1440 1078 1475 1135 et
1498 1071 1721 1150 concordiam,

357 1174 535 1260 extirpatis
565 1175 788 1260 quorumlibet
815 1174 968 1241 odiorum
998 1173 1165 1260 vepribus,
1192 1172 1373 1260 prudenter
1403 1194 1498 1239 cures
1524 1182 1559 1238 et
1582 1174 1721 1260 provide

357 1278 548 1360 reformare,
574 1279 686 1344 taliter
723 1278 823 1364 quod,
854 1278 1060 1345 cessantibus
1091 1276 1230 1344 omnino
1267 1276 1461 1363 periculosis
1494 1277 1657 1342 scandalis
1687 1285 1722 1341 et

354 1380 505 1465 jacturis,
521 1390 579 1447 tue
595 1382 800 1449 conscientie
815 1402 855 1449 ac
877 1380 981 1466 quieti
996 1378 1176 1467 provideas
1191 1387 1227 1446 et
1241 1380 1396 1446 consulas
1421 1380 1525 1446 etiam
1542 1379 1721 1462 honestati,

355 1494 483 1569 tuaque
507 1486 764 1573 circumspectio
791 1484 881 1572 apud
913 1485 1024 1551 Deum
1051 1504 1180 1551 aenos
1207 1491 1242 1549 et
1271 1483 1413 1550 eandem
1438 1484 1559 1550 Sedem
1585 1492 1723 1570 propter

356 1587 424 1653 hoc
439 1588 559 1654 merito
574 1589 698 1656 debeat
714 1588 953 1656 commendari.
963 1588 1043 1654 Dat.
1060 1587 1160 1654 Avin.
1174 1609 1191 1653 2
1205 1586 1271 1652 kal.
1286 1586 1369 1671 junii
1386 1609 1475 1653 anno
1492 1609 1522 1671 9.

341 1747 344 1753 ’
404 1756 492 1824 Item
508 1756 541 1821 in
565 1757 712 1823 eundum
728 1757 868 1824 modurn
883 1759 993 1824 eidem
1008 1757 1180 1845 episcopo,
1196 1756 1306 1824 verbis
1326 1766 1559 1845 competenter
1575 1757 1721 1838 mutatis,

357 1870 394 1927 et
409 1861 595 1948 specialiter
610 1870 742 1929 mutato
757 1870 834 1948 post
845 1864 985 1927 verbum
1000 1861 1185 1928 «adductis
1198 1882 1216 1925 r
1232 1882 1328 1928 :cum
1338 1863 1460 1928 eodem
1468 1859 1721 1948 archiepiscopo

357 1966 412 2033 eui
429 1965 555 2031 deferre
571 1974 735 2052 tanquam
750 1965 867 2052 majori
892 1973 928 2032 et
950 1965 1110 2052 superiori
1134 1973 1195 2031 tuo
1222 1966 1352 2032 ratione
1375 1975 1481 2032 status
1496 1975 1531 2031 et
1553 1964 1722 2052 sanguinis

356 2071 462 2138 debes
484 2077 519 2136 et
532 2068 657 2135 teneris
672 2070 860 2156 specialiter
875 2070 960 2136 sicut
974 2070 1064 2136 nosti
1080 2089 1198 2155 pacem
1214 2077 1280 2136 etc.
1297 2090 1315 2132 r

392 2204 454 2266 Reg.
467 2203 527 2253 Vat.
542 2205 597 2263 113,
609 2204 629 2254 i.
645 2206 696 2264 ὅθ’,
710 2218 735 2254 u.
753 2205 809 2252 390.

404 2396 553 2478 1600
1438 2431 1572 2494 1325,1
1591 2411 1680 2497 juin.

402 2512 562 2596 Johanni,
591 2515 658 2601 regi
692 2513 843 2595 Boemie,
870 2514 1065 2581 conceditur
1098 2503 1141 2580 ad
1162 2513 1344 2580 triennium
1370 2514 1502 2581 decima
1525 2515 1724 2581 ecclesiasti·

357 2639 477 2685 corum
493 2628 717 2705 proventuum
732 2618 824 2705 regni
841 2618 981 2685 Boemie
993 2628 1029 2684 et
1040 2618 1222 2685 comitatus
1239 2618 1549 2705 Lucemburgensis.

403 2722 497 2789 Sedis
512 2723 738 2809 apostolice...

403 2826 483 2894 Dat.
499 2827 600 2893 Avin.
616 2826 768 2893 kalendis
780 2826 865 2913 junii
880 2847 971 2892 anno
988 2848 1017 2909 9.

404 2929 445 2995 In
460 2952 489 2998 e.
504 2952 550 2997 m.
565 2931 725 3019 episcopo
750 2931 965 2997 Olomucensi
993 2940 1028 2997 et
1051 2930 1328 2997 Brevenowensis
1349 2951 1389 2997 ac
1404 2931 1436 2997 S.
1453 2930 1562 2996 Marie
1584 2931 1725 2997 Lucem·
1813 2959 1815 2962 ¹

355 3035 542 3121 burgensis
561 3035 735 3121 Pragensis
750 3044 785 3101 et
800 3034 1015 3101 Treverensis
1039 3035 1222 3116 diocesum,
1237 3034 1517 3101 monasteriorum
1537 3036 1724 3102 abbatibus.

392 3174 454 3236 Reg.
470 3176 517 3223 Ar.
532 3176 572 3234 23,
584 3175 602 3223 1.
616 3176 680 3233 253;
693 3174 752 3223 Vat.
765 3177 803 3234 79,
815 3175 834 3223 i.
851 3176 906 3234 167,
918 3189 944 3222 n.
956 3177 1026 3223 1712.
1040 3202 1069 3209 -
1082 3175 1171 3223 Labbe
1183 3179 1209 3222 et
1222 3174 1334 3231 Cossart,
1349 3172 1466 3221 Concilio
1475 3173 1528 3235 (ed.
1545 3176 1628 3237 1611),
1643 3180 1661 3223 t.
1675 3176 1714 3224 XI

356 3256 408 3306 col.
425 3258 487 3305 1631
499 3257 606 3319 (texte).

407 3447 546 3528 1601.
1438 3483 1456 3524 r
1482 3484 1502 3526 2
1560 3485 1576 3526 r
1612 3464 1682 3527 'rcr'n.

405 3563 550 3647 Matildi,
567 3563 738 3630 comitisse
761 3565 987 3646 Atrebatensi,
1002 3564 1224 3650 respondetur
1240 3567 1330 3652 quod
1353 3481 1547 3653 procudatiir
1561 3486 1726 3645 Joshanne

355 3669 473 3753 regine
490 3667 639 3748 Francie,
652 3675 732 3732 nate
743 3688 801 3733 sue
815 3668 872 3753 (¹),
882 3668 924 3735 de
941 3669 1082 3754 objectis
1098 3676 1217 3735 contra
1228 3673 1386 3737 abbatem
1401 3670 1444 3736 de
1461 3669 1642 3735 Verziliaco
1658 3690 1725 3734 non

356 3781 476 3864 potest
492 3771 670 3839 informare
688 3773 823 3840 curiam.

405 3935 582 4018 «Matildi,
599 3936 767 4003 comitisse
783 3913 1026 4004 Attrabatensi.
1044 3938 1224 4005 Missarum
1249 3939 1345 4004 nobis
1373 3939 1553 4003 novissime
1573 3931 1727 4005 nobilita·

355 4044 402 4109 tis
418 4051 475 4108 tue
498 4043 684 4108 litterarum
709 4042 792 4107 serie
816 4043 948 4129 plenius
975 4043 1159 4125 intellecta,
1176 4044 1247 4126 tibi,
1271 4043 1348 4124 filia,
1373 4063 1471 4129 super
1493 4043 1559 4108 hoc
1583 4044 1728 4108 breviter

355 4145 601 4233 respondemus
616 4145 706 4230 quod
728 4166 804 4211 cum
827 4146 968 4212 dilectus
984 4147 1105 4213 filius..
1130 4148 1233 4212 abbas
1258 4147 1451 4212 monasterii
1476 4146 1518 4211 de
1543 4144 1727 4212 Verziliaco

356 4251 392 4315 in
410 4258 525 4315 nostra
539 4248 707 4335 presentia
723 4249 937 4331 constitutus,
954 4272 989 4316 se
1006 4271 1105 4337 super
1130 4250 1194 4315 hiis
1217 4250 1259 4315 de
1284 4248 1403 4334 quibus
1422 4249 1552 4314 delatus
1569 4246 1675 4311 fuerat
1691 4256 1726 4312 et

354 4364 418 4422 tue
434 4354 653 4419 continebant
677 4352 829 4438 predicte
857 4354 978 4436 littere,
994 4377 1030 4421 se
1056 4354 1190 4420 duxerit
1208 4354 1445 4434 excusandum,
1469 4372 1507 4418 ac
1530 4361 1726 4437 procurator
1817 4373 1820 4378 ·

355 4457 527 4526 carissime
555 4457 588 4521 in
612 4456 746 4522 Christo
772 4458 839 4523 filie
866 4467 980 4524 nostre
1012 4458 1178 4539 Johanne,
1210 4458 1323 4543 regine
1349 4456 1489 4522 Francie
1514 4463 1549 4519 et
1575 4452 1725 4520 Navarre

355 4562 504 4642 illustris,
520 4569 599 4626 nate
615 4568 682 4642 tue,
699 4561 910 4648 responderit
927 4583 1023 4649 super
1046 4562 1112 4628 hoc
1134 4562 1321 4648 requisitus,
1337 4582 1372 4626 se
1396 4579 1608 4644 nequaquam
1628 4580 1726 4645 posse

354 4685 458 4752 super
474 4665 618 4729 articulis
633 4665 721 4731 datis
736 4673 854 4731 contra
870 4666 1016 4731 eundern
1040 4669 1196 4732 abbatem
1213 4688 1275 4732 nos
1291 4664 1512 4751 quomodibet
1538 4663 1725 4742 informare,

355 4792 422 4837 nos
448 4769 606 4835 decenter
633 4769 732 4849 aliud,
749 4791 826 4835 cum
850 4771 953 4835 simus
977 4772 1133 4837 omnibus
1159 4771 1329 4836 debitores
1352 4769 1546 4855 injustitia,
1574 4767 1726 4832 ordinare

355 4894 457 4960 super
480 4873 544 4938 hiis
563 4874 774 4957 nequivimus
797 4884 916 4941 contra
940 4895 1029 4956 eum,
1046 4875 1105 4941 sed
1130 4874 1337 4947 intendimus
1360 4874 1466 4950 aliter,
1492 4879 1591 4964 prout
1608 4891 1725 4940 secuu-

391 5140 413 5186 1.
428 5136 536 5196 Jeanne,
551 5143 676 5190 comtesse
687 5138 719 5187 de
732 5139 889 5202 Bourgogne,
904 5156 985 5190 veuve
996 5141 1031 5189 du
1043 5143 1080 5193 roi
1094 5142 1213 5205 Philipps
1225 5142 1255 5191 V.
