4409 6017
905 716 1061 782 Neuvieme
1082 714 1184 781 annae.
1665 722 1726 786 535

307 913 318 955 2..
362 867 444 933 inde
460 868 725 953 quibuscumque
739 867 904 953 periculis,
920 866 962 933 ad
977 874 1108 952 partem
1124 864 1273 951 ejusdem
1289 874 1405 931 sancte
1422 865 1573 932 Romane
1585 870 1726 935 ecclesie

307 997 315 1060 ᾗ
361 993 423 1057 per
439 992 501 1037 vos
517 979 552 1036 et
567 979 698 1037 vestros
718 971 870 1038 subditos
894 969 1018 1056 pariter
1040 969 1260 1051 declinantes,
1275 977 1354 1056 post
1369 989 1544 1056 processus
1566 993 1649 1056 quos
1669 973 1726 1039 ad·

307 1124 315 1164 3
362 1096 480 1141 versus
496 1075 604 1161 ipsum
619 1075 740 1142 ducem
756 1074 935 1140 habuimus
949 1073 1122 1153 hactenus,
1140 1073 1173 1137 in
1190 1072 1280 1138 dicta
1296 1081 1408 1139 vestra
1424 1075 1575 1156 ecclesia,
1591 1097 1725 1162 presen-

307 1228 312 1269 :
361 1179 453 1245 tibus
468 1179 583 1262 utique
599 1180 690 1245 clero
705 1187 740 1245 et
755 1179 882 1265 populo
895 1178 985 1243 dicte
997 1175 1087 1257 ville,
1103 1175 1286 1242 solenniter
1302 1176 1498 1262 publicatos,
1515 1178 1640 1244 nedum
1663 1180 1724 1265 ipsi

362 1284 440 1350 duci
457 1304 525 1349 non
542 1283 669 1349 favistis
685 1282 718 1347 in
735 1283 860 1366 aliquo,
876 1281 935 1348 sed
957 1280 1067 1347 eidem
1084 1280 1119 1344 in
1136 1280 1291 1347 omnibus
1305 1281 1473 1347 restitistis
1482 1291 1504 1348 α.
1523 1282 1574 1346 Ex
1596 1283 1724 1367 quibus,

361 1394 464 1473 prout
480 1386 651 1453 credentie
663 1385 763 1452 series
778 1384 944 1471 explicata
956 1383 1143 1465 subintulit,
1155 1383 1330 1448 meremini
1343 1385 1541 1471 specialibus
1552 1388 1594 1451 ab
1607 1387 1723 1454 eadem

362 1499 480 1556 sancta
502 1489 654 1556 Romana
678 1490 819 1557 ecclesia
841 1487 1013 1555 beneficiis
1036 1487 1203 1553 honorari.
1229 1486 1333 1553 Porro
1353 1508 1394 1553 ex
1416 1488 1481 1554 hiis
1504 1510 1566 1555 vos
1593 1490 1724 1556 illorum

361 1602 560 1679 reputantes
575 1594 745 1674 emeritos,
760 1613 889 1676 nosque
904 1590 1086 1678 dispositos
1101 1590 1145 1657 ad
1159 1590 1309 1677 ipsorum
1325 1591 1550 1677 impendenda
1565 1594 1724 1680 rependia

360 1698 571 1786 profitentes,
595 1698 629 1764 in
651 1698 715 1764 hac
739 1706 834 1784 parte
857 1696 1047 1764 devotionis
1066 1705 1101 1762 et
1121 1696 1197 1762 fidei
1221 1705 1332 1762 vestre
1347 1698 1551 1784 presentiam
1566 1699 1666 1785 digna
1689 1701 1722 1765 in
1782 1781 1785 1790 1

362 1801 513 1869 Domino
536 1802 744 1868 exultatione
770 1800 878 1868 cordis
901 1808 936 1866 et
958 1801 1164 1867 exaltatione
1190 1800 1298 1867 laudis
1328 1801 1531 1883 extollimus,
1563 1823 1603 1869 ac
1627 1804 1724 1870 vobis

359 1914 471 1992 grates
493 1913 635 1992 paterne
655 1905 840 1973 dulcedinis
862 1905 1056 1986 referentes,
1071 1905 1144 1992 pias
1163 1905 1291 1990 agimus
1312 1905 1488 1973 Altissimo
1510 1908 1642 1993 gratias,
1667 1910 1721 1993 qui

359 2008 620 2076 misericorditer
636 2010 722 2076 circa
737 2010 803 2075 hoc
819 2008 938 2074 vestris
953 2009 1123 2075 mentibus
1148 2009 1355 2094 signaculum
1378 2011 1570 2078 intellectus
1593 2012 1723 2099 aperuit

360 2122 395 2180 et
407 2122 478 2179 tam
489 2112 617 2199 insigne
627 2113 880 2196 gratificationis
892 2111 1089 2197 obsequium
1102 2113 1223 2179 nostris
1234 2115 1387 2181 manibus
1401 2109 1585 2201 adaptavit.
1602 2117 1722 2201 Itaque

360 2216 615 2283 universitatem
631 2224 777 2282 vestram
792 2236 948 2302 rogamus
970 2224 1005 2282 et
1027 2216 1202 2283 hortamur
1227 2226 1358 2284 attente
1373 2239 1414 2284 ac
1428 2220 1666 2287 nichilominus
1688 2224 1722 2288 in

359 2321 591 2387 remissionem
607 2320 841 2407 peccaminum
857 2322 1073 2387 obsecramus
1088 2321 1245 2406 quatinus
1265 2323 1353 2388 inter
1361 2323 1477 2390 lucida
1485 2333 1581 2409 gesta
1597 2335 1722 2393 morta-

359 2426 442 2492 lium
469 2445 636 2491 summam
661 2424 755 2491 vobis
778 2424 1028 2510 perseverantie
1051 2426 1191 2510 gloriam
1217 2426 1446 2510 vendicantes,
1471 2429 1505 2493 in
1531 2431 1723 2499 constantia

359 2539 554 2618 prenarrate
580 2529 657 2597 fidei
678 2538 713 2596 et
737 2529 939 2612 devotionis,
966 2537 1138 2617 assumpta
1161 2550 1223 2616 pro
1245 2532 1434 2598 reverentia
1449 2542 1563 2599 nostra
1579 2542 1613 2599 et
1630 2534 1723 2603 Sedis

361 2634 522 2721 ejusdem,
549 2634 596 2701 sic
620 2633 739 2701 sinceri
760 2642 795 2700 et
819 2633 926 2716 solidi,
949 2633 998 2700 sic
1022 2634 1127 2701 securi
1151 2642 1186 2699 et
1207 2635 1396 2701 immobiles
1418 2637 1603 2722 persistatis
1621 2639 1721 2724 quod,

359 2759 566 2823 quamquam
582 2738 638 2804 illa
653 2738 696 2804 sit
712 2738 808 2805 vobis
823 2738 976 2804 salutaris
1001 2738 1044 2805 ad
1070 2737 1215 2820 veniam,
1238 2740 1373 2825 possitis
1396 2740 1474 2807 inde
1496 2750 1612 2808 tamen
1631 2746 1722 2830 apud
1778 2815 1783 2823 ,

359 2842 472 2908 Deum
488 2850 523 2908 et
538 2841 695 2908 homines
710 2842 801 2908 clara
814 2842 951 2909 laudum
967 2841 1113 2908 culmina
1136 2843 1307 2928 consequi,
1324 2851 1358 2909 et
1374 2864 1435 2910 vos
1449 2864 1490 2910 ao
1505 2844 1596 2912 dicta
1610 2856 1721 2914 vestra

359 2947 503 3014 ecclesia
517 2956 588 3012 tam
605 2945 738 3012 anobis
752 2966 853 3030 quam
869 2945 997 3031 prefata
1019 2945 1105 3013 Sede
1127 2947 1279 3012 letemini
1294 2947 1434 3034 speratis
1449 2955 1483 3013 et
1499 2950 1626 3017 meritis
1647 2973 1722 3037 gra·

358 3052 480 3117 tiarum
503 3050 639 3135 premiis
659 3049 855 3136 prosperari.
872 3049 1058 3116 Petitiones
1082 3071 1229 3136 namque
1251 3072 1312 3138 per
1334 3059 1505 3118 cantorem
1529 3053 1637 3139 ipsum
1659 3079 1721 3144 pro

356 3162 454 3241 parte
477 3161 590 3219 vestra
617 3153 714 3219 nobis
741 3154 871 3219 oblatas
897 3154 1060 3220 noveritis
1079 3155 1149 3240 jam
1176 3176 1238 3221 nos
1261 3155 1532 3222 consideratione
1558 3161 1719 3244 premissa

355 3257 534 3324 exaudisse
556 3257 755 3342 benigniter,
781 3265 881 3344 prout
909 3279 1007 3344 super
1030 3259 1095 3324 illis
1121 3267 1235 3324 nostre
1260 3260 1416 3326 confecte
1439 3259 1550 3325 littere
1570 3262 1720 3331 indicant

355 3361 542 3428 evidenter.
562 3361 641 3427 Dat.
658 3360 758 3427 Avin.
778 3381 816 3426 ro
832 3359 898 3428 kal.
915 3363 1108 3429 novembris
1123 3384 1214 3429 anno
1232 3385 1292 3445 9.»

389 3503 450 3563 aeg.
466 3502 525 3549 vat.
539 3502 592 3561 na,
605 3502 623 3551 f.
637 3504 687 3560 nv,
700 3517 728 3553 n.
747 3504 803 3551 aas.

402 3683 550 3766 1440.
1364 3720 1463 3784 1324,
1478 3719 1522 3781 25
1537 3702 1674 3766 octobre.

402 3799 569 3887 Magistro
584 3800 604 3879 J
608 3801 732 3867 ohanni
748 3802 791 3869 de
807 3801 1017 3871 Collemedio
1032 3804 1202 3871 confertur
1218 3804 1435 3871 canonicatus
1457 3803 1601 3873 ecclesie
1614 3801 1718 3870 Mori-

352 3904 470 3970 nensis
496 3908 556 3970 sub
581 3906 820 3992 expectatione
843 3907 1022 3993 prebende,
1044 3929 1113 3975 non
1136 3911 1294 3975 obstante
1315 3907 1407 3993 quod
1429 3907 1463 3974 in
1486 3905 1518 3973 S.
1542 3906 1717 3994 Gangerici

354 4007 609 4075 Cameracensis
625 4010 861 4075 canonicatum
877 4018 911 4076 et
926 4012 1134 4098 prebendam
1145 4020 1179 4078 et
1189 4013 1224 4078 in
1235 4013 1278 4080 de
1288 4013 1471 4095 Varandin,
1483 4014 1716 4083 Atrebatensis

353 4111 510 4192 diocesis,
527 4113 677 4180 ecclesiis
691 4122 888 4199 perpetuam
901 4116 1125 4202 capellaniam
1140 4117 1283 4183 obtinet.

401 4214 571 4282 Nobilitas
586 4217 756 4301 generis...
856 4205 858 4209 ¹

402 4319 481 4385 Dat.
497 4320 598 4387 Avin.
616 4322 634 4385 8
651 4320 719 4387 kal.
735 4320 928 4386 novembris
944 4342 1033 4386 anno
1050 4342 1078 4400 9.

401 4423 441 4488 ln
469 4445 498 4489 e.
522 4445 566 4489 rn.
588 4424 749 4511 episcopo
770 4425 930 4491 Paduano
951 4433 984 4491 et
1008 4426 1125 4512 majori
1150 4426 1256 4494 aede
1281 4427 1450 4512 Hanonia,
1467 4429 1717 4500 Cameracensis

353 4527 509 4609 ecclesie,
525 4528 776 4595 archidiaconis.

389 4667 451 4727 Reg.
463 4671 510 4714 Av.
526 4668 564 4724 22,
578 4666 597 4716 f.
612 4668 662 4722 94',
675 4680 700 4715 n.
717 4669 764 4714 209
778 4683 783 4723 3
797 4668 855 4715 vm.
868 4669 905 4726 78,
917 4669 934 4716 f.
950 4670 1015 4728 260¹,
1028 4684 1053 4717 n.
1066 4671 1121 4720 760.

404 4834 544 4915 1441.
1360 4877 1455 4943 1324,
1471 4859 1515 4924 26
1537 4863 1673 4927 octobre.

403 4950 566 5037 Magistro
578 4961 613 5018 et
625 4951 777 5017 fratribus
788 4951 912 5018 ordinis
924 4954 1170 5024 Predicatorum
1181 4960 1377 5026 conceditur
1387 4962 1526 5029 facultas
1535 4964 1716 5050 recipiendi

390 5170 414 5203 o.
436 5155 545 5202 restistis
557 5170 606 5217 rep.
