4409 6017
518 675 574 738 178
1052 668 1209 736 1111111111
1231 672 1333 736 annea.

514 822 717 889 'lomacensi
742 822 892 888 ecelesiis
915 822 1057 902 obtinet,
1073 824 1198 906 absque
1222 820 1402 888 residentia
1426 820 1469 886 ad
1495 817 1677 886 triennium
1707 813 1860 901 percipere

515 929 636 994 valeat.
1904 919 1907 942 ³

559 1030 730 1096 Nobilitas
745 1030 917 1115 generis...

559 1135 638 1200 Dat.
654 1136 753 1199 Avin.
773 1156 789 1218 3
807 1135 850 1200 id.
867 1135 1020 1200 februarii
1039 1155 1130 1199 anno
1148 1155 1176 1198 2.

559 1238 597 1302 ln
615 1260 643 1303 e.
660 1260 704 1302 m.
722 1244 885 1323 utsupra,
902 1263 933 1303 n.
950 1240 1024 1322 476.

549 1377 607 1437 llog.
621 1379 668 1423 Ar.
681 1377 702 1435 s,
717 1378 733 1423 l.
748 1377 808 1433 3873
823 1375 880 1423 l'at.
894 1379 933 1426 bl.
947 1377 964 1422 1.
978 1378 1043 1432 1931,
1057 1391 1081 1423 11.
1096 1379 1151 1425 1151.

557 1532 674 1615 478.
1531 1547 1626 1628 1318,
1642 1564 1686 1608 22
1694 1542 1827 1630 sevrier.

556 1650 726 1737 Episcopo
743 1650 929 1717 Morinensi
952 1652 1130 1717 mandatur
1153 1662 1318 1736 quatenus
1341 1653 1511 1737 dispenset
1535 1670 1612 1715 cuni
1629 1645 1861 1713 Nicolaodicto

513 1755 643 1837 Roelin‚
659 1756 747 1821 laico
762 1777 820 1821 sue
843 1755 996 1836 diocesis,
1013 1756 1079 1840 qui,
1096 1764 1228 1821 mortua
1252 1755 1454 1840 Margareta,
1470 1755 1577 1840 prima
1592 1772 1697 1818 uxore
1718 1771 1786 1830 sua,
1800 1768 1862 1813 cnm

513 1859 695 1939 Elisabeth,
722 1859 790 1923 filia
814 1857 979 1935 Johannis
1002 1859 1083 1925 dicti
1112 1859 1242 1940 Clerici,
1268 1860 1417 1944 ejusdem
1449 1856 1603 1938 diocesis,
1628 1851 1862 1921 matrimonium
1905 1859 1907 1876 ²

511 1964 690 2042 contraxit,
706 1963 862 2046 ignorans
877 1962 968 2047 quod
982 1962 1072 2029 dicta
1096 1962 1272 2029 Elisabeth
1300 1983 1378 2028 cum
1405 1962 1535 2048 prefata
1560 1959 1752 2045 Margareta
1773 1953 1863 2021 tercio

512 2065 614 2149 gradu
631 2066 929 2149 consanguinitatis
945 2067 1126 2152 conjuncta
1142 2067 1250 2133 fuerit.

559 2169 683 2233 Petitio
700 2168 855 2234 dilecti...

558 2272 637 2337 Dat.
653 2272 753 2337 Avin.
772 2275 789 2337 8
806 2272 872 2356 kal.
889 2274 999 2338 martii
1016 2295 1106 2340 anno
1124 2296 1152 2339 2.

551 2409 608 2468 [leg.
624 2409 669 2456 111.
685 2411 736 2464 115,
751 2410 767 2457 i.
784 2413 827 2458 121
840 2428 845 2461 ;
860 2412 966 2466 111111.
981 2413 998 2460 f.
1013 2416 1116 2471 11111,11.
1130 2415 1185 2461 571.

561 2575 681 2658 479-
1535 2591 1629 2669 1318,
1644 2607 1688 2671 24
1696 2586 1836 2673 sebrier.

560 2692 686 2759 Abbati
703 2693 897 2758 monasterii
914 2694 946 2759 S.
963 2694 1100 2760 Adriani
1117 2695 1150 2759 in
1168 2693 1289 2760 Monte
1305 2693 1449 2773 Geraldi,
1461 2689 1712 2757 Cameracensis
1728 2687 1874 2764 diocesis,

518 2797 695 2862 mandatur
710 2804 874 2878 quatenus
890 2819 929 2862 ea
945 2819 1009 2883 que
1024 2798 1179 2864 debonis
1202 2798 1322 2864 domus
1344 2796 1519 2883 hospitalis
1534 2794 1566 2860 S.
1582 2792 1601 2872 J
1605 2792 1748 2859 ohannis
1764 2791 1876 2869 Jheru·

519 2903 622 2966 salem
639 2900 672 2964 in
691 2899 942 2985 Elverdinglres,
960 2900 1163 2967 Morinensis
1177 2902 1363 2982 diocesis,a
1378 2900 1708 2967 commendatoribus
1724 2909 1759 2964 et
1775 2897 1879 2963 fratri-

519 3006 580 3068 bus
591 3004 682 3069 dicte
696 3002 816 3068 domus
832 3005 977 3071 alienata
994 3006 1157 3071 invenerit
1173 3006 1288 3071 illicite
1303 3006 1357 3070 vel
1373 3005 1542 3085 distracta,
1558 3004 1602 3070 ad
1614 3005 1668 3090 jus
1683 3011 1719 3068 et
1734 3001 1881 3088 proprie-

519 3115 625 3171 tatem
641 3106 743 3191 ipsius
758 3105 877 3173 domus
892 3129 1050 3174 revocare
1066 3117 1232 3195 procuret.

563 3214 616 3279 nd
631 3214 846 3279 audientiam.
857 3264 879 3278 ..

563 3317 640 3382 Dat.
656 3317 755 3381 Avin.
774 3323 791 3380 6
807 3316 873 3381 kal.
891 3316 1001 3382 martii
1017 3337 1108 3381 anno
1126 3337 1155 3382 2.

551 3453 704 3516 Copiedans
717 3469 750 3500 un
773 3453 886 3501 vidimus
903 3454 939 3500 dn
959 3456 973 3500 3
992 3469 1060 3501 mars
1082 3455 1143 3502 1318
1162 3469 1214 3501 aux
1235 3454 1355 3502 ninnive*
1373 3453 1608 3517 ddpmtrmentalos
1628 3453 1663 3501 du
1683 3453 1789 3503 Nordri
1812 3454 1884 3502 Lille.

519 3535 646 3583 Chambre
657 3535 701 3582 des
713 3544 833 3597 comptos.
851 3535 875 3583 11.
893 3537 960 3583 rina.

561 3706 682 3788 480.
1533 3725 1629 3803 1318,
1646 3738 1688 3802 27
1697 3718 1854 3806 seorier.¹

563 3823 667 3889 Paulo
691 3825 732 3889 de
758 3822 901 3903 Comite,
916 3824 1089 3908 preposito
1114 3826 1254 3889 ecclesie
1284 3825 1494 3904 Nivellensis,
1511 3822 1708 3889 Leodiensis
1732 3822 1885 3903 diocesis,

518 3927 573 4011 qui
591 3928 757 4011 obsequiis
770 3925 1007 4012 Neapoleonis,
1019 3927 1049 3992 S.
1062 3928 1200 3992 Adriani
1214 3928 1345 3993 diaconi
1363 3927 1548 4006 cardinalis,
1565 3925 1667 4010 ipsius
1683 3924 1886 4003 consobrini,

520 4031 715 4095 immoratur
730 4030 819 4115 apud
835 4030 955 4096 Sedem
967 4032 1198 4115 apostolicam,
1209 4032 1399 4115 indulgetur
1411 4040 1446 4096 ut
1459 4030 1651 4115 homagium
1665 4028 1887 4114 personaliter

519 4133 629 4198 facere
645 4134 810 4198 abbatisse
826 4135 916 4200 dicte
932 4135 1073 4200 ecclesie
1089 4135 1226 4199 minime
1243 4143 1407 4200 teneatur.

566 4236 616 4301 Ex
632 4246 727 4323 parte
742 4247 843 4303 tua...

565 4341 642 4405 Dat.
659 4341 757 4405 Avin.
777 4362 793 4425 3
810 4341 876 4407 kal.
893 4343 1002 4416 martii
1019 4363 1108 4408 anno
1126 4365 1154 4409 2.

555 4478 614 4538 neg.
627 4481 673 4526 nv.
690 4482 724 4532 10.
737 4481 755 4527 r.
768 4481 831 4536 aaa
847 4480 903 4529 rat.
917 4482 955 4541 as,
967 4482 985 4529 r.
999 4482 1054 4542 sos,
1067 4496 1092 4530 n.
1107 4485 1178 4531 1111.

564 4647 677 4729 481.
1589 4665 1684 4746 1318,
1703 4683 1720 4725 1
1740 4685 1843 4728 mars.

567 4765 732 4849 Magistro
746 4765 845 4830 Petro
858 4764 966 4846 Fabri,
982 4767 1115 4831 notario
1135 4787 1232 4852 pape,
1255 4768 1472 4832 conseruntur
1487 4777 1583 4832 motu
1598 4767 1735 4853 proprio
1750 4767 1886 4832 canoni·

523 4879 627 4946 catus,
648 4869 818 4953 prebenda
844 4877 879 4933 et
906 4871 1058 4935 cantoria
1084 4871 1225 4935 ecclesie
1252 4870 1467 4936 Carnotensis
1488 4879 1647 4936 vacantes
1674 4891 1735 4956 per
1757 4869 1884 4934 obitum

522 4972 669 5057 magistri
683 4970 874 5055 Rayrnundi
889 4971 997 5050 Fabri,
1009 4973 1101 5038 Sedis
1113 4974 1298 5059 apostolice
1311 4975 1485 5060 capellani,
1498 4995 1566 5039 non
1577 4976 1735 5039 obstante
1752 4974 1841 5058 quod
1854 4973 1883 5037 in

524 5075 785 5160 petragoricensi
802 5077 1009 5141 scolastriarn
1025 5085 1059 5140 et
1075 5078 1108 5140 in
1125 5078 1155 5142 S.
1172 5077 1361 5162 Walburgis
1383 5078 1409 5141 F
1411 5079 1572 5157 urnensis,
1590 5076 1794 5142 Morinensis
1816 5076 1884 5141 dio-
