4409 6017
978 732 1160 800 Fornulaire
1180 810 1183 815 ,
1689 736 1750 803 LXI

418 891 464 936 tun
479 893 502 937 et
516 882 683 937 benivolum
702 880 805 937 adesse
824 883 876 936 tibi
894 880 1054 947 perceperis
1075 882 1104 935 in
1122 881 1341 936 exhibitionibus
1357 884 1519 951 gratiarum,
1537 884 1691 941 nobilitatis
1706 896 1754 941 tue

422 964 523 1027 precibus
545 965 680 1031 inclinati,
704 964 872 1019 auctoritate
895 964 947 1019 tibi
969 964 1146 1028 presentium
1176 964 1355 1028 indulgemus
1383 974 1415 1019 ut
1444 965 1698 1031 quotienscumque
1727 979 1755 1022 et

426 1046 628 1112 quandocumque
660 1048 791 1113 volueris,
823 1048 948 1111 aliquem
980 1047 1136 1101 discretum
1150 1048 1347 1111 presbyterum
1361 1049 1518 1102 secularem
1533 1049 1578 1103 vel
1591 1048 1754 1112 religiosum

431 1126 528 1182 utuum
544 1129 634 1194 possis
656 1129 764 1192 eligere
784 1130 985 1191 confessorem,
1007 1129 1055 1193 qui
1074 1129 1173 1184 audita
1197 1129 1377 1183 confessione
1401 1140 1449 1183 tua
1475 1129 1604 1193 injungat
1628 1130 1678 1184 tibi
1702 1148 1754 1197 pro

394 1208 395 1222 ¹
432 1209 550 1263 ommissis
568 1209 756 1276 penitentiam
776 1209 929 1265 salutarem
951 1219 979 1263 et
1000 1203 1173 1264 beneficium
1198 1209 1382 1264 absolutionis
1408 1210 1562 1275 impendat.

457 1288 566 1344 Volumus
587 1301 683 1345 tamen
705 1291 783 1356 quod
803 1291 842 1344 ad
863 1308 898 1345 ea
917 1308 1003 1355 super
1023 1291 1128 1354 quibus
1148 1291 1222 1344 loret
1244 1291 1334 1344 Sedes
1356 1290 1512 1355 apostolica
1534 1291 1634 1344 merito
1655 1307 1753 1344 consu·
1847 1357 1851 1365 Ι

436 1370 500 1434 lenda
516 1388 566 1427 non
588 1373 641 1426 nisi
663 1373 754 1427 semel
778 1373 919 1427 indultum
940 1372 1105 1435 hujusmodi
1118 1390 1150 1426 se
1166 1373 1310 1432 extendat,

461 1452 516 1506 Nulli
534 1465 580 1508 etc.
601 1464 698 1508 nostre
719 1454 910 1509 concessionis
931 1464 984 1508 etc.

462 1531 540 1586 Datum
556 1534 697 1589 Avinione
717 1536 774 1589 Vll
795 1536 852 1590 kal.
870 1534 941 1599 junii
960 1552 1035 1589 anno
1056 1535 1165 1600 quinto.

1040 1813 1113 1896 19.

442 2053 576 2115 rrcucra
601 2052 818 2116 accennare
842 2066 867 2115 A
891 2065 943 2115 un
968 2065 1222 2119 conrasssun
1256 2068 1308 2117 ns
1339 2053 1552 2117 concepere
1585 2043 1759 2115 L'rnnuc·

666 2169 798 2220 osnes
823 2155 1023 2219 peramans
1047 2163 1091 2212 nv
1112 2163 1302 2215 Anrrcruo
1325 2163 1478 2221 uorem.

1003 2289 1041 2351 (n.
1061 2290 1136 2351 928).

461 2457 536 2516 Eidem
559 2462 650 2517 nobili
674 2464 742 2527 [viro
766 2463 900 2524 Roberm,
926 2462 1021 2516 comiti
1046 2460 1199 2527 Flandriel.

460 2542 580 2601 Ferventis
602 2546 762 2600 devotionis
785 2556 811 2600 et
834 2546 902 2601 fidei
923 2548 1039 2619 puritas,
1061 2546 1165 2610 quibus
1185 2563 1253 2609 erga
1273 2547 1367 2599 Deum
1386 2556 1415 2599 et
1433 2547 1593 2599 Romanam
1613 2545 1762 2599 ecclesiam

437 2624 548 2685 splendere
567 2629 733 2692 dinosceris,
753 2644 806 2681 nos
826 2627 964 2681 inducunt
983 2637 1012 2680 ut
1032 2627 1079 2680 illa
1100 2626 1152 2679 tibi
1165 2627 1263 2679 lavore
1275 2626 1408 2680 benivolo
1420 2628 1619 2694 concedamus,
1633 2645 1685 2693 per
1697 2639 1761 2691 que,

436 2701 484 2758 sien
498 2708 536 2771 pie
554 2708 711 2773 desideras,
732 2708 904 2761 conscientie
922 2725 1031 2771 pacem,
1053 2708 1118 2760 Deo
1141 2707 1270 2771 propitio,
1294 2707 1484 2771 consequaris.

458 2783 509 2841 'luis
529 2789 626 2853 itaque
650 2789 903 2854 supplicationibus
929 2789 1062 2853 inclinati,
1085 2800 1142 2846 ut..
1168 2789 1315 2842 confessor
1337 2799 1409 2851 tuus,
1433 2788 1481 2853 qui
1507 2798 1548 2841 est
1572 2789 1616 2842 vel
1640 2789 1688 2853 qui
1712 2805 1764 2854 pro

436 2873 528 2932 tempore
545 2872 640 2933 luerit,
658 2871 747 2924 semel
766 2872 795 2924 in
811 2871 909 2923 mortis
927 2869 1044 2925 articulo
1063 2870 1191 2923 omnium
1213 2882 1395 2935 peccatorum
1414 2871 1450 2924 de
1472 2871 1574 2935 quibus
1595 2872 1680 2925 corde
1701 2889 1763 2925 con-

436 2945 490 3001 tritus
506 2963 529 3004 et
546 2970 597 3005 ore
617 2953 766 3005 confessus
786 2952 919 3015 extiteris,
938 2970 973 3006 ac
993 2969 1133 3017 penarum
1156 2952 1241 3005 etiam
1263 2951 1365 3017 quibus
1388 2962 1454 3005 tunc
1476 2968 1527 3017 pro
1549 2951 1673 3015 peccatis
1695 2950 1762 3015 ipsis

436 3029 472 3081 tris
486 3034 626 3098 obnoxius,
648 3051 712 3087 earn
734 3033 849 3099 plenam
870 3035 1064 3089 remissionem
1084 3052 1170 3098 quam
1191 3034 1313 3087 Romani
1332 3035 1708 3099 pontifices‘consueverunt
1726 3033 1764 3087 in-

436 3113 516 3167 terdum
531 3133 583 3180 per
601 3116 726 3179 speciale
746 3115 924 3179 privilegium
942 3117 1081 3180 aliquibus
1104 3117 1247 3181 impertiri,
1275 3116 1332 3179 tibi,
1358 3127 1498 3180 quatenus
1524 3118 1619 3170 claves
1645 3118 1763 3170 ecclesie

437 3196 606 3249 §centendunt
623 3205 650 3249 et
665 3206 779 3259 gratum
796 3197 825 3249 in
839 3197 928 3250 oculis
944 3197 1037 3250 divine
1052 3197 1211 3260 majestatis
1241 3198 1369 3263 extiterit,
1399 3198 1556 3251 concedere
1585 3197 1685 3260 valcat,
1713 3195 1763 3248 tibi

437 3276 568 3332 auctoritate
589 3280 765 3344 presentium
784 3280 972 3343 indulgemus,
994 3279 1035 3332 sic
1052 3289 1152 3331 tamen
1170 3280 1248 3343 quod
1267 3279 1341 3332 idem
1362 3278 1508 3332 confessor
1526 3279 1561 3333 de
1580 3278 1633 3333 hiis
1653 3279 1689 3332 de
1708 3278 1764 3342 qui-

394 3360 396 3397 2
438 3351 474 3408 bus
489 3359 562 3414 luerit
582 3361 665 3416 alteri
687 3361 843 3416 satisfactio
865 3362 1064 3427 impendenda,
1088 3378 1152 3415 eam
1177 3362 1229 3415 tibi
1253 3379 1304 3426 per
1329 3372 1357 3415 tc
1382 3362 1405 3415 si
1431 3362 1618 3425 supervixeris
1644 3362 1688 3414 vel
1715 3377 1765 3424 per

394 3477 396 3485 r
441 3428 529 3489 heredes
548 3448 610 3491 tuos
629 3439 654 3491 si
673 3449 741 3491 tunc
761 3440 836 3493 forte
856 3438 1007 3499 transieris,
1029 3439 1192 3493 faciendam
1216 3439 1353 3503 injungat,
1377 3456 1463 3503 quam
1486 3449 1516 3492 tu
1539 3440 1583 3491 vel
1608 3438 1646 3492 illi
1670 3438 1765 3490 lacere

441 3517 566 3580 tentamini,
586 3530 617 3572 ut
635 3521 785 3585 prefertur,

465 3594 524 3651 Nulli
543 3611 591 3655 etc.
612 3611 708 3655 nostre
729 3601 919 3656 concessionis
940 3611 993 3655 etc.

394 3694 395 3739 }
467 3674 551 3733 Datum
568 3682 709 3736 Avinioue
727 3682 784 3735 Vll
805 3682 862 3737 kal.
881 3682 951 3745 junii
970 3699 1046 3736 anno
1064 3683 1173 3748 quinto.

1037 3962 1118 4044 20.

450 4190 585 4260 Pleume
609 4201 821 4264 Acconmss
845 4214 871 4263 A
895 4214 947 4264 un
970 4214 1225 4265 consessaun
1251 4213 1303 4264 ns
1328 4212 1545 4264 msesnssn
1569 4212 1621 4262 us
1643 4190 1768 4263 L'Asss·

993 4317 1174 4369 truanes.

1015 4442 1052 4501 (n.
1073 4442 1146 4503 916).

480 4577 562 4645 Dilecto
585 4597 643 4649 lilio
668 4596 755 4650 nobili
781 4599 841 4651 viro
867 4599 1027 4666 Guillelmo,
1053 4600 1153 4654 comiti
1175 4599 1316 4653 Hanonie.

481 4658 587 4750 §nentes
601 4677 638 4729 ad
653 4695 806 4742 personam
822 4689 901 4733 tuam
916 4692 1034 4743 paterne
1049 4682 1210 4734 dilectionis
1235 4681 1380 4746 allectum,
1405 4680 1476 4734 votis
1501 4680 1555 4733 tuis
1580 4678 1702 4734 libenter
1726 4697 1771 4732 an·

455 4753 536 4803 nunnus
557 4769 579 4811 et
600 4779 655 4826 que
678 4761 843 4825 suppliciter
867 4763 997 4825 deposcis
1022 4762 1218 4817 favorabiliter
1240 4763 1413 4818 exaudimus.
1613 4823 1617 4829 ¹

482 4822 536 4883 Sane
552 4855 581 4891 ex
599 4853 679 4906 parte
701 4853 750 4896 tua
770 4844 822 4896 fuit
844 4844 1002 4907 expositum
1024 4860 1122 4897 coram
1144 4844 1225 4897 nobis
1246 4843 1323 4908 quod
1344 4844 1509 4909 frequenter
1528 4844 1565 4897 ad
1587 4853 1664 4897 tuam
1688 4852 1715 4895 et
1735 4841 1773 4894 di-

457 4896 508 4958 ¹⁰00
523 4912 544 4967 ln
560 4921 664 4977 Christo
684 4925 743 4978 filie
761 4926 891 4988 Johanne
909 4927 946 4979 de
967 4926 1089 4987 Valesio,
1102 4926 1245 4980 comitisse
1263 4927 1404 4992 Hanonie‚
1421 4930 1556 4981 consortis
1572 4936 1629 4990 tue,
1644 4943 1774 4981 mensam

458 4994 551 5050 nonnulli
569 5006 686 5069 religiosi
706 5007 882 5060 diversorum
903 5008 1033 5061 ordinum
1055 5009 1207 5068 declinant,
1231 5009 1333 5073 quibus
1356 5025 1435 5062 esum
1458 5008 1584 5061 carnium
1606 5007 1774 5070 religionum

458 5077 541 5163 ⁵¹¹²fl¹m
560 5086 732 5142 observantia
758 5089 904 5143 interdicit.
1484 5082 1489 5091 ⁴

486 5147 530 5206 ΜΒ
550 5162 624 5227 igitur
647 5171 702 5224 tuis
729 5172 981 5236 supplicationibus
1007 5173 1142 5237 inclinati,
1170 5173 1309 5226 nobilitati
1334 5184 1381 5225 tue
1408 5171 1574 5225 auctoritate
1600 5168 1774 5234 presentium
