4409 6017
486 690 548 755 442
1032 694 1177 776 Septibme
1197 698 1299 764 annin

531 857 610 924 Dat.
625 858 726 924 Avin.
743 880 761 944 3
777 858 844 926 kal.
856 860 940 946 junii
955 882 1046 927 anno
1062 880 1091 945 7.

531 958 571 1025 In
587 983 616 1027 e.
632 983 678 1029 m.
694 962 726 1029 S.
742 960 777 1028 N
780 963 878 1030 icolai
898 964 941 1030 de
957 965 1065 1030 Pratis
1086 966 1183 1050 juxta
1206 961 1396 1029 Tomacum
1421 970 1457 1027 et
1472 961 1697 1044 viconiensis,
1713 963 1849 1029 Atreba-

486 1064 591 1131 tensis
613 1063 766 1148 diocesis,
783 1068 1063 1134 monasteriorum
1078 1067 1257 1135 abbatibus
1276 1088 1317 1134 ac
1332 1066 1483 1132 Oliverio
1507 1066 1551 1132 de
1571 1066 1733 1149 Cerzeto,
1758 1086 1848 1134 cano

487 1168 566 1234 nico
588 1168 747 1252 Eduensi,
763 1172 940 1258 capellano
955 1193 1053 1259 pape.

521 1302 581 1360 Rea.
598 1306 646 1353 Av.
660 1305 696 1364 18,
709 1305 727 1354 1.
742 1306 802 1354 586*
814 1322 820 1364 ;
832 1305 893 1358 Vat.
908 1309 946 1366 rt,
961 1307 978 1355 i.
991 1308 1060 1366 338¹,
1073 1320 1099 1354 n,
1112 1306 1168 1353 964.

534 1467 674 1550 1180.
1495 1498 1497 1502 ’
1555 1500 1656 1563 1323,
1668 1498 1719 1562 30
1735 1478 1826 1542 mai*

534 1584 694 1670 Emuld0,
724 1596 807 1655 nato
835 1587 1007 1673 quondam
1021 1587 1041 1666 J
1045 1587 1188 1654 ohannis
1209 1587 1252 1654 de
1277 1586 1354 1670 Los,
1372 1587 1500 1668 militis,
1522 1585 1701 1653 confertur
1722 1581 1851 1651 canoni·

488 1699 583 1758 catus
612 1692 755 1758 ecclesie
786 1691 984 1759 Leodiensis
1014 1695 1075 1759 sub
1100 1693 1338 1779 expectatione
1368 1690 1550 1780 prebende,
1581 1690 1850 1757 consideratione

488 1795 609 1875 Caroli,
625 1796 723 1883 regis,
740 1806 776 1863 et
793 1795 913 1879 Marie,
929 1798 1044 1884 regine
1060 1797 1210 1864 Francie.

532 1899 626 1966 Sedis
641 1901 867 1987 apostolice...

532 2004 613 2070 Dat.
628 2004 730 2070 Avin.
748 2025 765 2089 3
783 2004 849 2071 kal.
863 2006 947 2090 junii
964 2026 1054 2072 anno
1071 2023 1100 2091 7.

533 2107 573 2174 In
590 2130 620 2175 e.
637 2130 681 2174 m.
698 2109 811 2175 abbati
828 2111 1022 2177 monasterii
1039 2111 1070 2178 S.
1086 2110 1106 2189 J
1109 2110 1205 2177 acobi
1231 2118 1266 2176 et
1280 2109 1411 2176 decano
1426 2110 1458 2175 S.
1480 2109 1576 2176 Pauli
1592 2108 1796 2176 Leodieusis
1816 2130 1851 2176 ac

488 2212 640 2278 Oliverio
654 2213 697 2279 de
714 2212 866 2295 Cerreto,
882 2215 1047 2282 canonico
1065 2214 1229 2281 Eduensis
1251 2214 1477 2295 ecclesiarum,
1493 2214 1675 2299 capellano
1691 2233 1792 2300 pape.

522 2347 584 2406 aeg.
595 2349 644 2397 Ar.
657 2349 694 2408 18,
706 2349 726 2398 i.
738 2350 802 2406 58&
816 2349 873 2399 Vat.
889 2351 926 2409 74,
941 2351 958 2399 i.
974 2352 1040 2408 339',
1054 2365 1078 2400 n.
1094 2353 1149 2399 966.

536 2517 666 2600 1181.
1385 2580 1394 2595 .
1560 2550 1718 2614 1323,3o
1733 2532 1813 2596 moi.

536 2634 722 2702 Bertrando
732 2634 855 2722 Vigerii
868 2638 1085 2703 conferuntur
1095 2636 1139 2702 de
1151 2657 1242 2702 novo
1251 2638 1469 2703 canonicatus
1480 2643 1516 2701 et
1527 2635 1703 2721 prebenda
1714 2635 1852 2701 ecclesie

492 2735 709 2821 Nivellensis,
720 2739 916 2807 Leodiensis
924 2741 1078 2823 diocesis,
1088 2761 1148 2827 per
1157 2740 1286 2806 obitum
1303 2739 1392 2806 Petri
1407 2739 1488 2805 dicti
1506 2738 1668 2826 Halappe
1685 2747 1852 2805 vacantes.

536 2948 554 2990 (
572 2927 708 2993 1)11661ο
731 2927 801 2993 filio
816 2925 1004 2994 Bertrando
1027 2928 1160 3013 Vigerii,
1182 2927 1348 2994 canonico
1371 2925 1513 2993 ecclesie
1530 2924 1752 3008 Nivellensis,
1772 2926 1852 2991 Leo

489 3027 613 3096 diensis
634 3030 787 3098 diocesis.
815 3031 1017 3098 Litterarum
1044 3032 1224 3098 scientia...
1253 3030 1339 3096 Sane
1363 3029 1484 3117 petitio
1506 3037 1565 3096 tua
1585 3030 1687 3096 nobis
1705 3030 1853 3096 exhibita

490 3133 686 3199 continebat
704 3135 794 3219 quod
810 3136 889 3201 olim
908 3136 1110 3201 auctoritate
1130 3135 1316 3201 litterarum
1340 3144 1540 3214 nostrarum,
1565 3154 1648 3219 quas
1663 3155 1768 3221 super
1783 3153 1853 3219 pro·

489 3237 619 3303 visione
641 3239 702 3304 tibi
722 3238 874 3306 facienda
896 3241 938 3306 de
962 3240 1129 3306 beneficio
1146 3240 1376 3306 ecclesiastico
1399 3258 1476 3304 cum
1495 3258 1574 3304 cura
1592 3239 1648 3304 vel
1672 3240 1748 3304 sine
1769 3260 1852 3317 cura,

490 3344 583 3430 cujus
594 3343 743 3409 redditus
758 3353 793 3410 et
808 3354 1001 3431 proventus,
1018 3346 1044 3410 si
1057 3345 1129 3410 sine
1145 3366 1223 3411 cura
1234 3345 1392 3410 existeret
1407 3364 1446 3427 30
1459 3343 1515 3408 lib.
1526 3351 1590 3409 tur.
1601 3364 1696 3429 parv.
1708 3365 1852 3410 annuam

490 3468 560 3512 non
575 3448 777 3513 excederent
794 3450 1031 3533 quantitatem,
1051 3457 1229 3535 spectante
1249 3448 1292 3513 ad
1315 3448 1535 3513 collationem
1552 3448 1606 3512 vel
1630 3449 1853 3534 presentatio·

491 3571 569 3615 nem
585 3550 709 3617 dilecte
721 3553 755 3617 in
769 3552 903 3618 Christo
918 3554 982 3617 filie
994 3604 1020 3619 ..
1038 3553 1207 3618 abbatisse
1223 3552 1377 3618 secularis
1389 3551 1530 3616 ecclesie
1541 3550 1575 3616 N
1579 3552 1762 3632 ivellensis,
1773 3551 1852 3617 Leo

491 3655 615 3721 diensis
624 3657 777 3737 diocesis,
794 3658 819 3723 si
833 3659 924 3742 quod
936 3658 1119 3723 incivitate
1131 3659 1186 3722 vel
1198 3656 1322 3723 diocesi
1335 3655 1591 3736 Leodiensi,ubi
1605 3664 1642 3719 tu
1653 3664 1852 3741 perpetuam

491 3759 638 3843 elegeras
663 3762 883 3842 mansionem,
908 3771 991 3826 tunc
1015 3769 1160 3841 vacaret,
1186 3762 1241 3825 vel
1266 3760 1515 3845 quamprimum
1538 3758 1581 3824 ad
1602 3758 1636 3822 id
1659 3779 1698 3823 se
1722 3759 1852 3824 offerret

492 3861 641 3944 facultas,
657 3863 701 3928 ad
716 3866 943 3931 venerabilem
959 3866 1094 3930 fratrem
1111 3874 1301 3930 nostrum..
1326 3864 1520 3950 episcopum
1541 3861 1782 3943 Leodiensem,
1798 3866 1853 3929 sub

492 3986 532 4029 ea
548 3966 654 4030 torma
669 3969 852 4034 secundum
870 3989 970 4054 quam
986 3989 1047 4056 pro
1070 3968 1269 4055 pauperibus
1286 3967 1414 4033 clericis
1429 3965 1671 4031 beneficiandis
1687 3967 1852 4031 interdum

492 4069 635 4134 scribere
651 4073 895 4152 consuevimus,
913 4074 1109 4159 impetratas
1136 4071 1361 4159 [direximus],
1385 4071 1427 4136 de
1447 4070 1619 4155 prebenda
1635 4070 1789 4155 ejusdem
1805 4090 1853 4133 ec·

493 4173 592 4237 616616
608 4193 667 4257 per
683 4175 812 4241 obitum
829 4176 1000 4260 quondam
1017 4176 1108 4241 Petri
1126 4176 1207 4240 dicti
1226 4173 1393 4261 Halappe,
1413 4173 1564 4240 canonici
1581 4173 1687 4259 ipsius
1704 4174 1852 4249 ecclesie,

492 4284 574 4341 tunc
595 4287 748 4360 vacante,
772 4280 931 4363 quoniam
945 4280 1040 4364 juxta
1066 4279 1234 4345 dictarum
1256 4279 1443 4343 litterarum
1468 4278 1610 4343 formam
1634 4277 1697 4342 tibi
1724 4298 1851 4363 compe·

492 4387 568 4443 tens
583 4382 784 4447 beneficium
800 4404 872 4448 6666
889 4383 1049 4448 credebas
1065 4384 1193 4468 tibique
1209 4382 1252 4447 de
1265 4383 1337 4467 jure
1353 4382 1476 4462 deberi,
1498 4381 1560 4447 fuit
1575 4381 1751 4467 provisum
1767 4377 1851 4446 etad

494 4482 585 4547 illam
614 4506 674 4569 per
692 4487 875 4571 capitulum
903 4487 1051 4572 ejusdem
1076 4489 1218 4553 ecclesie
1242 4496 1397 4572 receptus
1419 4486 1545 4551 ibidem
1561 4485 1653 4550 fuisti
1669 4485 1705 4549 in
1722 4486 1851 4552 canoni·

494 4609 571 4653 cum
596 4598 630 4653 et
652 4590 684 4653 in
704 4592 848 4657 fratrem.
873 4591 997 4656 Verum
1021 4592 1191 4676 quondam
1214 4592 1372 4675 magister
1395 4590 1594 4655 Guillelmus
1610 4589 1654 4655 de
1673 4589 1850 4667 Casseleto,

494 4693 643 4774 61611666,
660 4714 809 4761 asserens
825 4696 885 4760 sibi
902 4696 943 4760 de
960 4695 1049 4761 dicta
1065 4696 1235 4782 prebenda
1251 4696 1413 4761 canonice
1429 4715 1488 4780 per
1511 4694 1638 4759 dictam
1654 4695 1850 4762 abbatissam

494 4799 593 4862 tuisse
617 4798 787 4881 provisum
812 4819 953 4882 eamque
975 4820 1141 4865 summam
1157 4798 1318 4863 excedere
1335 4799 1367 4862 in
1385 4798 1484 4864 dictis
1499 4796 1621 4862 litteris
1637 4800 1851 4885 comprehen-

494 4920 576 4980 sam,
587 4912 622 4968 te
638 4925 750 4968 coram
763 4906 893 4989 prefato
909 4907 1070 4991 episcopo
1083 4914 1262 4970 executore
1275 4905 1334 4969 tibi
1352 4925 1411 4989 per
1425 4904 1532 4971 dictas
1548 4904 1679 4969 litteras
1695 4904 1851 4990 deputato

494 5026 593 5091 super
614 5006 703 5072 dicta
718 5009 888 5091 prebenda
905 5009 1106 5073 auctoritate
1129 5008 1293 5073 dictarum
1310 5008 1505 5087 litterarum,
1521 5008 1625 5072 traxit
1648 5007 1683 5072 in
1700 5027 1850 5081 causum;

495 5112 549 5195 qui
581 5111 614 5174 in
642 5111 830 5195 hujusmodi
858 5133 957 5176 causa
985 5112 1168 5197 procedens
1199 5111 1410 5177 diffinitivam
1438 5121 1555 5177 contra
1585 5120 1620 5175 te
1652 5111 1852 5177 sententiam
