4409 6017
911 721 1057 788 premiere
1077 722 1180 787 anne‘e.

417 866 494 933 Cum
509 868 694 937 dilectus...

415 971 486 1039 Dat.
503 974 608 1039 Avin.
629 993 665 1059 15
679 974 745 1041 kal.
758 975 831 1060 julii
848 994 939 1041 anno
958 994 985 1040 1.

405 1099 456 1162 Beg.
467 1104 548 1152 Asin.
561 1106 584 1163 6,
596 1104 615 1152 f.
627 1105 687 1152 323v
699 1120 705 1161 ;
720 1104 777 1153 Vnt.
789 1106 829 1163 66,
838 1104 856 1153 f.
869 1106 907 1164 52,
920 1120 945 1154 n.
954 1106 1026 1154 3194.

412 1265 525 1351 364.
1394 1282 1527 1371 [1317],
1545 1302 1585 1367 17
1595 1283 1683 1367 juin.

412 1387 678 1473 archiepiscopo
693 1386 891 1452 Treverensi
919 1394 953 1452 et
978 1386 1139 1474 episcopo
1155 1386 1335 1453 Leodiensi
1362 1407 1402 1454 ac
1426 1388 1586 1474 magistro
1602 1388 1727 1455 Bosolo

403 1512 412 1554 3
443 1490 569 1556 Parma
606 1490 785 1555 mandatur
814 1495 980 1574 quatenus
1009 1490 1216 1557 denuncient
1247 1490 1380 1577 publice
1418 1492 1727 1558 excommunicatos

403 1595 561 1661 >hannem
576 1593 618 1660 de
635 1593 826 1672 Lamullier,
843 1591 1040 1660 Leodiensis
1054 1594 1208 1675 diocesis,
1231 1603 1267 1660 et
1282 1595 1353 1680 ejus
1368 1596 1551 1681 complices
1566 1596 1622 1682 qui
1639 1596 1727 1662 Ade-

404 1699 508 1765 arium
523 1698 567 1764 de
584 1696 748 1779 Valentia,
765 1696 926 1762 comitem
946 1696 1166 1764 Pembrochie
1184 1699 1242 1783 (¹),
1259 1701 1300 1763 ab
1318 1697 1485 1780 Eduard0‚
1501 1720 1578 1785 rege
1594 1699 1725 1784 Anglie,

404 1802 413 1867 l
428 1823 556 1889 papam
577 1802 725 1883 missum,
741 1802 878 1887 ejusque
894 1802 1009 1882 filium,
1025 1802 1165 1868 domum
1180 1802 1360 1869 redeuntes
1375 1810 1410 1869 et
1426 1823 1485 1889 per
1500 1804 1727 1870 Senonensem

407 1905 529 1971 ocesim
546 1914 734 1990 pergentes,
751 1915 913 1992 ceperunt
926 1915 961 1972 et
970 1907 1080 1974 adhuc
1095 1906 1252 1973 detinent
1267 1907 1467 1993 captivatos.

415 2078 696 2145 «venerabilibus
707 2079 874 2146 fratribus
885 2131 891 2146 .
902 2080 1157 2165 archiepiscopo
1172 2078 1370 2146 Treverensi
1387 2089 1452 2146 et..
1469 2079 1631 2167 episcopo
1644 2079 1728 2147 Leo-

406 2183 472 2248 ensi
490 2203 532 2249 ac
547 2182 673 2249 dilecto
689 2184 758 2250 filio
774 2183 900 2251 Bosolo
914 2185 957 2250 de
974 2183 1102 2250 Parma.
1127 2183 1272 2250 Gravem
1295 2184 1476 2251 admodum
1497 2194 1533 2251 et
1555 2205 1728 2251 enormem

403 2307 544 2353 rcessum
559 2287 676 2353 diebus
691 2288 860 2374 preteritis
875 2289 909 2353 in
926 2287 1067 2354 Francie
1082 2287 1232 2370 partibus
1252 2290 1294 2353 ab
1317 2288 1501 2374 iniquitatis
1520 2290 1596 2357 filiis
1612 2312 1728 2379 perpe·

403 2400 492 2455 atum
508 2411 579 2467 non
594 2390 666 2457 sine
678 2392 802 2459 mentis
813 2392 1034 2458 amaritudine
1044 2401 1268 2474 recensentes,
1280 2392 1323 2458 ad
1333 2394 1577 2461 correctionem
1587 2407 1622 2463 et
1634 2396 1729 2483 puni-

403 2514 496 2559 onem
522 2494 610 2559 illius
634 2495 758 2562 affectu
779 2517 821 2562 eo
843 2497 1041 2583 promptiori
1066 2496 1304 2582 consurgimus,
1330 2517 1398 2582 quo
1421 2497 1610 2565 evidentius
1625 2499 1729 2579 illum,

403 2606 480 2663 eter
488 2597 642 2664 divinam
651 2599 825 2681 offensam,
836 2601 869 2666 in
879 2610 1029 2667 nostram
1039 2609 1074 2667 et
1085 2602 1270 2688 apostolice
1280 2600 1373 2687 Sedis
1383 2601 1535 2688 injuriam
1546 2611 1581 2669 et
1593 2602 1730 2670 scanda-

404 2723 437 2767 m
447 2703 668 2789 plurimorum
684 2704 868 2770 redundare
884 2705 1047 2772 videmus.
1061 2705 1197 2771 Etenim
1208 2727 1285 2773 cum
1295 2706 1437 2773 dilectus
1451 2707 1539 2773 filius
1554 2707 1673 2773 nobilis
1682 2706 1732 2771 vir

403 2810 571 2876 demarius
582 2810 624 2876 de
635 2808 799 2890 Valentia,
809 2830 923 2875 comes
936 2808 1166 2891 Pembrochie,
1177 2811 1233 2896 qui
1246 2830 1401 2877 unacum
1413 2810 1657 2885 venerabilibus
1669 2810 1731 2876 sra-

403 2913 475 2980 ibus
497 2915 652 2981 nostris..
679 2913 879 2980 Norvicensi
903 2922 968 2980 et..
994 2913 1121 2980 Eliensi
1144 2914 1309 3001 episcopis
1323 2935 1363 2981 ac
1378 2914 1547 2980 nonnullis
1566 2914 1731 2980 nobilibus

403 3019 508 3104 ›llegis
520 3039 637 3085 eorum
650 3038 708 3105 per
720 3017 925 3084 carissimum
936 3018 968 3082 in
981 3016 1116 3084 Christo
1126 3018 1230 3084 filium
1242 3027 1394 3085 nostrum
1406 3017 1608 3098 Eduardum‚
1618 3038 1731 3103 regem

403 3123 491 3208 nglie
508 3123 680 3203 illustrem,
696 3122 739 3188 ad
754 3143 816 3187 nos
831 3129 866 3187 et
878 3121 994 3188 fratres
1017 3130 1150 3188 nostros
1173 3142 1234 3208 pro
1256 3123 1385 3208 magnis
1408 3130 1443 3187 et
1464 3122 1574 3187 arduis
1589 3121 1731 3207 negotiis

403 3248 562 3293 omanam
586 3226 761 3293 ecclesiam
786 3234 820 3291 et
843 3246 957 3310 regem
978 3226 1250 3310 contingentibus
1265 3225 1484 3307 antedictum,
1509 3227 1616 3292 iuerat
1630 3224 1731 3291 desti-

403 3342 479 3411 rtus,
497 3332 635 3417 expleto
651 3352 708 3395 sue
725 3329 901 3414 legationis
917 3328 1030 3395 officio
1046 3337 1081 3394 et
1096 3349 1196 3415 super
1208 3330 1287 3415 ipsis
1299 3329 1441 3415 negotiis
1455 3351 1475 3395 a
1490 3329 1587 3395 nobis
1603 3338 1638 3394 et
1654 3328 1733 3414 ipsis

403 3437 527 3503 atribus
541 3441 679 3520 recepto
694 3453 866 3519 responso,
884 3432 928 3499 ad
944 3433 1037 3498 illum
1053 3433 1110 3517 qui
1127 3454 1161 3498 se
1177 3433 1311 3500 miserat
1326 3433 1468 3515 redienS,
1485 3454 1562 3499 cum
1574 3432 1733 3499 comitiva

403 3563 427 3605 a
439 3560 501 3626 per
517 3538 747 3603 Senonensem
757 3536 916 3602 diocesim
927 3544 1080 3621 pergeret
1093 3535 1312 3618 confidenter,
1322 3537 1425 3602 veluti
1440 3537 1491 3603 cui
1503 3537 1594 3601 nulla
1606 3543 1678 3601 erat
1691 3536 1733 3601 de

404 3653 468 3708 >ste
485 3641 630 3727 suspicio
645 3649 680 3705 et
696 3640 747 3705 cui
765 3641 985 3725 pollicebatur
1001 3646 1088 3703 terre
1105 3638 1335 3723 tranquillitas,
1352 3639 1414 3703 iter
1429 3646 1551 3717 tutum,
1572 3636 1734 3722 dampna-

403 3744 631 3830 )nisalumpni
642 3743 817 3821 Johannes
829 3743 938 3808 dictus
953 3742 995 3807 de
1012 3741 1201 3821 Lamullier,
1219 3741 1414 3808 Leodiensis
1430 3742 1580 3822 diocesis,
1593 3740 1734 3806 etmulti

403 3850 545 3929 tellites,
559 3849 629 3932 ejus
645 3847 837 3932 complices,
849 3848 978 3931 equites
990 3857 1025 3912 et
1037 3846 1177 3933 pedites,
1190 3846 1289 3912 armis
1305 3846 1422 3912 muniti
1436 3846 1621 3933 prohibitis,
1635 3845 1735 3931 ipsius

403 3953 506 4018 >mitis
521 3952 765 4038 presentientes
789 3952 982 4031 adventum,
998 3950 1117 4036 positis
1133 3971 1228 4017 secus
1250 3951 1338 4016 viam
1365 3950 1499 4031 insidiis,
1525 3949 1587 4015 Dei
1615 3950 1734 4014 timore

404 4058 564 4143 >stposit0
591 4065 771 4140 nostraque
787 4064 822 4120 et
838 4055 928 4120 dicte
944 4055 1038 4120 Sedis
1054 4055 1242 4120 reverentia
1258 4055 1392 4140 penitus
1407 4058 1563 4141 relegata,
1581 4054 1613 4118 in
1632 4054 1735 4119 comi-

403 4184 443 4227 m
469 4161 588 4248 ipsum,
614 4160 665 4225 cui
691 4181 710 4225 a
734 4169 849 4225 nostra
873 4159 1040 4245 presentia
1067 4159 1220 4224 redeunti
1247 4160 1387 4225 liberet
1414 4168 1506 4225 tutus
1530 4159 1645 4225 debuit
1662 4179 1734 4223 esse

403 4287 549 4351 gressus,
566 4285 642 4331 cunr
658 4273 692 4328 et
708 4264 808 4347 legati
826 4264 972 4329 hostium
998 4264 1097 4348 plena
1125 4263 1360 4329 consueverint
1388 4262 1566 4329 securitate
1582 4263 1736 4347 gaudere,

403 4369 557 4435 fmerariis
572 4368 705 4433 ausibus
721 4368 896 4447 irruerunt,
912 4377 957 4446 et,
975 4368 1152 4432 sententiis
1175 4388 1235 4453 per
1250 4368 1370 4433 Sedem
1395 4368 1501 4452 ipsam
1517 4367 1736 4453 promulgatis

403 4497 413 4540 r
431 4475 512 4541 olim
529 4482 565 4538 et
581 4492 640 4558 per
656 4493 718 4537 nos
734 4472 838 4536 etiam
854 4471 1031 4557 publicatis
1048 4471 1080 4535 in
1099 4472 1174 4536 illos
1190 4470 1244 4557 qui
1258 4471 1300 4536 ad
1311 4471 1495 4556 predictam
1512 4471 1631 4536 Sedem
1643 4492 1736 4536 acce·

403 4579 530 4644 entibus
546 4585 581 4641 et
607 4578 649 4640 ah
675 4576 730 4640 illa
746 4575 961 4640 redeuntibus
990 4575 1123 4659 injurias
1150 4596 1207 4640 seu
1231 4575 1410 4641 violentias
1427 4576 1581 4655 inferunt,
1598 4574 1736 4640 omnino

404 4680 591 4766 intemptis,
609 4679 715 4765 ipsum
733 4680 891 4745 comitem
910 4688 944 4744 et
960 4679 1102 4744 dilectos
1126 4679 1211 4744 filios
1227 4679 1356 4745 nobiles
1372 4680 1459 4745 virus
1484 4679 1668 4745 Henricunr
1695 4679 1736 4744 de

405 4785 543 4861 aientia,
577 4782 679 4847 filium
710 4786 907 4861 naturalem,
938 4782 1132 4860 Johannem
1163 4783 1204 4848 de
1236 4785 1499 4868 Agonastwone,
1530 4784 1663 4866 milites,
1702 4793 1736 4848 et

404 4892 573 4956 alrannem
605 4886 750 4966 Merlini,
782 4889 1007 4968 domicellum,
1039 4886 1216 4953 familiares
1254 4888 1363 4973 ipsius,
1395 4889 1546 4954 manibus
1584 4887 1738 4953 violentis

413 5082 434 5126 l.
453 5077 584 5125 Adhdmar
595 5077 627 5125 du
640 5077 758 5134 valerna»,
768 5086 851 5127 comte
859 5079 891 5126 do
901 5077 1047 5134 l'enrhrokc,
1055 5076 1150 5140 etloum
1159 5077 1182 5124 lu
1194 5079 1220 5123 lr'r
1228 5075 1314 5137 juillet.
1325 5079 1384 5124 1321
1400 5076 1482 5125 liar-re
1493 5077 1525 5124 do
1537 5076 1675 5125 Chirtillon.
1689 5075 1740 5124 tillo

404 5179 409 5209 e
422 5163 483 5221 (luy
499 5158 534 5207 lv
545 5159 578 5208 de
590 5160 730 5208 Chirtillon.
742 5167 826 5209 comte
837 5161 869 5208 dc
882 5160 1014 5207 saint-rol
1026 5159 1197 5220 (Dictionurns
1208 5158 1363 5217 as'rurtiorurl
1377 5158 1527 5221 hirryraphp.
1540 5166 1558 5215 t,
1572 5158 1605 5209 ll.
1619 5173 1643 5220 p.
1656 5160 1724 5215 289).
