4409 6017
890 740 1037 807 lluitibme
1057 739 1161 807 anuto.
1653 734 1708 805 515

309 977 311 981 μ
345 887 551 970 admisimus,
576 896 611 955 et
635 906 717 976 quas
743 891 961 976 imposterum
987 890 1106 956 offeret
1130 855 1335 956 intendimus
1365 889 1516 956 similiter
1542 889 1709 954 exaudire.

309 1009 311 1015 ’
345 992 427 1058 Dat.
444 1003 481 1058 ut
497 1013 596 1078 supra
614 992 732 1080 [Avin.
748 994 857 1060 idibus
873 993 1002 1079 augusti
1018 1014 1109 1059 anno
1126 993 1175 1079 8].
1189 1014 1208 1056 9

381 1138 442 1200 ang.
456 1142 513 1190 rar..
529 1144 582 1199 112,
597 1155 657 1204 para
669 1143 703 1198 11,
716 1143 734 1191 1.
748 1137 787 1202 ra,
798 1149 824 1192 ll.
840 1142 895 1193 sua.

394 1306 534 1389 1376.
1406 1336 1502 1400 1324,
1519 1317 1561 1381 16
1577 1323 1666 1381 nortl.

390 1424 541 1491 Gerardo
565 1424 702 1491 Gerardi
738 1423 812 1489 Tile
838 1424 1008 1490 confertur
1040 1424 1258 1490 canonicatus
1292 1418 1433 1489 ecclesie
1471 1420 1710 1501 Cennacensis,

345 1526 543 1593 Leodiensis
558 1528 710 1610 diocesis,
727 1530 787 1595 sub
804 1528 1042 1615 expectatione
1059 1527 1240 1613 prebende.

390 1631 563 1697 Attributa
579 1632 683 1699 tibi...

390 1734 470 1800 Dat.
486 1735 585 1800 Avin.
607 1754 643 1819 17
658 1734 725 1801 kal.
742 1735 940 1822 septembris
956 1755 1046 1800 anno
1067 1737 1096 1800 8.

392 1836 432 1901 ln
448 1859 477 1903 e.
494 1860 538 1903 m.
555 1838 667 1905 abbati
682 1840 878 1906 monasterii
895 1839 927 1905 S.
943 1837 1061 1916 Jacobi
1078 1841 1118 1903 et'
1129 1836 1277 1915 Johanni
1288 1836 1330 1903 de
1342 1836 1491 1916 Hoxem,
1505 1834 1711 1914 Leodiensis

317 1938 386 2006 'ac
422 1938 552 2017 Jacobo
590 1941 633 2007 de
666 1940 810 2021 Mutina,
849 1941 1110 2023 Cameracensis,
1147 1942 1323 2027 capellano
1359 1962 1456 2027 pape,
1495 1941 1711 2007 ecclesiarum

346 2064 531 2111 canonica.

382 2187 444 2247 neg.
457 2190 504 2236 nv.
517 2191 555 2245 21,
568 2188 585 2235 1.
602 2189 648 2235 999
662 2204 667 2235 ;
683 2188 740 2239 rat.
755 2191 795 2246 rr,
807 2190 824 2237 r.
838 2191 906 2247 199,
916 2202 941 2237 n.
953 2191 1024 2238 1152.

397 2351 534 2436 1377.
1408 2382 1503 2447 1324,
1520 2362 1561 2426 16
1577 2367 1666 2428 corti.

392 2467 562 2554 Adulph0,
578 2470 738 2555 episcopo
755 2468 943 2550 Leodiensi,
961 2468 1157 2535 conceditur
1171 2468 1313 2534 facultas
1328 2467 1470 2533 faciendi
1481 2466 1583 2552 recipi
1594 2465 1712 2530 decem

346 2592 510 2658 personas
536 2573 569 2636 in
597 2572 777 2638 canonicos
803 2576 863 2638 sub
888 2573 1127 2659 expectatione
1154 2571 1400 2657 prebendarum
1417 2571 1450 2635 in
1475 2570 1593 2636 decern
1610 2568 1713 2634 colle·

347 2676 448 2759 glatie
471 2676 620 2742 ecclesiis
648 2697 705 2741 sue
729 2676 882 2755 diocesis,
899 2678 932 2741 in
960 2677 1078 2761 quibus
1105 2676 1148 2741 ad
1174 2676 1284 2761 ipsum
1311 2695 1378 2739 non
1406 2673 1554 2760 pertinet
1577 2671 1713 2737 collatio

348 2779 606 2866 prebendarum,
622 2781 693 2845 sine
710 2781 891 2867 prejudicio
907 2781 1042 2846 alterius
1058 2780 1226 2846 facultatis
1242 2779 1303 2865 ipsi
1320 2778 1445 2844 dudum
1462 2797 1621 2843 concesse
1635 2780 1692 2860 (ὲ).

396 2883 451 2948 Ob
467 2883 589 2948 eximie
604 2892 703 2950 tue...

396 2987 475 3053 Dat.
492 2988 592 3053 Avin.
614 3008 649 3071 17
665 2987 731 3053 kal.
748 2988 949 3074 septembris
964 3008 1055 3054 anno
1072 2990 1102 3053 8.

384 3126 445 3186 ch.
459 3128 505 3174 Ar.
521 3128 561 3183 21,
576 3126 593 3174 f.
609 3128 669 3173 225ν
680 3142 685 3183 ;
695 3125 755 3175 Var.
772 3128 808 3185 77,
823 3127 840 3174 f.
853 3127 906 3184 2313,
921 3141 945 3174 n.
964 3126 1035 3175 1654.

398 3287 539 3373 1378-
1406 3319 1502 3382 1324,
1521 3299 1562 3363 16
1579 3305 1667 3363 anre.

395 3404 559 3490 Magistro
575 3403 733 3489 Philippo
750 3401 862 3482 Bruni‚
878 3402 1007 3468 decano
1030 3404 1171 3469 ecclesie
1195 3405 1226 3470 S.
1242 3402 1357 3468 Crucis
1383 3400 1589 3481 Leodiensis,
1606 3402 1712 3467 indul-

347 3517 446 3594 getur
480 3517 616 3594 propter
651 3505 851 3571 tenuitatem
888 3504 1055 3571 fructuum
1097 3506 1247 3592 ejusdem
1274 3506 1456 3572 decanatus
1482 3507 1539 3591 (25
1566 3506 1621 3571 lib.
1648 3515 1712 3571 tur.

347 3615 471 3699 para),
481 3632 581 3696 quem
594 3631 671 3676 cum
687 3610 938 3695 dispensatione
953 3630 1052 3695 super
1066 3609 1202 3676 defectu
1218 3612 1380 3676 natalium
1396 3612 1542 3678 obtinuit
1552 3611 1610 3697 (2),
1623 3611 1714 3696 quod

348 3717 488 3782 dimisso
502 3714 669 3781 decanatu
684 3712 846 3799 predict0,
863 3713 916 3780 cui
932 3734 1010 3780 cura
1021 3715 1174 3780 imminet
1185 3716 1381 3796 animarum,
1394 3716 1494 3781 aliam
1514 3714 1714 3800 dignitatem

349 3840 409 3886 seu
430 3827 648 3905 personatum
674 3819 727 3882 vel
755 3816 902 3882 officium
929 3817 1078 3903 recipere
1104 3825 1138 3883 et
1165 3838 1232 3883 una
1258 3838 1335 3885 cum
1360 3818 1427 3883 suis
1452 3816 1653 3882 canonicatu
1680 3826 1714 3880 et

349 3922 521 4009 prebenda
537 3921 571 3986 in
588 3921 730 3986 ecclesia
745 3920 777 3985 S.
794 3919 908 3985 Crucis
925 3919 1122 3986 Leodiensis
1139 3922 1281 3986 retinere
1299 3922 1420 3986 valeat.

396 4026 507 4111 Digne
522 4045 663 4111 agere...

396 4131 474 4195 Dat.
489 4129 590 4194 Avin.
611 4148 648 4211 17
665 4126 731 4192 kal.
747 4128 946 4212 septembris
962 4147 1052 4192 anno
1068 4129 1098 4193 8.

386 4274 445 4330 neg.
461 4274 508 4321 nv.
523 4273 562 4329 21,
578 4272 595 4319 1.
610 4272 668 4318 991ν
682 4286 687 4326 ;
703 4271 760 4319 vu.
774 4273 813 4329 rr,
828 4271 845 4319 1.
864 4273 918 4329 aar,
931 4286 956 4320 n.
972 4273 1041 4321 9999.

400 4438 540 4522 1379.
1402 4476 1496 4540 1324,
1519 4457 1565 4521 18
1584 4464 1672 4523 coeti.

393 4558 518 4622 Abbati
536 4559 730 4624 monasterii
747 4557 907 4635 Obazine,
926 4554 1177 4620 Lemovicensis
1193 4556 1344 4640 diocesis,
1361 4570 1395 4624 et
1412 4558 1557 4625 Geraldo
1572 4561 1716 4646 Rogerii,

350 4662 569 4741 pictavensis,
586 4683 625 4727 ac
643 4663 744 4728 Petro
761 4660 902 4745 Rigaldi,
922 4660 1173 4725 Lemovicensis
1197 4662 1367 4727 canonicis
1380 4663 1606 4745 ecclesiarum,
1623 4687 1716 4730 man-

347 4766 448 4831 datur
474 4775 638 4850 quatenus
665 4766 840 4831 conferant
874 4763 1021 4828 Geraldo
1047 4762 1089 4829 de
1117 4762 1286 4845 Martello,
1313 4768 1439 4833 clerico
1465 4768 1717 4834 Lemovicensis

347 4870 504 4950 diocesis,
532 4871 714 4955 prioratum
747 4869 902 4935 secularis
937 4868 1078 4932 ecclesie
1114 4868 1156 4933 de
1194 4867 1382 4950 Mansanis,
1411 4872 1482 4936 sine
1513 4895 1601 4953 cura,
1627 4874 1717 4938 dicte

348 4973 504 5052 diocesis
532 4985 742 5059 spectantem
770 4974 811 5038 ad
838 4973 1056 5038 collationem
1083 4972 1201 5037 decani
1228 4972 1412 5041 decanatus
1443 4977 1484 5042 de
1513 4976 1717 5053 Carennac0,

387 5171 407 5218 l.
429 5169 492 5229 l'oy.
507 5183 533 5217 n.
550 5169 619 5215 1:157.
635 5196 663 5202 -
675 5169 697 5214 2.
718 5167 779 5228 l'oy.
793 5181 817 5213 11.
833 5167 903 5212 1358.
