4409 6017
499 714 553 777 110
1043 709 1190 775 Premilre
1211 709 1313 775 anne'a

500 861 644 926 Probate
661 860 737 927 fidei
752 869 862 926 vestre
879 860 1100 926 constantiam
1118 868 1152 925 et
1175 868 1311 945 experte
1334 859 1510 944 probitatis
1531 858 1729 924 industriam
1752 865 1854 924 atten-

499 964 628 1045 dentes,
644 985 684 1029 ea
699 985 764 1048 que
779 964 900 1030 nostris
915 964 1078 1029 adherent
1094 963 1268 1028 affectibus
1284 963 1404 1028 fiducia
1419 963 1515 1028 vobis
1537 982 1654 1028 secura
1678 961 1856 1028 committi·
1901 975 1907 1032 r

500 1089 583 1148 mus,
600 1077 772 1154 sperantes
788 1068 843 1133 illa
859 1088 917 1153 per
939 1088 1000 1133 ros
1016 1066 1156 1132 solicitis
1180 1066 1298 1132 studiis
1313 1066 1518 1151 exequenda.
1537 1065 1703 1150 Equidem
1717 1066 1788 1151 jam
1810 1073 1857 1130 est
1903 1091 1907 1134 ε

494 1170 694 1258 jamdudum
708 1182 721 1206 ‘²
737 1173 836 1256 longe
852 1173 984 1255 lateque
1000 1171 1179 1251 notorium,
1196 1170 1337 1254 qualiter
1351 1189 1468 1255 guerra
1484 1168 1650 1250 Flandrie,
1660 1176 1859 1256 procurante

500 1275 592 1360 pacis
616 1276 727 1339 emulo
751 1276 919 1355 suscitata,
944 1274 1253 1340 christianissimum
1288 1294 1426 1358 regnum
1452 1272 1593 1338 Francie
1616 1282 1772 1359 tempore
1794 1273 1859 1358 jam

502 1379 603 1463 longo
618 1380 775 1459 turbarit,
791 1400 856 1463 que
873 1379 1058 1444 animarum
1074 1378 1231 1464 pericula,
1247 1399 1329 1461 quas
1343 1386 1469 1462 strages
1485 1397 1662 1463 corporum
1678 1387 1715 1442 et
1738 1385 1861 1462 quanta

502 1482 669 1548 induxerit
685 1483 858 1568 dispendia
874 1483 1081 1564 facultatum,
1098 1483 1240 1567 qualiter
1263 1482 1365 1547 etiam
1381 1482 1545 1547 hactenus
1567 1480 1745 1567 impedivit
1761 1478 1860 1544 Terre

502 1585 623 1652 Sancte
638 1586 831 1667 subsidium,
848 1588 940 1672 cujus
956 1587 1174 1672 assumptioni
1186 1589 1273 1651 clare
1283 1587 1443 1650 memorie
1455 1585 1637 1670 Philippus,
1649 1605 1709 1649 rex
1723 1583 1861 1648 Francie

502 1689 645 1772 illustris,
662 1690 704 1756 ad
721 1691 970 1755 ultramarimrm
993 1691 1191 1776 passagium,
1207 1691 1261 1775 pie
1283 1690 1472 1756 devotionis
1488 1689 1714 1753 inflammatus
1730 1686 1862 1764 affectu,

503 1792 669 1859 ferventer
684 1796 830 1876 anelans,
847 1795 933 1860 circa
948 1796 1218 1880 prosecutionem
1228 1814 1343 1878 guerre
1353 1794 1503 1880 predicte
1512 1793 1700 1870 distractus,
1711 1790 1864 1875 nequivit

502 1896 581 1961 dum
597 1899 732 1963 virebat
755 1899 938 1979 intendere,
955 1919 1017 1964 nec
1033 1899 1220 1963 carissimus
1238 1899 1271 1962 in
1289 1898 1424 1963 Christo
1443 1898 1528 1963 filius
1549 1905 1663 1962 noster
1679 1894 1863 1979 Philippus,

502 2019 559 2062 rex
581 1999 718 2067 Francie
737 2012 771 2067 et
791 2002 940 2067 Navarre
962 2002 1105 2081 illustris
1125 2002 1180 2085 qui
1206 2002 1335 2087 prefato
1361 2002 1429 2087 regi
1453 2001 1596 2086 genitori
1618 2019 1689 2079 sun,
1721 1999 1808 2064 sicut
1830 1996 1864 2060 in

502 2124 605 2189 regno
622 2103 770 2184 Francie,
787 2106 833 2170 sic
849 2115 884 2171 et
900 2106 933 2169 in
949 2106 1122 2191 proposito
1138 2114 1172 2169 et
1187 2115 1269 2170 voto
1285 2104 1476 2186 succedens
1492 2104 1534 2169 ad
1551 2102 1739 2189 passagium
1755 2101 1864 2187 ipsum

503 2208 590 2274 affici
617 2209 748 2288 dicitur,
775 2209 906 2274 vivifice
934 2210 1040 2275 crucis
1064 2210 1236 2292 signaculo
1259 2218 1436 2295 propterea
1457 2207 1654 2294 jamdudum
1679 2212 1864 2289 assumpte,

503 2312 643 2377 durante
659 2312 760 2397 ipsius
775 2334 891 2397 guerre
907 2313 1053 2392 dissidio
1069 2334 1105 2378 se
1120 2313 1163 2378 ad
1179 2313 1260 2378 illud
1276 2313 1419 2379 comode
1434 2320 1548 2398 posset
1563 2310 1749 2395 accingere,
1759 2309 1864 2374 veluti

505 2416 559 2498 qui
577 2416 738 2480 haberent
753 2416 845 2499 regni
862 2416 1000 2502 predicti
1017 2416 1202 2481 defensioni
1219 2436 1347 2482 vacare.
1366 2416 1506 2501 Propter
1521 2414 1611 2499 quod
1634 2412 1779 2478 nimium
1794 2432 1864 2497 gra-

503 2526 615 2583 tanter
650 2519 847 2598 audivimus,
872 2519 962 2603 quod
991 2540 1104 2584 comes
1134 2528 1168 2585 et
1201 2520 1460 2585 communitates
1494 2516 1649 2583 Flandrie
1681 2524 1864 2582 tractatum

504 2622 682 2706 quemdam
698 2626 739 2688 ab
756 2623 836 2688 olim
852 2631 1059 2709 assumptum
1075 2643 1152 2689 cum
1168 2625 1255 2689 clare
1271 2623 1431 2688 memorie
1444 2622 1713 2706 Ludovico,rege
1725 2620 1866 2686 Francie

505 2734 540 2790 et
556 2725 715 2808 Navarre,
732 2748 792 2813 pro
807 2726 818 2761 ⁶
832 2727 1011 2793 concordia
1027 2728 1240 2812 interregem
1257 2728 1365 2813 ipsum
1381 2735 1415 2792 et
1432 2727 1506 2791 illos
1522 2726 1627 2792 solide
1642 2724 1865 2803 reformanda,

506 2850 581 2895 cum
598 2830 749 2916 predicto
764 2851 841 2915 rege
857 2830 1014 2916 Philippo
1038 2831 1179 2897 sollicite
1195 2842 1424 2916 prosecuntur,
1440 2829 1538 2896 certis
1554 2829 1596 2895 ad
1621 2828 1655 2894 id
1670 2836 1867 2914 procurato·

505 2934 594 2999 ribus
610 2954 667 2999 seu
684 2935 813 3000 nunciis
828 2935 1029 3016 constitutis,
1040 2935 1095 3019 qui
1113 2945 1288 3021 propterea
1298 2935 1423 3000 debent
1440 2934 1473 2998 in
1490 2934 1590 3020 ipsius
1599 2934 1686 3018 regis
1695 2934 1867 3019 presentia

506 3038 547 3104 de
563 3038 716 3124 proximo
731 3059 933 3124 comparere.
951 3038 1074 3104 Verum
1089 3039 1248 3124 quoniam
1264 3038 1386 3104 adhoc
1409 3038 1565 3123 antiquus
1579 3038 1686 3103 hostis
1703 3038 1866 3117 innititur,

505 3141 548 3208 ad
564 3143 629 3207 hoc
646 3141 909 3226 frequentissime
925 3164 999 3207 suas
1009 3143 1118 3208 tendit
1128 3142 1262 3208 insidias
1277 3152 1312 3207 et
1327 3142 1369 3207 ad
1379 3143 1444 3207 hoc
1456 3142 1621 3207 interdum
1634 3162 1670 3207 se
1679 3142 1868 3226 periculose

507 3247 539 3310 in
565 3245 647 3311 lucis
671 3247 824 3329 angelum
851 3246 1071 3330 transfigurat,
1096 3255 1133 3311 ut
1164 3250 1337 3332 perturbet
1364 3247 1455 3331 pacis
1486 3245 1633 3331 optande
1663 3245 1805 3311 consilia
1834 3254 1868 3311 et

507 3350 703 3415 ziraniamm
727 3358 858 3435 spargat
883 3351 1009 3415 semina
1034 3360 1068 3415 et
1089 3371 1202 3436 sparsa
1227 3350 1338 3415 foveat
1363 3361 1398 3414 et
1424 3357 1610 3430 conservet,
1633 3370 1706 3432 nos,
1730 3359 1802 3415 tam
1826 3349 1868 3415 de

508 3455 609 3541 ipsius
629 3453 720 3537 regni
740 3453 888 3535 Francie,
905 3454 947 3520 ad
963 3455 1053 3538 quod
1073 3455 1208 3540 originis
1227 3455 1313 3520 ratio
1333 3476 1396 3519 nos
1420 3454 1607 3540 specialiter
1630 3452 1745 3533 afficit,
1767 3473 1867 3538 quam

508 3558 587 3624 dicti
604 3558 689 3642 regis
705 3557 737 3621 in
754 3578 821 3642 quo
838 3557 990 3622 Romana
1005 3570 1111 3622 mater
1126 3557 1273 3624 Ecclesia
1286 3558 1457 3642 singularis
1466 3557 1656 3623 devotionis
1667 3556 1868 3643 promptitu-

508 3661 632 3742 dinem,
658 3671 693 3726 et
717 3683 779 3726 nos
803 3662 960 3727 affectum
987 3663 1173 3727 reverentie
1201 3663 1308 3727 filialis
1333 3662 1505 3727 evidenter
1531 3661 1690 3747 reperisse
1715 3650 1868 3739 letamur,

509 3765 623 3831 votiva
638 3765 879 3850 tranquillitate
906 3787 1038 3831 necnon
1054 3767 1096 3832 de
1114 3766 1367 3831 Flandreusium
1384 3766 1530 3851 ipsorum
1547 3766 1653 3830 salute
1674 3764 1819 3844 solliciti,
1836 3771 1870 3828 et

509 3869 747 3935 nichilominus
771 3870 1016 3954 compatientes
1037 3892 1078 3934 ex
1101 3870 1226 3935 intimis
1241 3869 1343 3935 Terre
1368 3870 1498 3950 Sancte,
1520 3889 1584 3953 que
1610 3868 1653 3934 ad
1677 3868 1758 3934 dicti
1784 3867 1869 3951 regis

511 3979 586 4057 post
613 3972 724 4036 Deum
758 3973 923 4057 singulare
959 3974 1159 4058 suffragium,
1185 3972 1429 4059 expectationis
1461 3973 1559 4038 anxie
1593 3971 1687 4037 tedio
1720 3971 1868 4056 fatigata,

511 4076 663 4161 suspirat,
694 4085 729 4141 et
759 4085 935 4163 propterea
968 4078 1069 4164 ipsius
1094 4077 1199 4142 hostis
1224 4077 1359 4142 humani
1392 4077 1532 4162 generis,
1557 4077 1666 4141 litium
1700 4075 1869 4154 amatorie,

510 4180 664 4245 volentes
684 4179 804 4265 iniquis
835 4181 867 4244 in
890 4181 952 4247 hac
979 4191 1073 4267 parte
1097 4181 1272 4247 conatibus
1298 4181 1379 4245 totis
1402 4181 1526 4246 viribus
1553 4180 1711 4264 omnique
1739 4181 1870 4246 cautele

511 4283 622 4348 studio
638 4284 782 4363 obviare,
799 4284 987 4349 discretioni
1012 4293 1131 4365 vestre,
1148 4285 1190 4350 ‹le
1210 4306 1274 4368 qua
1291 4284 1443 4350 fiduciam
1468 4284 1611 4367 gerimus
1623 4284 1820 4369 pleniorem,
1836 4295 1869 4347 et

511 4407 594 4470 quos
615 4395 721 4452 status
747 4390 895 4475 prosperi
919 4388 997 4453 dicti
1025 4390 1117 4472 regui
1143 4389 1275 4454 sedulos
1297 4389 1451 4453 norimus
1476 4389 1646 4469 zelatores,
1662 4387 1870 4473 presentium

512 4490 711 4555 auctoritate
728 4492 970 4556 committimus
996 4502 1031 4557 et
1057 4493 1254 4558 mandamus
1270 4502 1434 4577 quatenus
1456 4514 1516 4557 vos
1539 4493 1593 4556 vel
1616 4493 1700 4556 alter
1723 4501 1869 4556 vestrum

513 4592 555 4658 ad
581 4603 692 4679 partes
719 4595 791 4659 illas
816 4616 875 4660 vos
900 4596 1118 4681 personaliter
1143 4596 1363 4677 conferentes,
1388 4606 1458 4661 tam
1489 4595 1557 4680 regi
1583 4594 1745 4681 predicte,
1771 4614 1870 4680 quam

515 4696 641 4763 eisdem
659 4696 686 4760 F
688 4698 918 4764 landrensibus
942 4708 1000 4764 aut
1015 4700 1284 4783 procuratoribus
1300 4720 1358 4764 seu
1381 4699 1505 4764 nuntiis
1522 4697 1705 4764 eorundem
1727 4698 1871 4785 apertius

514 4801 687 4884 explicetis
711 4802 804 4887 pium
829 4810 980 4868 nostrum
1010 4803 1096 4867 circa
1127 4804 1287 4888 premissa
1320 4803 1529 4889 propositum
1553 4823 1592 4869 ac
1616 4823 1729 4887 regem
1764 4803 1871 4890 ipsum

513 4904 710 4971 salutaribus
726 4906 862 4971 monitis
874 4906 1038 4973 inducatis
1050 4917 1224 4991 quatenus,
1237 4907 1404 4994 premissis
1420 4908 1575 4972 omuibus
1590 4915 1625 4972 et
1640 4906 1854 4973 attendendis
1862 4917 1871 4939 ⁴·

546 5158 571 5188 u.
583 5140 635 5202 jam
649 5152 683 5188 esi
698 5142 849 5203 jauuludum
865 5159 970 5205 triumphe
983 5158 1033 5203 rep.
1048 5146 1102 5195 wo.
1117 5173 1121 5177 -
1141 5173 1147 5177 -
1161 5144 1182 5191 b.
1194 5144 1227 5191 dc
1240 5160 1288 5205 rep.
1301 5148 1355 5193 109.
1369 5173 1399 5177 -·
1411 5161 1431 5192 c.
1443 5144 1557 5192 attendis
1570 5160 1619 5208 rap.
1632 5145 1688 5194 110.
