4409 6017
887 719 1034 787 Premiere
1054 718 1158 785 annia.
1648 722 1705 787 143

339 875 524 942 voluntatis
560 883 595 942 et
628 876 738 943 adhuc
767 877 865 943 anxie
901 877 1147 964 expectationis
1177 877 1270 944 tedio
1294 876 1479 962 fatigamur,
1501 876 1582 942 illud
1609 877 1705 942 nobis

338 979 472 1044 reserari
491 980 647 1047 celeriter
669 980 767 1047 avide
782 982 992 1068 postulantes
1005 991 1029 1064 ⁶,
1046 981 1083 1064 si,
1100 980 1190 1066 quod
1212 980 1308 1062 absit,
1330 999 1449 1067 pacem
1474 980 1580 1067 ipsam
1601 981 1706 1066 impe-

338 1082 395 1148 diri
421 1085 648 1171 contingeret,
678 1092 737 1150 aut
767 1085 967 1151 haberemus
997 1084 1083 1151 circa
1113 1084 1286 1170 negotium
1317 1084 1436 1169 ipsum,
1467 1084 1558 1168 quod
1588 1085 1704 1170 utique

338 1186 524 1255 faceremus
545 1189 653 1270 inviti,
668 1190 768 1255 aliam
783 1189 872 1255 viam
888 1209 1057 1255 assumere
1072 1196 1141 1269 aut,
1158 1188 1248 1274 quod
1264 1188 1333 1253 fieri
1358 1208 1427 1252 non
1451 1197 1565 1275 posset
1580 1191 1704 1274 absque

337 1290 538 1358 intolerabili
562 1291 664 1358 Terre
691 1293 813 1359 Sancte
837 1292 1024 1380 dispendio,
1046 1291 1263 1359 oblocutione
1286 1292 1412 1377 vulgari
1439 1299 1484 1373 et,
1510 1312 1575 1376 que
1599 1293 1705 1378 magis

337 1396 485 1463 verenda
501 1406 564 1478 est,
579 1396 691 1463 divine
707 1396 892 1482 majestatis
908 1396 1045 1478 offensa,
1060 1396 1247 1463 abilitatem
1263 1404 1356 1463 tuam
1376 1395 1500 1462 diutius
1515 1404 1703 1483 expectare.

338 1499 368 1564 Si
384 1500 461 1581 hec,
478 1500 696 1567 dilectissime
720 1501 777 1583 fili,
790 1500 904 1567 sedula
913 1499 1135 1567 meditatione
1151 1500 1349 1580 consideres,
1366 1500 1392 1565 si
1408 1521 1448 1566 ea
1459 1508 1590 1566 maturo
1605 1500 1704 1566 libres

338 1606 506 1685 examine,
523 1626 735 1691 nequaquam
751 1604 950 1690 ambigimus
965 1605 1045 1689 quin
1062 1606 1272 1692 complacere
1289 1613 1443 1690 satagens
1458 1604 1534 1671 Deo
1548 1605 1650 1691 pacis,
1661 1605 1704 1672 ad

339 1708 543 1795 complenda
568 1710 684 1775 omnia
708 1730 772 1794 que
796 1709 840 1774 ad
870 1710 1140 1775 observationem
1165 1708 1306 1775 solidam
1327 1709 1501 1795 prolocute
1526 1709 1703 1775 concordie

338 1811 474 1893 facient,
498 1820 535 1878 te
550 1812 730 1879 flexibilem
753 1816 893 1900 prebeas
908 1833 1112 1899 omnemque
1135 1812 1350 1879 securitatem
1370 1811 1414 1877 ad
1435 1811 1468 1878 id
1492 1822 1702 1898 oportunam,

339 1936 439 1999 quam
455 1918 583 2001 absque
598 1918 717 2002 regalis
736 1916 892 1983 decentie
915 1916 1041 1983 lesione
1061 1915 1147 1982 forte
1161 1916 1297 2002 poteris,
1313 1915 1433 1982 offeras
1447 1924 1549 2001 atque
1565 1924 1703 2003 prestes.

338 2020 391 2086 Ad
407 2020 501 2106 quod
521 2041 595 2100 nos,
611 2028 648 2086 ut
663 2028 721 2086 tue
745 2021 842 2087 saluti
868 2020 1052 2106 provideas,
1068 2028 1106 2085 ut
1130 2020 1316 2086 emulorum
1340 2019 1503 2106 perversis
1518 2020 1703 2102 conatibus,

339 2123 522 2210 dispendiis
542 2132 644 2208 atque
667 2124 822 2209 periculis
845 2124 1004 2210 predictis
1031 2143 1194 2205 occurras,
1210 2131 1247 2189 ut
1272 2124 1314 2189 ad
1338 2123 1602 2211 assumptionem
1622 2123 1702 2190 dicti

339 2225 480 2311 passagii
497 2225 630 2291 abiliter
651 2226 827 2293 intendere
849 2229 970 2308 valeas,
988 2237 1025 2293 ut
1047 2226 1192 2311 denique
1216 2247 1278 2292 nos
1304 2235 1339 2292 et
1353 2226 1491 2293 Terram
1518 2226 1702 2313 predictam

340 2329 500 2394 auxilium
522 2337 619 2395 tuum
643 2330 851 2416 singulariter
866 2338 1104 2418 expectantem
1119 2332 1162 2397 de
1185 2329 1272 2396 illius
1296 2330 1506 2416 impensione
1528 2330 1703 2416 desperare

341 2453 406 2499 non
428 2452 542 2518 cogas,
558 2432 894 2520 circumspectionem
918 2434 1043 2520 regiam
1069 2455 1153 2500 sano
1178 2434 1367 2518 salubrique
1391 2434 1540 2515 consilio,
1556 2434 1704 2520 paternis

343 2536 518 2602 affectibus
532 2544 567 2601 et
583 2536 675 2602 omni
692 2557 759 2621 quo
774 2558 951 2625 possumus
966 2537 1078 2604 studio
1094 2537 1285 2604 invitamus.
1303 2536 1390 2603 Etsi
1406 2537 1491 2603 forte
1507 2557 1576 2603 non
1592 2536 1702 2604 desint

344 2639 518 2706 consiliarii
545 2639 602 2725 qui
627 2639 687 2705 tibi
711 2641 880 2726 placentia
903 2642 978 2728 plus
1002 2662 1103 2726 quam
1128 2640 1222 2706 utilia
1246 2640 1384 2706 suadere
1409 2640 1592 2722 studentes,
1617 2641 1704 2707 circa

344 2743 582 2828 prestationem
593 2743 779 2810 securitatis
789 2744 978 2829 hujusmodi
999 2744 1053 2808 vel
1064 2743 1174 2829 aliqua
1188 2743 1231 2809 de
1240 2744 1408 2831 premissis
1422 2743 1484 2809 tibi
1500 2744 1704 2809 contrarium

344 2854 530 2932 suggerant,
546 2867 616 2911 non
631 2850 679 2912 eis
694 2846 835 2913 faciliter
850 2867 987 2928 annuas,
1004 2847 1063 2913 sed
1088 2846 1323 2933 perspicaciter
1337 2846 1468 2913 discute
1494 2867 1561 2931 quo
1587 2846 1703 2933 spiritu

345 2970 452 3035 quove
483 2950 648 3015 instinctu
675 2958 855 3017 moventur
884 2958 919 3016 et
949 2952 1047 3036 quale
1076 2950 1272 3032 remedium,
1297 2951 1324 3016 si
1354 2949 1446 3037 pacis
1476 2949 1631 3016 solidatio
1662 2971 1702 3015 ex

341 3053 527 3120 securitatis
541 3054 721 3140 prestande
736 3054 883 3120 deffectu
905 3062 1088 3133 remaneat,
1104 3052 1263 3139 predictis
1286 3052 1468 3139 dispendiis
1491 3061 1592 3138 atque
1618 3054 1704 3139 peri-

341 3157 421 3223 culis
445 3157 554 3223 scient
579 3167 615 3223 et
638 3166 797 3243 poterunt
827 3156 995 3223 adhibere.
1025 3157 1110 3222 Sunt
1136 3157 1262 3222 etenim
1287 3156 1437 3223 nonnulli
1467 3157 1702 3241 querentesin

338 3260 553 3327 dominorum
577 3281 712 3327 suorum
739 3261 930 3326 turbatione
955 3261 1114 3345 quietem,
1139 3259 1194 3345 qui
1233 3259 1281 3326 eis
1307 3260 1498 3344 frequenter
1523 3259 1702 3325 consulunt

338 3385 401 3448 que
427 3364 615 3451 periculosa
641 3364 764 3450 pariter
790 3371 824 3429 et
851 3362 1034 3452 dampnosa
1061 3371 1237 3443 noverant,
1262 3372 1434 3448 sperantes
1459 3363 1536 3450 ipsis
1560 3363 1704 3429 dominis

336 3467 496 3533 involutis
512 3467 655 3533 cariores
671 3468 704 3532 in
720 3466 978 3533 adversitatibus
987 3466 1074 3532 effici
1091 3474 1127 3532 et
1142 3465 1370 3532 desiderantes
1381 3466 1548 3551 copiosius
1564 3466 1598 3531 in
1609 3487 1701 3531 mare

337 3571 475 3636 turbato
490 3569 619 3655 piscari.
636 3568 772 3635 Talibus
788 3591 866 3655 ergo
882 3591 924 3635 ne
939 3569 1141 3655 acquiescas,
1158 3568 1204 3634 fili
1221 3568 1276 3649 mi,
1293 3560 1502 3654 quinimmo
1524 3569 1702 3634 rebellibus

337 3673 401 3738 tuis
432 3681 468 3738 et
499 3672 651 3739 hostibus
681 3673 727 3740 sic
754 3676 974 3739 exuberanter
1004 3671 1162 3758 quicquid
1190 3673 1317 3757 justum
1351 3672 1551 3756 quicquidve
1583 3673 1702 3737 tolera-

336 3777 401 3841 bile
416 3776 479 3841 tibi
496 3776 657 3841 decenter
680 3777 829 3842 extiterit
853 3777 982 3858 offeras,
1002 3776 1091 3861 quod
1119 3785 1153 3841 et
1179 3775 1254 3841 Deo
1277 3784 1312 3840 et
1338 3776 1465 3842 mundo
1488 3797 1528 3841 ac
1551 3775 1647 3841 nobis
1670 3786 1704 3841 et

337 3880 523 3966 apostolice
547 3880 624 3945 Sedi
649 3879 726 3946 inde
751 3880 1038 3946 commendandus
1063 3899 1225 3958 occurras,
1250 3899 1311 3965 per
1334 3880 1425 3964 quod
1449 3887 1484 3944 et
1508 3879 1554 3944 illi
1580 3880 1704 3946 desua

338 3985 468 4069 possint
500 3983 620 4048 merito
650 3982 771 4049 duritia
801 3984 969 4069 conqueri,
997 3983 1034 4064 si,
1065 3992 1099 4048 te
1125 3983 1287 4047 offerente
1312 4002 1379 4067 quo
1405 3982 1516 4062 debes,
1544 3982 1703 4063 divinam,

339 4096 499 4167 nostram,
516 4087 610 4153 Sedis
625 4087 776 4173 ejusdem
786 4109 825 4154 ac
837 4097 929 4153 tuam
948 4086 1211 4172 indignationem
1228 4095 1344 4151 contra
1354 4107 1389 4151 se
1406 4086 1524 4152 acriter
1540 4087 1703 4152 senserint

337 4192 523 4278 provocari.
540 4190 614 4257 Nos
629 4192 721 4256 enim
737 4199 772 4255 et
788 4191 889 4256 Sedes
905 4190 1065 4276 predicta,
1083 4190 1143 4255 tibi
1161 4190 1195 4254 in
1207 4190 1273 4254 tuis
1289 4198 1324 4254 et
1340 4189 1431 4274 regni
1449 4190 1497 4254 tui
1518 4191 1645 4275 juribus
1661 4212 1702 4254 ex

335 4308 415 4363 tunc
429 4296 571 4360 viriliter
585 4294 724 4376 astituri,
741 4294 898 4380 quicquid
911 4295 1038 4380 justum
1055 4314 1222 4378 equumve
1235 4293 1415 4359 viderimus
1432 4301 1548 4359 contra
1564 4296 1704 4359 rebelles

336 4403 426 4487 ipsos
458 4408 495 4465 et
526 4398 640 4465 hostes
670 4419 709 4464 ac
736 4398 954 4484 impeditores
992 4398 1072 4464 dicti
1105 4397 1244 4483 passagii
1272 4418 1375 4482 usque
1402 4397 1444 4463 ad
1475 4397 1630 4463 ultimum
1661 4397 1702 4462 de

335 4504 491 4591 potentia
506 4504 622 4589 procul
638 4502 740 4569 dubio
756 4501 923 4567 faciemus.
941 4500 986 4566 Et
1003 4522 1080 4567 ecce
1097 4500 1272 4586 superbiis
1288 4501 1556 4586 procuratoribus
1572 4501 1703 4566 comitis

336 4620 370 4674 et
387 4608 672 4674 communitatum
684 4606 711 4670 F
714 4606 840 4671 landrie
856 4606 1080 4691 predictorum
1091 4604 1271 4670 efficaciter
1284 4604 1475 4685 scribimus(
1481 4606 1508 4689 ¹)
1520 4613 1554 4669 et
1565 4604 1702 4669 nichilo·

370 4825 395 4857 u.
409 4808 561 4872 perstulantc
572 4823 621 4869 req.

339 4999 515 5007 .-.-----
529 5000 551 5004 —
563 5000 582 5004 —
597 4999 833 5006 -——-—---..-
857 5000 933 5005 —-
964 5000 1033 5006 .......-

376 5140 398 5186 l.
423 5136 486 5197 Vqr.
499 5145 535 5184 η’·
547 5139 591 5185 411
605 5142 632 5185 ct
643 5140 697 5187 ⁴12.
