4409 6017
932 730 1079 796 Promiere
1100 731 1203 797 annee.

441 875 522 940 Dum
539 878 582 942 ad
598 879 776 968 grandia...

442 977 512 1045 Dat.
528 979 682 1063 Lugduni
700 985 718 1046 8
736 983 779 1048 id.
796 983 992 1068 septembris
1007 1005 1097 1048 anno
1118 1005 1144 1049 1.

434 1107 485 1169 urg.
497 1113 543 1156 av.
556 1115 578 1158 a.
592 1112 609 1158 r.
625 1113 697 1170 ram
714 1112 771 1160 rar.
788 1113 852 1165 aar.
866 1115 931 1169 212¹,
945 1128 969 1159 n.
982 1114 1038 1160 ran.

447 1247 509 1331 16.
1256 1286 1259 1292 ·
1370 1263 1707 1351 1316,6septembre.

448 1363 577 1430 Gnidoni
602 1367 645 1431 de
667 1367 825 1446 Velletro,
842 1368 981 1432 auditori
1005 1377 1039 1433 et
1060 1369 1235 1453 capellano
1257 1367 1435 1446 Guillelmi,
1463 1367 1494 1432 S.
1517 1365 1642 1432 Cecilie
1663 1387 1752 1452 pres-

416 1467 490 1533 biteri
507 1470 686 1548 cardinalis,
703 1471 870 1535 confertur
885 1471 1100 1536 canonicatus
1127 1471 1267 1536 ecclesie
1286 1469 1489 1549 Leodiensis,
1512 1471 1572 1535 sub
1596 1478 1754 1554 expecta-

417 1570 489 1636 tione
501 1574 664 1658 prebende
683 1575 820 1658 integre,
842 1576 943 1639 libere
962 1584 996 1639 et
1016 1596 1083 1640 non
1106 1574 1329 1653 sacerdotalia,
1351 1594 1483 1639 necnon
1503 1573 1674 1657 dignitatis
1692 1593 1752 1637 seu

418 1687 582 1760 personatus
605 1680 658 1742 rel
684 1678 783 1743 officii
808 1679 849 1744 ad
872 1679 1086 1744 collationem
1112 1679 1258 1765 episcopi
1284 1686 1318 1743 et
1339 1677 1473 1763 capituli
1498 1675 1692 1742 Leodiensis
1716 1675 1748 1740 in

419 1777 525 1845 (inlate
539 1784 589 1846 rel
605 1781 729 1847 diocesi
746 1782 933 1862 Leodiensi,
945 1803 1012 1846 non
1030 1786 1187 1849 obstante
1205 1783 1295 1867 quod
1311 1781 1492 1868 prioratum
1509 1783 1692 1846 secularem
1708 1780 1751 1846 de

420 1878 560 1969 Cappiano
575 1896 609 1950 et
625 1886 657 1950 in
675 1887 814 1952 ecclesia
831 1886 1024 1953 Belracensi
1042 1888 1276 1952 canonicatum
1298 1896 1332 1950 et
1353 1885 1558 1971 prebendam
1581 1905 1619 1950 ac
1644 1886 1751 1950 eccle·

420 1984 482 2050 sian
494 1987 520 2053 S.
534 1990 690 2076 Stephani
709 1990 922 2056 Velletrensis
938 1992 1078 2070 obtinet,
1095 2000 1129 2055 et
1145 2012 1242 2076 super
1264 1990 1433 2076 prebenda
1458 1988 1597 2055 ecclesie
1614 1987 1750 2053 Floren-

422 2087 482 2167 tine,
492 2092 518 2156 in
532 2115 593 2177 qua
609 2095 642 2159 in
659 2095 857 2160 canonicum
872 2103 1026 2181 receptus
1042 2104 1102 2174 est,
1119 2084 1246 2179 litigat,
1263 2094 1430 2180 predictos
1444 2100 1558 2158 antem
1569 2092 1750 2177 prioratum

423 2198 607 2262 etecclesiam
625 2199 655 2263 S.
672 2199 831 2284 Stephani
848 2199 1016 2265 dimittere
1031 2198 1210 2265 tenebitur.

457 2297 523 2364 Dum
536 2302 763 2369 litterarum...

456 2399 513 2469 Dat.
526 2404 674 2490 Lugduni
692 2409 710 2472 8
728 2407 770 2472 id.
787 2407 983 2492 septembris
998 2428 1087 2472 anno
1113 2428 1139 2472 1.

457 2501 484 2568 ln
507 2530 531 2574 e.
559 2531 602 2575 m.
633 2511 745 2575 abbati
776 2511 966 2577 monasterii
1005 2511 1037 2576 S.
1062 2510 1172 2593 Egidii
1208 2511 1304 2595 juxta
1345 2508 1513 2574 Leodium
1549 2516 1584 2573 et
1621 2509 1750 2575 decano

426 2602 450 2669 S.
460 2605 596 2684 Jobannis
613 2614 807 2680 Leodiensis
828 2637 865 2682 ac
882 2616 1039 2700 magistro
1057 2614 1158 2679 Petro
1176 2613 1288 2692 Ferro,
1307 2613 1470 2679 canonico
1496 2612 1747 2679 Autisiodoren-

426 2706 671 2784 sisecclesiarum.

449 2837 538 2902 lam.
551 2848 598 2896 af.
611 2850 686 2898 rur:
700 2849 757 2896 l'ar.
771 2850 808 2898 64.
822 2849 839 2896 f.
850 2850 902 2898 rou.
915 2863 939 2896 n.
954 2851 1023 2896 ram.

455 2976 504 3062 17.
1362 3001 1458 3083 1316,
1476 3001 1495 3063 ό
1511 2999 1700 3087 septembre.

452 3092 570 3172 iohanni
596 3104 639 3168 de
666 3104 1006 3190 Escoyre110,clerico
1032 3104 1207 3184 Jobannis,
1235 3103 1366 3170 comitis
1393 3102 1557 3181 Forensis,
1572 3101 1741 3168 confertur

379 3234 382 3273 ;
423 3202 593 3271 anonioetus
609 3208 748 3272 ecclesie
765 3208 795 3273 S.
812 3208 900 3274 Petri
912 3209 955 3274 de
973 3208 1094 3288 Insula,
1119 3208 1339 3274 Tornacensis
1360 3207 1510 3286 diocesis
1535 3207 1596 3271 sub
1621 3224 1741 3290 expec-

422 3300 511 3371 btione
523 3311 702 3393 prebende.

380 3444 381 3451 .
447 3400 546 3476 Merita
560 3413 779 3497 probitatis...

380 3548 382 3586 ;
445 3506 503 3579 bat.
517 3513 669 3600 Lugduni
687 3520 705 3582 8
722 3519 765 3585 id.
782 3519 979 3604 septembris
995 3540 1085 3584 anno
1106 3539 1131 3584 1.

380 3680 381 3686 ,
443 3610 470 3680 ln
483 3638 508 3684 e.
523 3640 567 3685 rn.
584 3620 742 3706 episcopo
758 3623 983 3688 Suessionensi
1001 3632 1036 3687 et
1052 3622 1162 3687 abbati
1183 3621 1337 3687 secularis
1354 3620 1556 3685 Briratensis
1571 3639 1610 3684 ac
1621 3638 1740 3704 prepo-

415 3712 455 3783 e'to
466 3719 648 3804 Insulensis,
666 3724 950 3792 claromontensis
966 3736 1000 3792 et
1016 3726 1237 3792 Tomacensis
1254 3725 1435 3803 diocesum,
1452 3721 1675 3789 ecclesiarum.

431 3845 476 3913 lag.
487 3852 542 3902 l'at.
554 3856 594 3913 ol,
608 3854 626 3901 l.
639 3856 705 3906 241¹.
717 3870 743 3903 n.
758 3857 827 3903 lbtltl.

1585 3933 1617 3977 Χ

438 3990 494 4074 18.
1358 4006 1453 4088 1316,
1471 4023 1490 4087 7
1505 4005 1695 4091 septembre.

432 4105 565 4185 Johanni
584 4111 628 4178 de
646 4110 786 4190 Yvodi0,
812 4114 986 4198 capellano
1012 4120 1047 4176 et
1074 4109 1222 4177 familiari
1249 4109 1397 4187 Amaldi,
1415 4108 1561 4194 episcopi
1578 4107 1738 4172 Sabinen-

405 4208 623 4290 &confertur
648 4217 863 4282 canonicatus
889 4216 1028 4281 ecclesie
1055 4216 1086 4281 S.
1112 4214 1275 4293 Jobannis
1301 4212 1505 4291 Leodiensis,
1532 4213 1592 4276 snb
1620 4231 1738 4295 expec-

404 4318 504 4384 atione
519 4319 702 4405 prebende,
718 4340 785 4384 non
803 4322 959 4385 obstante
975 4319 1065 4403 quod
1080 4318 1321 4405 parrochialem
1338 4316 1511 4383 ecclesiam
1525 4314 1563 4379 B.
1577 4312 1684 4378 Marie
1696 4314 1739 4379 de

404 4412 611 4507 Formiguan'is
630 4431 665 4486 et
681 4423 822 4506 quedam
840 4423 1002 4487 beneficia
1017 4422 1088 4486 sine
1115 4443 1201 4500 cura,
1219 4419 1459 4500 Narbonensis,
1477 4416 1739 4483 Mediolanensis

403 4522 635 4591 etPictarensis
650 4526 830 4604 diocesum,
847 4526 988 4606 obtinet,
1005 4547 1137 4590 necnon
1163 4546 1260 4610 super
1285 4523 1520 4589 canonicatum
1547 4530 1581 4585 et
1597 4521 1737 4604 preben-

403 4620 460 4692 dam
474 4626 510 4694 Β.
527 4628 636 4694 Marie
653 4627 855 4714 Magdalene
871 4629 1084 4695 Virdunensis
1099 4629 1133 4692 in
1151 4627 1304 4692 Romana
1320 4627 1408 4693 curia
1423 4626 1540 4710 litigat.

434 4728 602 4798 Probitatis
617 4740 719 4799 tue...

437 4831 506 4901 Dat.
521 4835 673 4920 Lugduni
691 4856 709 4921 7
726 4837 768 4902 id.
785 4837 982 4923 septembris
993 4858 1083 4902 anno
1105 4857 1131 4903 1.

441 4934 475 5001 ln
501 4960 529 5004 e.
550 4961 593 5006 m.
610 4941 859 5027 archiepiscopo
884 4941 1070 5006 Arelatensi
1102 4949 1137 5006 et
1167 4939 1337 5026 preposito
1368 4938 1399 5004 S.
1417 4936 1508 5003 Pauli
1540 4957 1578 5002 ac
1608 4935 1737 5001 decano

413 5032 437 5102 S.
446 5036 523 5106 Petri
538 5042 770 5110 Leodiensium
787 5045 1009 5112 ecclesiarum.

440 5166 489 5231 Rq.
498 5173 540 5222 hv.
550 5176 572 5233 3,
583 5176 601 5223 i.
610 5176 666 5224 378.
