4409 6017
495 676 558 741 428
1037 673 1184 755 sentiente
1203 674 1306 739 sunto.

496 824 647 909 redigere
662 833 881 910 potestatem.
899 824 1068 903 Profecto,
1084 821 1142 903 fili,
1156 843 1219 888 nos
1234 823 1441 909 experientia
1455 824 1559 891 docet
1573 835 1615 891 et
1630 827 1771 911 docuit,
1786 852 1859 897 soro

432 913 435 920 ¹
496 948 550 994 res
565 928 733 994 dictorum
749 928 888 994 fratrum
904 930 1101 994 commissas
1116 926 1278 1012 regimini,
1293 928 1381 993 inter
1396 949 1515 995 omnes
1532 930 1621 997 alias
1638 932 1712 998 Dei
1740 936 1860 1001 semitis

498 1031 682 1112 dedicatas,
697 1031 740 1097 de
756 1042 873 1098 sancta
888 1041 923 1098 et
937 1032 1091 1117 religiosa
1106 1032 1176 1097 vita
1187 1039 1222 1096 et
1232 1033 1453 1098 sanctimonie
1465 1036 1694 1102 observantia
1704 1058 1860 1116 commen·

498 1135 580 1201 dari.
597 1134 711 1215 Unde,
727 1135 785 1215 fili,
814 1156 884 1201 non
902 1135 1002 1201 decet
1018 1144 1052 1200 te
1067 1136 1239 1221 postulare
1253 1156 1384 1202 sorores
1398 1137 1487 1223 ipsas
1501 1140 1545 1203 ab
1558 1138 1723 1224 ipsorum
1739 1141 1860 1209 fratrrrn

502 1239 640 1306 subduci
658 1239 883 1319 solicitudine,
899 1260 961 1305 nec
975 1260 1038 1305 nos
1053 1240 1086 1303 in
1102 1240 1168 1304 hoc
1183 1240 1371 1324 aliqualiter
1385 1242 1587 1308 consentire.
1598 1243 1770 1312 Sedeooe
1780 1268 1862 1334 super

499 1344 747 1428 gravaminibus
773 1364 839 1428 que
863 1365 905 1408 ex
929 1343 1122 1408 visitatione
1148 1343 1285 1411 fratrum
1313 1345 1460 1430 ipsorum
1486 1366 1622 1413 sorores
1652 1349 1734 1436 ipse
1764 1351 1860 1416 inferri

502 1448 564 1513 sibi
581 1448 615 1512 in
633 1449 874 1534 temporalibus
888 1457 1050 1526 asserunt,
1065 1448 1251 1513 remedium
1266 1449 1425 1514 adhibere
1438 1450 1634 1518 curabimus
1649 1464 1862 1541 oportunum.

504 1554 616 1637 Quare
642 1554 668 1618 si
693 1574 808 1640 preces
835 1561 937 1618 tuas‘⁸
964 1552 1006 1618 ad
1031 1552 1252 1617 exauditionis
1287 1574 1356 1618 non
1394 1554 1688 1625 introduxerimus
1722 1562 1863 1646 gratiam,

499 1657 622 1723 habeat
639 1679 701 1723 nos
715 1666 774 1723 tua
789 1657 1002 1744 providentia
1017 1676 1116 1743 super
1137 1656 1202 1721 hoc
1229 1667 1416 1723 excusatos.
1432 1656 1509 1724 Nos
1532 1660 1629 1725 enim
1656 1662 1694 1728 in
1722 1664 1790 1731 hiis
1809 1686 1863 1751 que

499 1764 572 1829 sine
588 1762 653 1827 Dei
664 1762 803 1842 offensa,
820 1761 956 1828 alterius
968 1761 1152 1848 prejudicio
1166 1782 1207 1827 ac
1218 1770 1333 1827 nostra
1343 1762 1535 1829 indecentia
1543 1767 1744 1850 poterimus
1755 1769 1863 1849 faeere,
1896 1763 1898 1768 ’

500 1868 607 1956 parati
623 1887 738 1933 sumus
752 1876 811 1931 tua
826 1865 1027 1956 precamina,
1044 1886 1121 1931 cum
1137 1866 1348 1953 oportunitas
1362 1888 1398 1932 se
1413 1867 1559 1946 offerret,
1581 1872 1766 1939 exaudire.
1794 1874 1863 1939 Dat

497 1972 598 2037 Avin.
618 1993 655 2056 14
671 1971 738 2037 kal.
754 1970 866 2056 aprilis
881 1990 971 2035 anno
987 1988 1017 2054 7.
1034 1991 1051 2032 a
1896 1979 1898 1988 '

532 2126 594 2187 neg.
606 2125 668 2176 rat.
683 2128 736 2184 111,
749 2126 768 2174 r.
780 2126 836 2183 aas,
850 2138 876 2182 n,
889 2126 959 2172 rora.

540 2314 670 2393 lllrl.
1538 2344 1638 2409 1323,
1654 2346 1700 2391 ει
1718 2351 1825 2395 murs.

539 2430 718 2519 Radulpho
750 2433 797 2498 La
832 2433 938 2512 Piera,
969 2433 1079 2516 legum
1110 2428 1252 2509 doctori,
1279 2428 1447 2493 confertur
1469 2430 1693 2498 canonicatus
1724 2436 1862 2501 ecclesie

492 2538 749 2603 Cameracensis
764 2542 826 2603 sub
842 2535 1078 2622 expectatione
1094 2532 1274 2620 prebende,
1300 2553 1369 2597 non
1385 2535 1543 2598 obstante
1558 2535 1654 2619 quod
1669 2536 1705 2601 in
1723 2540 1862 2606 ecclesia

493 2641 728 2726 Andegavensi
744 2645 804 2708 sub
821 2640 1056 2727 expectatione
1071 2636 1242 2725 prebende
1258 2638 1291 2701 in
1308 2636 1510 2703 canonicum
1525 2647 1578 2704 est
1591 2650 1768 2728 receptus.

537 2746 627 2812 Dum
645 2747 899 2813 conditiones...

539 2854 617 2918 Dat.
633 2852 733 2916 Avin.
754 2871 789 2915 12
807 2849 873 2915 kal.
888 2848 1000 2934 aprilis
1023 2868 1114 2912 anno
1131 2865 1160 2929 7.

541 2962 578 3023 ln
603 2980 633 3025 e.
660 2980 705 3023 m.
732 2957 893 3043 episcopo
924 2953 1097 3019 l'asatensi
1129 2961 1163 3017 et
1186 2952 1318 3017 decano
1348 2951 1582 3026 Bruxellensis,
1605 2955 1859 3031 Cameracensis

492 3063 645 3138 diocesis,
661 3072 696 3127 et
712 3060 895 3125 Guillelmo
913 3059 956 3124 de
982 3057 1210 3136 Rivoforcat0,
1236 3056 1402 3121 canonico
1417 3056 1607 3124 Tholetane
1630 3063 1856 3133 ecclesiarum.

526 3212 585 3272 Reg.
598 3214 645 3259 Ar.
664 3211 700 3258 19.
712 3210 730 3256 f.
743 3211 790 3256 239
803 3224 809 3255 :
824 3208 881 3254 lat.
898 3210 934 3254 ta.
948 3208 964 3253 i.
983 3209 1047 3255 122'.
1061 3207 1165 3253 n.1333.

538 3395 672 3476 1142.
1539 3430 1555 3472 r
1554 3430 1602 3492 32
1599 3430 1633 3493 3,
1649 3432 1695 3495 24
1712 3435 1816 3479 mm.

539 3513 852 3592 JolrannilVillelmi
869 3512 911 3577 de
922 3512 1149 3597 Steenberghe
1166 3513 1335 3578 confertur
1350 3514 1568 3579 canonicatus
1583 3516 1730 3581 ecclesie
1741 3515 1852 3583 Buta-

491 3622 539 3684 rie
555 3620 831 3705 Antwerpiensis.
849 3619 1099 3683 Cameracensis
1116 3618 1269 3698 diocesis,
1286 3623 1346 3683 sub
1367 3620 1603 3704 expectatione
1619 3624 1803 3707 prebende.

535 3724 607 3789 Tne
623 3725 752 3789 merita,
763 3776 768 3787 .
779 3776 785 3788 .

535 3829 612 3892 Dat.
630 3829 730 3892 Avin.
748 3850 765 3909 9
783 3828 849 3892 kal.
865 3827 976 3912 aprilis
999 3848 1089 3891 anno
1107 3847 1135 3908 7.

536 3933 573 3996 ln
592 3956 621 3997 e.
632 3954 676 3996 m.
688 3933 801 3997 abbati
818 3932 1010 3996 monasterii
1028 3931 1059 3995 3,
1074 3930 1243 4010 Bemardi,
1254 3931 1505 3996 Cameracensis
1516 3932 1670 4004 diocesis.
1682 3943 1716 3999 et
1729 3935 1848 4001 decano

490 4038 521 4101 S.
550 4037 690 4101 Servatii
716 4036 952 4115 Traiectensis,
980 4034 1176 4100 Leodiensis
1206 4036 1350 4100 diocesis
1364 4035 1384 4114 ⁶,
1409 4057 1448 4100 ac
1479 4037 1639 4120 magistro
1671 4037 1845 4105 Busolode

491 4141 620 4222 Pamra,
638 4142 802 4206 canonico
818 4141 1041 4205 Tomacensis
1057 4139 1285 4214 ecclesiarum,
1302 4142 1477 4225 capellano
1496 4162 1592 4225 pape.

524 4288 582 4348 licg.
596 4291 642 4335 Ar.
658 4291 693 4338 lu.
708 4290 724 4335 f.
737 4291 786 4342 98ς
802 4288 859 4334 l'at.
873 4290 909 4340 Η,
924 4289 941 4334 f.
955 4290 1010 4336 347.
1023 4302 1048 4335 n.
1060 4289 1116 4334 984.

536 4481 671 4564 1143.
1538 4513 1632 4574 1323,
1647 4514 1692 4575 25
1709 4516 1809 4558 tucrrs.

532 4599 677 4663 Wissoni
691 4598 855 4676 Johanuis
865 4599 907 4664 de
919 4598 1069 4663 Nemore
1085 4599 1253 4663 confertur
1265 4598 1482 4663 canonicatus
1494 4597 1635 4662 ecclesie
1648 4596 1680 4661 S.
1695 4595 1845 4663 Rumoldi

489 4701 727 4782 llacliniensis,
744 4703 996 4768 Cameracensis
1011 4701 1164 4782 diocesiS,
1180 4704 1240 4766 sub
1257 4701 1494 4786 expectatione
1510 4699 1693 4786 prebende.

530 4806 603 4870 Tue
630 4805 787 4871 merita...

531 4910 611 4975 Dat.
628 4911 727 4974 Avin,
745 4914 762 4975 8
781 4910 845 4974 kal.
862 4909 974 4994 aprilis
990 4929 1079 4973 anno
1097 4928 1127 4990 7.

519 5120 544 5150 n.
563 5113 606 5151 tuo
620 5119 669 5164 rep,
697 5132 715 5138 -
729 5104 749 5152 l».
767 5106 791 5150 S.
808 5103 916 5149 Seruilii
933 5101 1079 5150 leoliensis
1092 5115 1141 5161 rep.
