4409 6017
901 728 1046 811 septime
1066 728 1169 796 auree.
1659 728 1723 793 427

405 876 541 961 1137.
1425 910 1677 975 132a9mars.

309 1061 328 1072 .
408 1002 554 1071 Nicolao
569 1004 612 1070 de
629 1003 758 1088 Canali,
775 1008 939 1075 canonico
955 1005 1153 1088 Morinensi,
1168 1004 1358 1090 indulgetur
1382 1011 1419 1069 ut
1445 1003 1571 1070 fructus
1596 1002 1720 1067 benefi-

309 1094 333 1104 “
355 1108 494 1176 ciorum
509 1129 645 1175 suorum
661 1111 787 1196 absque
802 1112 983 1178 residentia
998 1110 1042 1178 ad
1056 1104 1237 1177 triennium
1252 1107 1422 1196 percipere
1437 1108 1557 1173 valeat.

408 1212 543 1278 Meritis
557 1221 655 1278 tue...

402 1318 484 1383 Dat.
499 1317 600 1383 Avin.
618 1337 636 1402 7
654 1318 696 1383 id.
714 1317 823 1384 martii
839 1337 929 1383 anno
945 1337 974 1402 7.

405 1420 447 1486 In
463 1441 492 1486 e.
508 1442 555 1488 m.
569 1420 743 1508 preposito
759 1420 971 1488 Coloniensis
986 1431 1021 1489 et
1037 1418 1238 1488 Vivariensis
1260 1439 1299 1485 ac
1315 1417 1536 1487 Bononiensis
1560 1418 1720 1485 archidia-

309 1544 310 1552 ‘
357 1523 457 1592 conis
472 1524 698 1592 ecclesiarum.

394 1659 458 1721 Reg.
470 1658 530 1708 Vat.
542 1660 581 1718 71,
594 1659 612 1705 f.
624 1661 678 1716 277,
699 1673 723 1707 n.
737 1660 792 1705 786.

407 1835 542 1921 1138.
1404 1868 1497 1930 1323,
1514 1867 1556 1931 15
1572 1869 1675 1915 marr.

407 1953 427 2032 J
431 1953 556 2020 ohanni
582 1953 624 2019 de
641 1952 816 2039 Lugduno,
844 1950 1018 2038 capellano
1042 1950 1231 2019 domestico
1257 1959 1292 2017 et
1318 1952 1479 2019 continuo
1502 1952 1720 2018 commensali

361 2058 495 2140 Jacobi,
512 2057 544 2124 S.
554 2056 689 2144 Georgii
702 2057 744 2123 ad
754 2055 875 2121 Velum
890 2075 1026 2121 aureum
1041 2054 1175 2122 diaconi
1190 2054 1375 2139 cardinalis,
1391 2056 1604 2123 conferuntur
1620 2078 1720 2123 cano-

360 2162 495 2229 nicatus
522 2170 558 2227 et
581 2159 753 2249 prebenda
779 2158 919 2226 ecclesie
945 2158 977 2226 S.
1001 2157 1177 2245 Gangerici
1205 2158 1457 2227 Cameracensis
1480 2169 1642 2228 vacantes
1661 2184 1721 2248 per

361 2266 494 2334 obitum
511 2266 630 2351 Egidii,
646 2265 745 2331 electi
758 2262 1010 2329 Interannensis
1021 2263 1078 2348 (¹),
1088 2262 1178 2349 apud
1191 2262 1314 2330 Sedem
1324 2264 1545 2351 apostolicam
1559 2266 1719 2348 defuncti,

357 2392 429 2437 norr
453 2372 610 2437 obstante
626 2369 716 2455 quod
738 2388 837 2455 super
861 2366 1061 2434 canonicatu
1087 2366 1228 2433 ecclesie
1252 2366 1462 2450 Viennensis,
1488 2389 1565 2435 cum
1592 2370 1720 2458 integra

357 2475 517 2563 portione
532 2476 681 2562 ejusdem
696 2472 837 2540 ecclesie
851 2478 1086 2558 proventuum,
1101 2469 1222 2555 litigat.

405 2578 531 2647 Merita
545 2588 643 2647 tue...

403 2685 484 2750 Dat.
500 2685 599 2751 Avin.
617 2686 660 2751 id.
676 2686 787 2751 martii
803 2705 893 2750 anno
910 2704 939 2770 7.

404 2788 445 2854 In
462 2811 491 2855 e.
508 2811 553 2857 m.
568 2790 759 2877 precentori
777 2788 1014 2855 Ambianensis
1029 2796 1065 2853 et
1080 2786 1228 2854 Berardo
1251 2786 1293 2853 de
1319 2787 1436 2871 Reate,
1459 2787 1719 2873 XanctonensiS,

359 2915 400 2961 ac
415 2894 579 2979 magistro
595 2893 714 2961 Marco
730 2892 883 2979 Maleyn,
903 2893 1068 2960 Eduensis
1083 2891 1255 2959 canonicis
1270 2894 1495 2961 ecelesiarum.

393 3040 456 3101 lteg.
471 3040 519 3087 Av.
534 3040 570 3096 18,
585 3038 602 3087 f.
614 3039 678 3088 519:
695 3037 754 3086 Vat.
766 3038 805 3095 rt,
817 3037 835 3085 f.
848 3038 879 3084 27
884 3039 915 3094 l',
928 3050 954 3084 rr.
963 3037 1018 3085 771.

406 3212 541 3298 1139.
1402 3224 1675 3304 1323,18mars.

404 3333 521 3396 Abbas
535 3330 728 3396 monasterii
745 3329 776 3395 S.
793 3326 949 3413 Dyorrisii
966 3326 1143 3392 Remensis
1158 3334 1193 3393 et
1207 3325 1442 3392 Ambianensis
1457 3346 1497 3391 ac
1512 3325 1554 3390 de
1566 3325 1720 3392 Benasco

362 3435 545 3502 Ilerdensis
565 3434 780 3502 ecclesiarum
803 3431 1028 3499 archidiaconi
1052 3430 1174 3497 dantur
1197 3437 1451 3496 conservatores
1474 3429 1517 3495 ad
1535 3430 1720 3515 quinquen-

356 3542 456 3607 nium
471 3539 583 3607 abbati
600 3548 635 3605 et
650 3539 832 3606 conventui
848 3536 1041 3603 monasterii
1058 3536 1090 3603 S.
1107 3534 1276 3600 Laurentii
1289 3535 1384 3620 juxta
1397 3533 1571 3614 Leodium,
1588 3535 1629 3600 O.
1642 3534 1719 3601 S.B.

405 3644 570 3712 Militanti
586 3644 767 3711 ecclesie...

405 3749 486 3815 Dat.
500 3747 601 3814 Avin.
622 3768 658 3833 15
675 3747 741 3814 kal.
758 3747 869 3834 aprilis
884 3767 974 3812 anno
991 3765 1020 3829 7.

392 3892 456 3953 Reg.
468 3892 516 3941 Ar.
533 3892 570 3950 18,
583 3892 601 3940 t.
613 3892 668 3950 306,
681 3906 706 3941 rr.
721 3893 752 3939 66
764 3907 770 3948 ;
783 3890 842 3939 Vat.
856 3894 893 3947 75,
907 3891 994 3947 1272,
1010 3905 1034 3938 u.
1049 3891 1109 3938 1721
1125 3891 1211 3949 (nour.
1225 3890 1308 3952 1758).

406 4073 547 4154 1140.
1402 4108 1465 4151 12
1516 4109 1533 4151 r
1574 4109 1677 4152 mare.

405 4190 425 4269 J
429 4191 564 4273 ohanni,
580 4191 655 4258 duci
673 4191 900 4277 Lotharingie,
916 4191 1101 4277 denegatur
1116 4192 1207 4277 quod
1222 4192 1374 4278 religiose
1391 4107 1557 4272 1113113131θὲ
1572 4212 1637 4277 que
1661 4191 1721 4256 sub

356 4314 440 4361 cura
466 4294 605 4361 fratrum
630 4295 880 4361 Predicatorum
914 4296 1041 4376 vivunt,
1081 4296 1124 4361 ad
1156 4297 1369 4362 diocesariam
1404 4304 1608 4381 potestatem
1638 4293 1722 4360 redi·

356 4406 491 4484 gantur.

407 4589 425 4630 «
443 4564 602 4647 Johanni,
618 4565 692 4630 duci
710 4564 937 4650 Lotharingie.
955 4564 1040 4631 Rem
1056 4586 1180 4632 novam
1196 4570 1336 4650 anobis,
1354 4572 1410 4652 fili,
1426 4574 1587 4657 postulas
1601 4577 1721 4641 anullo

355 4670 512 4759 principe
534 4670 709 4750 hactenus,
736 4669 826 4755 quod
849 4678 964 4735 nostra
987 4672 1150 4737 memoria
1173 4681 1299 4756 teneat,
1323 4678 1538 4761 postulatam,
1562 4679 1720 4747 videlieet

357 4774 454 4861 quod
470 4774 640 4859 religiosas
655 4774 810 4839 mulieres
826 4795 904 4840 cure
928 4795 967 4841 ac
982 4774 1158 4841 directioni
1176 4778 1313 4843 fratrum
1330 4779 1581 4848 Predicatorum
1598 4784 1721 4849 ordinis

355 4881 550 4965 deputatas,
566 4880 607 4943 ab
630 4878 777 4964 ipsorum
804 4887 976 4964 potestate
1000 4879 1182 4947 debeamus
1197 4881 1380 4949 subducere
1396 4906 1436 4951 ac
1451 4887 1493 4952 ad
1510 4887 1722 4954 diocesariam

394 5067 404 5072 ‚
415 5063 674 5070 ——-..——.-
685 5065 1068 5072 ——..---—.—.-..-.-.--—

374 5182 399 5229 1.
418 5175 500 5225 Gilles
511 5174 543 5223 de
557 5174 735 5233 Montfaucorr,
749 5172 852 5223 nomme
864 5172 960 5235 eroque
972 5174 1004 5222 dc
1018 5174 1093 5221 Terni
1110 5175 1133 5221 le
1147 5177 1159 5223 7
1173 5176 1224 5222 urai
1241 5176 1309 5223 1309.
1325 5177 1362 5224 uf.
1377 5191 1401 5225 rr.
1420 5180 1473 5225 718,
