4409 6017
514 691 573 757 106
1056 692 1203 757 Premibrs
1225 694 1327 758 anne'a

512 841 617 927 lapsui
633 848 745 907 vestro
761 842 983 927 compatimur
998 848 1032 907 et
1048 850 1256 927 nequeuntes
1278 851 1417 929 paterne
1432 843 1618 911 dulcedinis
1644 845 1807 924 oblivisci,
1829 845 1865 911 de

513 947 619 1013 salute
635 954 744 1012 vestra
759 946 928 1011 reddimur
943 955 1058 1011 mente
1085 947 1228 1029 solliciti,
1246 948 1419 1033 cupientes
1434 969 1495 1014 vos
1521 952 1563 1014 ab
1579 948 1679 1015 inviis
1701 950 1824 1015 retrahi
1839 958 1868 1014 et

513 1054 546 1116 in
562 1051 651 1116 viam
667 1058 792 1116 rectam
808 1051 937 1132 adduci,
954 1072 996 1116 ne
1013 1051 1150 1117 tandem
1167 1051 1342 1118 inveterati
1360 1053 1392 1117 in
1410 1052 1542 1139 incepta
1563 1053 1702 1139 perfidia
1718 1053 1753 1118 in
1769 1051 1870 1139 perdi·

512 1154 614 1220 tionis
629 1155 760 1221 foveam
783 1154 945 1221 incidatis.
973 1155 1115 1242 Propter
1135 1157 1226 1241 quod
1241 1155 1283 1222 ad
1307 1157 1451 1222 multum
1477 1157 1634 1242 gaudium
1657 1157 1755 1223 nobis
1779 1159 1873 1223 cessit

514 1258 603 1343 quod
618 1279 689 1339 vos,
706 1259 790 1324 sicut
817 1259 1012 1340 audivimus,
1028 1269 1105 1346 post
1131 1269 1184 1326 tot
1207 1281 1360 1326 excessus
1386 1268 1567 1326 tractatum
1592 1262 1773 1346 quemdam
1802 1282 1873 1327 cum

513 1363 642 1448 prefato
666 1384 743 1447 rege
759 1362 942 1444 Ludovic0,
958 1365 1037 1430 dum
1061 1365 1201 1446 viveret,
1217 1366 1341 1430 abolim
1368 1373 1575 1451 assumptum
1599 1366 1642 1431 de
1664 1386 1751 1452 pace
1773 1366 1876 1456 solida

515 1467 655 1533 invicem
671 1467 890 1548 reformanda,
907 1490 982 1533 cum
999 1469 1131 1554 prefato
1146 1491 1223 1556 rege
1239 1469 1395 1555 Philippo
1411 1470 1587 1555 superstite
1603 1470 1747 1536 sollicite
1768 1490 1876 1556 prose·

513 1580 662 1657 quentes
679 1594 739 1658 pro
756 1572 856 1658 ipsius
872 1574 1077 1658 perfectione
1093 1582 1257 1639 tractatus
1273 1574 1404 1640 habetis
1431 1573 1464 1638 in
1481 1574 1582 1660 ipsius
1598 1573 1684 1659 regis
1710 1576 1878 1661 presentia

511 1698 713 1763 comparere.
730 1678 833 1762 Super
859 1699 926 1761 quo
953 1680 1048 1744 vobis
1064 1680 1179 1764 procul
1200 1679 1302 1744 dubio
1327 1661 1587 1763 congaudemus,
1605 1679 1796 1746 dummodo
1811 1700 1877 1744 non

512 1790 644 1848 tantum
674 1783 706 1846 in
734 1782 841 1848 verbis
868 1791 902 1847 et
928 1783 1014 1849 fictis
1040 1784 1263 1869 applausibus,
1291 1783 1349 1849 sed
1374 1803 1433 1869 per
1460 1781 1646 1849 efficaciam
1672 1804 1814 1870 operum
1846 1795 1879 1849 et

512 1886 751 1972 perfectionem
767 1894 929 1952 tractatus
945 1888 1103 1972 ejusdem,
1120 1908 1160 1952 ea
1175 1909 1240 1972 que
1255 1887 1347 1973 pacis
1368 1894 1445 1952 sunt
1470 1888 1684 1954 ostenderitis
1709 1888 1744 1952 in
1761 1888 1879 1954 vestris

512 2012 584 2056 esse
599 1992 752 2057 cordibus
767 1991 923 2058 radicata.
940 1992 1063 2058 Verum
1079 1993 1237 2077 quoniam
1266 1993 1308 2058 ad
1324 1992 1389 2058 hoc
1405 1991 1562 2076 antiquus
1586 1992 1692 2059 hostis
1716 1992 1878 2068 innititur,

511 2095 553 2161 ad
569 2096 634 2162 hoc
649 2096 914 2180 frequentissime
936 2118 1011 2163 suas
1027 2097 1135 2163 tendit
1152 2097 1287 2164 insidias
1312 2106 1346 2163 et
1362 2096 1404 2162 ad
1419 2097 1486 2162 hoc
1512 2097 1679 2166 interdum
1694 2119 1731 2163 se
1748 2097 1876 2184 pericu-

511 2200 581 2264 lose
597 2200 630 2263 in
646 2200 727 2266 lucis
743 2201 897 2285 angelum
912 2202 1132 2287 transfigurat,
1149 2210 1185 2267 ut
1210 2203 1381 2287 perturbet
1397 2200 1487 2286 pacis
1503 2201 1651 2286 optande
1677 2202 1820 2268 consilia
1843 2211 1876 2267 et

511 2302 710 2369 zizaniorum
726 2313 858 2390 spargat
873 2306 1010 2384 semina,
1027 2326 1140 2390 sparsa
1156 2305 1268 2371 foveat
1285 2313 1319 2370 et
1332 2312 1517 2384 conservet,
1530 2313 1566 2370 et
1582 2305 1734 2370 nonnulli
1751 2306 1877 2371 ‘etiam

511 2406 628 2473 discoli
638 2409 753 2488 hostis,
763 2408 930 2493 adjutores
940 2409 1049 2494 ipsius,
1057 2430 1236 2476 accensum
1249 2408 1358 2493 ignem
1370 2408 1470 2495 ipsius
1480 2408 1586 2474 bostis
1595 2408 1706 2475 studio
1716 2417 1878 2494 tanquam

511 2511 608 2597 lignis
624 2512 808 2578 nutrientes
825 2513 962 2598 injectis,
979 2514 1142 2579 seminare
1158 2513 1314 2580 scandala
1324 2534 1430 2598 eaque
1440 2515 1543 2579 verbo
1558 2515 1612 2578 vel
1628 2513 1719 2579 facto
1735 2513 1878 2579 solidare

513 2624 684 2696 conantur,
701 2638 763 2682 nos
779 2617 916 2684 addicti
932 2618 1023 2701 regni
1041 2617 1191 2698 Francie,
1207 2617 1250 2683 ad
1263 2617 1353 2703 quod
1365 2616 1499 2703 originis
1514 2617 1600 2683 ratio
1615 2638 1678 2684 nos
1689 2617 1878 2704 specialiter

512 2720 626 2800 afficit,
643 2730 677 2788 et
693 2722 779 2807 regis
794 2722 933 2808 predicti
957 2723 989 2787 in
1015 2744 1082 2807 quo
1098 2722 1252 2788 Romana
1278 2731 1386 2788 mater
1402 2722 1553 2788 Ecclesia
1577 2722 1751 2808 singularis
1773 2722 1877 2790 devo·

512 2825 613 2892 tionis
628 2826 926 2913 promptitudinem
943 2834 977 2893 et
999 2848 1062 2892 nos
1077 2827 1236 2893 affectum
1251 2827 1437 2893 reverentie
1462 2826 1569 2893 filialis
1584 2826 1759 2894 evidenter
1783 2848 1878 2915 repe-

512 2929 593 2997 risse
608 2930 759 3012 letamur,
775 2931 1050 3016 tranquillitatem
1067 2938 1101 2998 et
1117 2952 1234 3017 pacem
1247 2952 1380 2998 necnon
1396 2929 1407 2965 ⁶
1421 2932 1463 2997 ad
1473 2933 1614 2998 salutem
1626 2938 1773 2998 vestram
1783 2941 1795 2967 ⁶
1805 2933 1879 2999 zelo

513 3041 651 3121 paterne
667 3035 813 3101 caritatis
835 3035 946 3101 affecti
962 3033 985 3116 Α,
1001 3057 1044 3101 ne
1060 3036 1093 3101 in
1109 3036 1278 3103 venatoris
1293 3056 1354 3102 vos
1370 3034 1543 3121 contingat
1558 3035 1705 3102 incidere
1728 3036 1877 3122 laqueos,

514 3159 575 3206 vos
609 3139 791 3207 salubribus
820 3140 956 3207 monitis
995 3140 1199 3227 providimus
1240 3140 1448 3222 muniendos,
1479 3139 1712 3207 universitates
1749 3151 1878 3209 vestras

512 3250 699 3326 monentes,
715 3253 870 3332 rogantes
897 3251 931 3311 et
957 3244 1133 3313 hortantes
1159 3245 1192 3311 in
1211 3244 1358 3312 Domino
1384 3242 1489 3324 Jhesu
1512 3243 1656 3326 Christo,
1673 3264 1756 3313 sano
1781 3247 1878 3314 vobis

512 3347 652 3416 consilio
667 3348 846 3416 suadentes
858 3357 1032 3435 quatenus,
1045 3349 1214 3437 premissis
1224 3348 1379 3416 omnibus
1394 3348 1537 3416 discrete
1549 3348 1707 3436 pensatis,
1720 3350 1763 3418 ad
1776 3350 1877 3438 ipsius

511 3454 596 3540 regis
626 3453 823 3520 fidelitatem
861 3462 894 3520 et
933 3455 1158 3521 obedientiam
1194 3458 1319 3541 absque
1355 3474 1449 3520 more
1486 3453 1661 3541 dispendio
1698 3456 1876 3542 spontanei

511 3558 689 3625 redeuntes
705 3568 749 3640 et,
766 3568 842 3645 post
857 3560 1014 3646 preterita
1031 3560 1255 3626 indevotionis
1271 3561 1400 3647 lapsum
1421 3569 1455 3625 et
1480 3558 1669 3625 rebellionis
1691 3579 1875 3636 excessum,

513 3662 665 3729 fortiores
689 3664 721 3728 in
748 3664 974 3730 continuanda
999 3665 1134 3730 adeum
1161 3664 1193 3729 in
1217 3671 1388 3751 posterum
1415 3664 1584 3730 fidelitatis
1608 3664 1817 3732 exhibitione
1842 3673 1876 3731 et

513 3767 689 3833 obediendi
713 3768 884 3854 proposito
910 3777 1128 3853 resurgentes,
1145 3769 1231 3834 circa
1255 3768 1496 3854 perfectionem
1522 3776 1682 3834 tractatus
1706 3768 1808 3854 ipsius
1830 3772 1877 3836 sic

512 3891 572 3936 vos
587 3871 795 3937 laudabiliter
809 3893 932 3956 gerere,
949 3873 1080 3958 rejectis
1096 3872 1234 3938 omnino
1250 3872 1411 3958 perversis
1434 3892 1720 3956 quorumcumque
1743 3893 1876 3958 sugges-

512 3975 668 4055 tionibus,
685 3977 855 4058 studeatis,
871 3978 961 4061 quod
976 3998 1033 4041 rex
1058 3978 1127 4063 ipse
1152 3978 1325 4043 vobiscum
1349 3977 1402 4061 pie
1427 3996 1524 4060 agere
1548 3996 1588 4041 ac
1611 3997 1672 4042 vos
1698 3976 1876 4043 admittere

512 4079 618 4144 solide
633 4079 675 4144 ad
690 4081 807 4164 regalis
822 4082 1058 4146 benevolentie
1073 4081 1234 4165 gremium
1251 4080 1427 4145 inclinetur
1445 4100 1582 4165 nosque,
1605 4080 1660 4165 qui
1682 4080 1747 4148 hoc
1768 4081 1876 4168 ipsum

512 4190 642 4267 gratum
659 4184 853 4250 habebimus
868 4185 1072 4250 ‘admodum
1089 4194 1123 4250 et
1139 4193 1325 4269 acceptum,
1342 4206 1403 4270 pro
1419 4184 1606 4269 hujusmodi
1623 4192 1736 4250 nostre
1758 4184 1877 4250 exhor·

514 4287 649 4353 tationis
665 4289 877 4355 exauditione
893 4290 1026 4368 devota,
1044 4311 1103 4354 vos
1115 4290 1288 4375 apostolici
1303 4289 1423 4354 favoris
1432 4290 1537 4372 gratia
1548 4288 1702 4373 prosequi
1715 4288 1749 4352 in
1759 4289 1878 4354 vestris

514 4392 795 4476 oportunitatibus
819 4393 1023 4459 inducamur.
1039 4393 1196 4478 Alioquin
1221 4393 1257 4472 si,
1281 4394 1371 4477 quod
1395 4394 1491 4472 absit,
1508 4393 1554 4458 sic
1579 4392 1732 4458 indurata
1756 4392 1878 4458 fuerint

514 4495 613 4561 corda
643 4504 753 4561 vestra
783 4506 819 4561 ut
849 4518 908 4582 per
929 4498 1031 4561 nimie
1062 4496 1287 4562 indevotionis
1325 4499 1431 4561 zelum
1469 4496 1501 4560 in
1529 4496 1725 4562 continuata
1750 4498 1879 4564 tamdiu

515 4600 641 4665 malitia
665 4600 847 4684 persistatis
868 4609 944 4686 post
977 4601 1166 4685 hujusmodi
1194 4609 1332 4687 paterna
1358 4609 1471 4666 nostra
1496 4602 1710 4686 humanaque
1736 4602 1877 4680 monita,

515 4704 598 4770 scire
614 4725 672 4769 vos
688 4706 842 4769 volumus
858 4706 946 4789 quod
963 4704 1004 4770 ad
1019 4706 1259 4771 relevationem
1283 4714 1317 4770 et
1343 4706 1586 4791 reparationem
1611 4726 1708 4772 cause
1731 4706 1877 4786 Domini,

516 4829 580 4894 que
588 4830 654 4873 non
663 4809 997 4875 leviterlediturcirca
1009 4810 1189 4876 subsidium
1197 4809 1226 4873 T
1227 4831 1297 4874 erre
1308 4811 1438 4889 Sancte,
1452 4811 1573 4875 nostris
1585 4831 1653 4875 non
1665 4810 1877 4877 mediocriter

549 5068 710 5115 anonnnlla
733 5084 781 5129 rep.
803 5069 935 5123 lua—b,
957 5085 1056 5118 necnon
1078 5086 1186 5133 irritaque
1205 5086 1254 5134 rep.
1276 5071 1331 5120 109.
1350 5099 1382 5106 —
1398 5088 1419 5120 c.
1442 5077 1551 5122 vestram
1573 5089 1681 5139 relataque
1700 5091 1748 5136 amq.
1772 5078 1825 5124 lll‘l.
1852 5104 1868 5110 -

517 5146 542 5197 d.
554 5148 639 5197 efficti
653 5165 702 5212 rep.
712 5152 766 5201 lou.
785 5179 807 5184 --
819 5167 838 5199 e.
846 5152 984 5200 habuimus
995 5169 1042 5215 rap.
1055 5154 1065 5199 l
1072 5155 1108 5201 lll.
