4409 6017
528 707 589 773 276
1062 704 1220 771 Troisieme
1240 707 1342 772 annea

526 858 611 924 dere*
627 857 728 923 debet
754 853 936 921 admodum
961 853 1051 919 cordi
1078 862 1203 934 nostro,
1219 856 1373 921 volentes
1399 875 1543 940 quoque,
1559 854 1646 921 sicut
1674 864 1830 921 tenemur
1850 865 1878 921 et

526 972 625 1049 prout
654 961 751 1026 nobis
782 959 945 1026 concedet
970 959 1171 1041 ditissimus,
1186 960 1291 1024 tantis
1314 959 1449 1025 obviare
1464 960 1627 1046 periculis,
1645 967 1680 1026 et
1705 969 1778 1026 tarn
1803 961 1878 1046 ipso
1905 1003 1907 1050 3

525 1087 598 1132 rum
624 1085 723 1151 quam
754 1064 933 1129 multarum
964 1063 1149 1129 animarum
1176 1062 1352 1150 providere
1383 1064 1492 1146 saluti,
1516 1072 1551 1129 te
1581 1064 1692 1129 virum
1723 1064 1877 1130 laudande
1906 1147 1907 1152 ἵ

524 1171 655 1236 virtutis
679 1169 772 1255 cujus
795 1187 972 1252 personam
994 1166 1185 1232 Altissimns
1212 1166 1426 1233 scientiarum
1456 1167 1645 1248 altitudine,
1676 1167 1877 1255 providentie
1906 1175 1907 1204 ³

523 1296 670 1355 munere,
686 1271 992 1358 circumspectionis
1007 1272 1123 1356 gratia,
1140 1270 1300 1337 industrie
1324 1272 1476 1338 claritate
1499 1270 1679 1356 multisque
1710 1271 1876 1336 virtutibus

523 1379 700 1465 insignivit,
717 1376 862 1442 humeris
888 1376 954 1441 tuis
979 1374 1182 1441 fortitudinis
1206 1378 1306 1440 robur
1330 1375 1477 1442 adiciens
1503 1384 1541 1442 ut
1565 1375 1607 1442 ad
1632 1375 1769 1441 laudem
1785 1375 1875 1441 divini

522 1482 666 1549 nominis
689 1483 879 1566 frequenter
903 1479 1016 1563 gravia
1043 1499 1145 1545 onera
1169 1479 1383 1565 supportatis,
1410 1479 1453 1545 de
1477 1480 1570 1566 cujus
1600 1500 1737 1564 quoque
1763 1478 1876 1544 meritis

520 1587 748 1675 plenissimam
764 1584 918 1650 fiduciam
935 1583 1137 1665 obtinemus,
1153 1582 1233 1648 licet
1248 1582 1337 1667 apud
1353 1582 1475 1649 Sedem
1486 1584 1630 1650 eandem
1645 1604 1687 1649 ex
1705 1582 1875 1648 eminentia

520 1692 568 1757 tui
596 1690 724 1757 consilii
745 1687 844 1753 valde
869 1688 1075 1753 necessarius
1090 1687 1242 1752 habearis
1269 1695 1305 1753 et
1330 1686 1415 1753 tanti
1443 1687 1503 1753 viri
1519 1686 1688 1775 presentia
1716 1706 1874 1753 careamus
1903 1721 1907 1752 l

520 1796 627 1874 inviti,
656 1800 793 1880 propter
824 1799 999 1875 urgentem
1026 1799 1141 1856 tamen
1166 1800 1201 1856 et
1225 1790 1453 1857 inevitabilem
1480 1791 1718 1858 necessitatem
1745 1789 1873 1878 pretacti

519 1897 655 1983 negotii,
672 1897 714 1962 ad
726 1904 838 1982 partes
849 1896 941 1979 regni
954 1893 1094 1960 Francie
1107 1895 1149 1961 de
1161 1895 1299 1961 fratrum
1314 1904 1506 1962 nostrorum
1521 1895 1663 1963 consilio
1677 1895 1873 1982 providimus

518 2003 762 2069 destinandum.
773 2000 938 2084 Quocirca
949 1999 1143 2066 discretioni
1155 1999 1440 2066 tue⁶mandamus
1449 2000 1617 2086 quatinus,
1629 2000 1752 2067 eodem
1763 1998 1873 2085 regein

519 2107 636 2172 eadem
667 2106 842 2170 voluntate
870 2104 1022 2185 durante,
1045 2103 1215 2189 prestandi
1251 2103 1377 2170 scilicet
1407 2112 1442 2169 et
1473 2103 1655 2191 recipiendi
1691 2103 1873 2171 securitates

518 2210 693 2297 predictas,
709 2208 856 2294 prefatos
871 2208 1031 2273 comitem
1056 2215 1091 2272 et
1118 2207 1342 2274 comunitates
1368 2206 1523 2274 Flandrie
1547 2216 1582 2273 et
1604 2208 1755 2293 singulos
1770 2228 1872 2273 eamu·
1906 2291 1907 2294 Ἴ

517 2314 595 2380 dem
611 2312 807 2398 generaliter
823 2321 857 2376 et
873 2320 1003 2377 ceteros
1025 2310 1109 2376 alios
1125 2312 1315 2397 prelibatos,
1330 2331 1390 2398 per
1404 2320 1440 2378 te
1460 2312 1514 2377 vel
1541 2311 1644 2378 alium
1660 2332 1720 2378 seu
1736 2312 1826 2395 alios,
1840 2332 1872 2376 er
1904 2357 1907 2404 ,

518 2427 611 2504 parte
623 2426 735 2483 nostra
747 2436 895 2497 monere,
907 2415 1072 2500 requirere
1084 2423 1120 2481 et
1130 2415 1287 2481 inducere
1304 2415 1438 2482 studeas
1447 2425 1484 2481 ut
1496 2416 1580 2482 infra
1590 2424 1721 2483 certum
1731 2437 1871 2503 peremp-

517 2523 639 2587 torium
655 2520 845 2601 terminum,
861 2540 962 2604 quern
989 2519 1036 2584 eis
1062 2518 1105 2585 ad
1121 2520 1187 2585 hoc
1202 2518 1335 2585 duxeris
1353 2520 1593 2606 prefigendum,
1609 2523 1652 2587 ab
1669 2521 1792 2588 eodem
1806 2540 1871 2605 rege

517 2626 679 2712 recipiant
695 2634 730 2689 et
746 2623 808 2709 ipsi
834 2623 894 2688 sibi
922 2622 1119 2689 securitates
1141 2623 1322 2688 exhibeant
1338 2632 1542 2690 memoratas
1557 2647 1566 2705 ;
1583 2623 1734 2709 alioquin
1751 2634 1872 2690 contra·

517 2729 662 2795 dictores
678 2728 844 2813 quoslibet
857 2734 891 2791 et
907 2728 1047 2792 rebelles
1065 2726 1224 2812 predictis
1235 2727 1357 2793 nostris
1369 2726 1611 2793 monitionibus
1626 2747 1696 2793 non
1713 2736 1870 2815 parentes,
1904 2723 1907 2768 7

517 2833 550 2896 in
586 2852 670 2917 quos
695 2853 737 2896 ex
764 2851 853 2895 nunc
880 2830 1202 2896 excomunicationis
1240 2850 1424 2916 eorumque
1453 2839 1558 2898 terras
1594 2839 1630 2897 et
1660 2832 1872 2918 pertinentias

517 2937 662 3022 ipsarum
678 2933 847 2999 interdicti
874 2934 1059 2999 sententias
1083 2933 1284 3000 auctoritate
1308 2935 1494 3020 apostolica
1515 2936 1781 3022 promulgamus,
1796 2945 1872 3002 tam·

515 3040 572 3105 diu
588 3060 648 3126 per
663 3039 775 3105 omnia
791 3040 865 3102 loca
881 3037 914 3100 in
931 3037 1050 3122 quibus
1066 3038 1223 3121 expedire
1247 3039 1443 3124 cognoveris
1459 3040 1737 3106 excomunicatos
1752 3060 1872 3106 eorum·

515 3165 580 3228 que
596 3152 699 3208 terras
715 3140 902 3227 suppositas
918 3141 1147 3207 ecclesiastico
1163 3142 1342 3208 interdicto
1358 3144 1490 3228 publice
1512 3142 1645 3208 nunties
1672 3152 1707 3209 et
1725 3145 1825 3210 facias
1838 3146 1872 3209 ab

515 3248 587 3311 aliis
614 3246 768 3324 nuntiari,
785 3244 958 3329 dictosque
990 3246 1263 3311 excomunicatos
1287 3249 1329 3311 ab
1356 3246 1510 3312 omnibus
1525 3246 1628 3313 artius
1644 3247 1774 3329 evitari,
1791 3247 1872 3314 omni

515 3371 647 3435 prorsus
663 3351 710 3414 eis
737 3350 769 3413 in
795 3351 857 3413 hac
881 3357 975 3433 parte
1003 3349 1240 3435 appellationis
1265 3350 1431 3416 beneficio
1447 3349 1640 3431 interdicto,
1656 3350 1769 3418 donec
1786 3372 1874 3438 super

515 3450 579 3515 biis
594 3450 741 3535 plenarie
758 3451 980 3517 satisfecerint
996 3461 1030 3517 et
1055 3452 1274 3518 absolutionis
1290 3453 1493 3519 beneficium
1515 3474 1574 3540 per
1597 3453 1721 3519 Sedem
1738 3456 1874 3522 eandem

515 3554 690 3618 dumtaxat
720 3556 901 3619 meruerint
932 3556 1093 3621 obtinere.
1131 3556 1231 3640 Quod
1261 3558 1286 3622 si
1326 3557 1412 3622 forte
1442 3566 1520 3644 post
1550 3558 1818 3643 publicationem
1845 3570 1875 3625 et

515 3656 808 3722 denunciationem
825 3659 1025 3742 hujusmodi,
1041 3681 1100 3745 per
1117 3680 1244 3741 eorum,
1260 3662 1351 3744 quod
1366 3661 1463 3744 absit,
1475 3661 1702 3743 insolentiam,
1715 3665 1875 3749 predictas

515 3760 699 3825 sententias
721 3760 978 3846 dampnabiliter
1001 3771 1283 3849 contempnentes
1305 3765 1411 3829 redire
1440 3785 1509 3830 non
1538 3766 1729 3833 curaverint
1751 3768 1796 3833 ad
1819 3768 1875 3834 Ec-

515 3863 614 3928 clesie
631 3863 805 3944 imitatem,
822 3874 856 3929 et
871 3875 1008 3952 propter
1024 3868 1099 3944 hoc,
1122 3888 1238 3932 eorum
1261 3867 1416 3953 exigente
1441 3870 1620 3954 protervia,
1644 3869 1744 3936 fuerit
1764 3882 1876 3938 contra

514 3988 572 4031 eos
587 3966 761 4052 disciplina
777 3969 1004 4035 ecclesiastica
1029 3971 1270 4036 rationabiliter
1295 3973 1516 4058 aggravanda,
1532 3980 1650 4039 contra
1663 3974 1764 4060 ipsos,
1781 3985 1875 4062 prout

516 4070 593 4135 facti
610 4070 749 4135 suaserit
765 4073 906 4155 qualitas
922 4073 976 4137 et⁶
992 4075 1148 4159 expedire
1171 4075 1379 4160 cognoveris,
1395 4075 1562 4163 predictas
1578 4078 1793 4163 aggravando
1809 4101 1876 4146 sen·

512 4174 636 4239 tentias
651 4174 830 4259 procedere
846 4196 914 4240 non
931 4178 1101 4258 obmittas,
1117 4187 1214 4244 tanto
1230 4178 1263 4243 in
1280 4180 1344 4245 hac
1371 4189 1465 4265 parte
1489 4180 1671 4247 ferventius
1686 4192 1808 4249 contra
1823 4205 1877 4249 eos

513 4278 690 4343 commisse
706 4278 926 4345 solicitudinis
941 4280 1001 4346 tibi
1018 4291 1131 4367 partes
1146 4282 1344 4368 adimplens,
1361 4294 1490 4366 quanto
1514 4285 1748 4352 detestabilius
1763 4308 1875 4354 eorum

512 4380 690 4445 insolentia
701 4402 761 4466 per
776 4386 915 4449 abusum
932 4393 1150 4466 excresceret,
1161 4386 1186 4450 si
1205 4406 1264 4471 per
1279 4386 1488 4471 patientiam,
1500 4388 1605 4453 immo
1621 4389 1875 4457 conniventiam

512 4484 601 4548 dicte
618 4484 720 4565 Sedis,
737 4487 916 4552 transirent
933 4508 1088 4555 excessus
1104 4490 1294 4574 hujusmodi
1321 4490 1508 4573 incorrecti,
1527 4493 1667 4577 illosque
1683 4514 1726 4558 ex
1753 4493 1804 4560 eis
1826 4496 1876 4580 qui

510 4587 619 4652 clerici
637 4587 766 4669 fuerint,
783 4591 1009 4674 cujuscunque
1026 4600 1142 4675 status,
1160 4593 1294 4674 ordinis,
1311 4593 1484 4679 dignitatis
1506 4597 1562 4660 vel
1589 4596 1797 4663 conditionis
1824 4621 1876 4665 ex·

510 4690 648 4768 titerint,
673 4692 899 4775 dignitatibus,
925 4696 1167 4780 personatibus,
1193 4697 1447 4765 canonicatibus
1472 4709 1508 4765 et
1532 4700 1713 4787 prebendis
1741 4710 1777 4767 et
1808 4703 1874 4768 aliis

510 4795 681 4860 beneficiis
705 4798 938 4864 ecclesiasticis
962 4800 1225 4886 quibuscunque,
1242 4812 1276 4867 et
1301 4810 1371 4867 tarn
1395 4824 1453 4870 eos
1479 4826 1579 4889 quam
1596 4804 1679 4871 alios
1695 4807 1874 4891 prelibatus

513 4896 626 4972 tendis,
643 4900 667 4963 si
685 4922 749 4983 qua
765 4906 805 4965 ab
822 4903 971 4968 ecclesiis
987 4913 1020 4967 et
1046 4906 1197 4989 personis
1221 4907 1455 4973 ecclesiasticis
1480 4909 1647 4989 obtinent,
1664 4929 1705 4974 ac
1727 4911 1801 4996 jure
1822 4931 1872 4995 pa·

544 5143 570 5177 a,
585 5137 629 5175 tiu·
643 5146 750 5191 irritatque
763 5147 813 5192 my.
826 5159 856 5164 —
870 5129 891 5179 d,
903 5139 1045 5194 otiumque
1057 5150 1108 5196 rep.
