4409 6017
940 476 1097 542 Deuxihme
1119 478 1220 541 annea.
1702 475 1759 539 217

455 625 610 691 «Dilecto
637 625 706 690 filio
732 625 835 691 nobili
859 624 931 689 viro
955 623 1114 705 Johanni,
1130 626 1245 691 comiti
1268 624 1501 706 Namurcensi,
1518 632 1581 690 etc.
1606 622 1678 688 Tue
1703 624 1759 688 de-

417 728 545 794 votionis
568 737 663 814 grata
687 729 859 794 sinceritas
883 749 947 813 qua
967 727 1156 794 Romanam
1177 729 1353 795 ecclesiam
1374 728 1535 794 revereris
1558 735 1596 793 ut
1617 737 1759 792 matrem

420 852 496 896 more
510 832 626 897 devoti
641 833 709 912 filii,
726 840 935 917 promeretur
949 841 986 898 ut
1002 853 1064 897 nos
1087 833 1236 898 invenias
1250 833 1293 898 ad
1307 833 1447 918 gratiam
1458 832 1621 898 liberales.
1637 830 1760 896 Oblata

423 936 564 1019 siquidem
592 937 689 1001 nobis
719 945 776 1001 tua
802 937 923 1022 petitio
954 937 1160 1015 continebat,
1185 937 1275 1021 quod
1298 947 1337 1003 tu
1366 946 1401 1002 et
1424 937 1675 1023 predecessores
1701 935 1759 1014 tui,

425 1040 544 1105 comites
560 1039 818 1121 Namurcenses,
835 1040 889 1125 qui
914 1040 1046 1105 fuerunt
1061 1061 1123 1126 pro
1137 1049 1301 1127 tempore,
1317 1043 1462 1127 capellas
1481 1039 1704 1106 consistentes
1727 1039 1760 1101 in

427 1143 518 1208 castris
533 1165 591 1208 seu
614 1143 786 1209 fortaliciis
801 1145 981 1210 comitatus
997 1145 1156 1230 ejusdem,
1172 1145 1206 1209 in
1230 1146 1348 1230 quibus
1365 1154 1403 1211 tu
1427 1154 1461 1211 et
1484 1145 1564 1211 dicti
1588 1144 1761 1230 predeces-

427 1268 497 1311 sores
511 1268 549 1312 ac
565 1248 613 1312 tui
630 1256 797 1314 eteorum
824 1248 1001 1313 familiares
1022 1248 1236 1334 ipsorumque
1260 1257 1444 1315 castrorum
1469 1248 1636 1328 custodes,
1652 1246 1761 1311 officia

427 1351 623 1416 consuevistis
646 1351 759 1417 audire
784 1352 907 1432 divina,
933 1361 1001 1430 tam
1027 1353 1069 1418 de
1095 1352 1233 1437 antiqua
1263 1361 1299 1417 ct
1322 1355 1509 1438 approbata
1534 1360 1570 1417 et
1599 1351 1761 1416 hactenus

427 1455 539 1536 pacifice
567 1476 586 1519 a
611 1465 708 1521 tanto
733 1466 885 1542 tempore
911 1459 1087 1522 observata
1114 1457 1367 1537 consuetudine,
1384 1457 1474 1542 quod
1500 1457 1532 1520 in
1558 1455 1760 1522 contrarium

428 1558 563 1623 memoria
588 1578 657 1623 non
682 1560 805 1639 existit,
821 1581 922 1644 quam
946 1582 988 1624 ex
1014 1561 1189 1646 privilegio
1212 1562 1395 1646 apostolice
1411 1560 1514 1641 Sedis,
1530 1560 1621 1645 quod
1644 1560 1760 1645 prede·

427 1683 549 1728 cessores
564 1664 636 1749 ipsi,
652 1673 690 1729 ut
704 1665 821 1745 credis,
837 1665 1032 1744 habuerant,
1050 1686 1126 1731 cum
1142 1664 1277 1729 easdem
1293 1665 1437 1750 capellas
1453 1684 1570 1730 vacare
1593 1684 1654 1749 pro
1676 1671 1762 1728 tem·

426 1786 485 1849 pore
507 1768 733 1853 contingebat,
761 1768 982 1835 consuevistis
1007 1768 1038 1831 in
1064 1768 1226 1834 beneficia
1251 1776 1411 1854 perpetua
1441 1768 1590 1853 personis
1619 1766 1762 1852 ydoneis

427 1872 577 1955 assignare.
594 1871 679 1936 Cum
697 1882 809 1938 autem
825 1873 1013 1957 predictum
1040 1882 1075 1936 et
1100 1873 1262 1937 nonnulla
1277 1872 1342 1937 alia
1364 1871 1534 1957 privilegia
1561 1872 1593 1935 in
1618 1871 1761 1955 quadam

427 1974 515 2039 hostili
531 1976 704 2041 invasione
719 1976 892 2060 cujusdam
908 1997 948 2040 ex
966 1976 1082 2041 castris
1099 1976 1174 2057 tuis,
1191 1976 1245 2041 ubi
1263 1974 1450 2061 hujusmodi
1466 1975 1638 2060 privilegia
1654 1997 1762 2040 serva-

426 2079 523 2143 bantur
538 2081 598 2164 (¹),
615 2081 735 2146 amissa
751 2080 898 2160 fuissent,
915 2100 954 2145 ac
977 2080 1037 2144 tibi
1063 2089 1098 2145 et
1125 2079 1301 2145 heredibus
1324 2080 1389 2145 tuis
1404 2081 1625 2165 periculosum
1649 2088 1763 2164 posset

425 2182 544 2246 existere
568 2182 595 2247 si
620 2182 710 2248 dicte
725 2185 864 2268 capelle,
882 2184 915 2247 in
932 2184 1051 2269 quibus
1065 2184 1126 2248 tibi
1143 2204 1203 2269 pro
1218 2193 1404 2249 castrorum
1420 2184 1568 2269 ipsorum
1584 2184 1762 2248 securitate

425 2303 562 2366 personas
578 2286 715 2370 expedit
731 2287 853 2352 habere
869 2288 993 2364 fideles,
1008 2308 1068 2374 per
1093 2289 1157 2354 loci
1184 2288 1385 2353 ordinarium
1411 2288 1563 2374 personis
1587 2288 1764 2372 incognitis

426 2390 645 2469 conferrentur,
661 2392 758 2456 nobis
774 2392 944 2457 humiliter
959 2393 1151 2479 supplicasti
1174 2402 1209 2457 ut
1231 2393 1407 2478 providere
1427 2391 1487 2456 tibi
1513 2412 1611 2476 super
1634 2391 1698 2455 hoc
1721 2392 1763 2456 de

425 2503 571 2576 oportuno
587 2494 737 2559 remedio
753 2495 973 2580 dignaremur,
989 2496 1164 2582 presertim
1181 2516 1257 2562 cum
1273 2496 1316 2561 ad
1331 2504 1366 2560 te
1383 2496 1414 2559 in
1431 2496 1600 2561 nonnullis
1616 2494 1763 2561 ecclesiis

425 2597 587 2680 collegiatis
604 2598 785 2664 comitatus
800 2600 948 2683 ejusdem
964 2601 1132 2686 pertineat
1148 2600 1284 2666 collatio
1299 2600 1553 2686 prebendarum.
1567 2599 1640 2664 Nos
1657 2600 1763 2685 igitur,

423 2699 472 2763 tuis
485 2701 783 2786 supplicationibus
798 2702 958 2784 inclinati,
974 2704 1189 2789 presentandi
1216 2724 1376 2789 personas
1398 2705 1548 2788 ydoneas
1571 2704 1764 2788 dyocesano

424 2798 554 2869 locorum
570 2805 614 2870 ad
629 2807 775 2891 capellas
791 2807 937 2887 easdem,
953 2828 1030 2873 cum
1047 2828 1104 2872 eas
1118 2827 1237 2873 vacare
1252 2807 1436 2893 continget,
1452 2810 1499 2872 ita
1521 2807 1611 2892 quod
1636 2810 1763 2872 nullum

422 2922 466 2985 per
479 2908 542 2973 hoc
566 2910 829 2994 parrochialibus
853 2911 1001 2976 ecclesiis
1025 2911 1244 2997 prejudicium
1271 2920 1456 2996 generetur,
1472 2912 1677 2998 presentium
1704 2912 1763 2980 tibi

421 3012 602 3078 auctoritate
618 3014 834 3079 concedimus
849 3015 891 3080 de
906 3015 1011 3099 gratia
1026 3016 1173 3102 speciali.
1196 3014 1289 3081 Nulli
1314 3036 1394 3101 ergo
1418 3024 1482 3082 etc.
1499 3026 1612 3082 nostre
1628 3037 1764 3081 conces-

420 3111 503 3179 sionis
519 3116 698 3200 infringere
714 3125 778 3182 etc.
797 3117 874 3184 Dat.
891 3119 990 3183 Avin.
1009 3140 1025 3184 2
1044 3140 1124 3184 non.
1141 3119 1251 3205 aprilis
1267 3140 1357 3185 anno
1375 3141 1403 3185 2.
1420 3141 1438 3182 u

442 3256 549 3310 litiginal
571 3270 623 3302 alix
648 3256 770 3302 Archives
790 3257 824 3303 du
848 3258 1004 3317 ltoyaumea
1021 3258 1159 3316 Bruxellcs,
1173 3259 1274 3306 chartea
1292 3258 1603 3313 descomtesileh'acnur,
1618 3272 1641 3302 n.
1664 3260 1715 3303 lta.

421 3329 465 3389 tea.
480 3340 524 3384 lv.
540 3339 562 3392 a,
577 3337 596 3385 1.
611 3340 623 3381 a
638 3337 711 3386 :Van
725 3339 762 3391 ss,
777 3339 793 3385 1,
810 3340 847 3388 ao,
863 3353 887 3385 ιι.
907 3341 967 3385 1132
979 3339 1001 3385 n.

451 3504 555 3587 551.
1460 3526 1555 3605 1318,
1579 3543 1600 3602 5
1623 3523 1719 3586 avril.
1735 3496 1747 3511 Ι

452 3619 609 3706 Magistro
627 3621 726 3687 Petro
744 3621 851 3702 Fabri,
875 3624 1046 3709 preposito
1071 3625 1210 3689 ecclesie
1228 3627 1262 3690 S.
1280 3624 1465 3711 Walburgis
1483 3626 1671 3705 Fumensis‚
1690 3624 1765 3690 Mo-

419 3722 540 3791 rinensis
552 3726 703 3803 diocesis,
716 3748 803 3812 pape
813 3730 954 3809 notario,
968 3730 999 3793 in
1012 3729 1209 3795 diaconatus
1225 3731 1340 3796 ordine
1357 3733 1552 3810 constituto,
1571 3732 1765 3797 conceditur

420 3824 606 3914 dispensatio
623 3839 659 3895 ut
684 3851 787 3916 usque
808 3833 850 3899 ad
867 3833 986 3898 festum
1013 3834 1174 3898 Omnium
1201 3837 1402 3904 Sanctorum
1420 3838 1597 3903 sacerdotii
1614 3838 1764 3903 ordinem

422 3933 550 4019 recipere
567 3934 706 3999 minime
723 3944 886 4002 teneatur.

455 4035 498 4102 Ex
522 4049 694 4104 tuarum...

456 4140 524 4207 Dat.
542 4144 643 4208 Avin.
659 4165 738 4209 non.
754 4146 866 4229 aprilis
882 4167 971 4210 anno
989 4168 1016 4210 2.

451 4278 500 4341 lag.
510 4285 556 4330 Ar.
569 4285 591 4338 8,
605 4284 622 4330 f.
635 4286 698 4339 319;
712 4285 769 4331 Vnt.
780 4288 818 4333 67.
832 4287 848 4333 f.
862 4290 916 4333 207.
930 4302 954 4333 n.
968 4289 1022 4335 caii.

456 4443 558 4529 552.
1462 4490 1478 4531 1
1506 4490 1523 4531 1
1591 4488 1604 4501 ’
1627 4468 1723 4532 αυνίί.

458 4559 618 4649 Stephano
633 4565 675 4629 de
693 4567 766 4630 filiis
782 4567 952 4653 Stephani,
969 4571 1084 4654 nepoti
1097 4569 1225 4652 jacobi,
1243 4572 1274 4637 S.
1291 4572 1423 4656 Georgii
1441 4472 1614 4638 addeiufn
1632 4593 1767 4637 aureum

455 4810 469 4855 ¹¹
484 4812 623 4864 mummio
635 4823 703 4864 ‹ct-tc
721 4819 855 4864 formonso
873 4830 908 4863 ost
929 4823 1051 4871 inconnu.
1068 4824 1106 4869 cc.
1132 4824 1194 4874 biot.
1219 4824 1367 4870 [maathica
1383 4825 1424 4870 dn«
1442 4826 1542 4873 alana
1562 4824 1604 4871 dcv
1627 4822 1768 4872 cormarrin

434 4887 515 4953 ,lirnnng
527 4898 633 4959 piciacc,
647 4915 670 4963 P·
688 4902 706 4947 l·
