4409 6017
898 770 1044 837 Premilre
1065 770 1167 835 annea.
1651 770 1715 839 :rit

344 937 478 1013 genses,
495 927 623 992 incolas
638 935 672 991 et
688 924 950 992 communitates
977 922 1135 990 Flandrie
1162 923 1205 988 ad
1231 922 1374 988 eandem
1398 932 1517 1008 pacem
1539 922 1715 988 inducant.

390 1032 576 1118 Sperantes
591 1029 625 1094 in
640 1027 782 1096 dilectis.
792 1078 815 1093 ..

391 1135 473 1200 Dat.
491 1142 529 1200 ut
546 1153 655 1219 supra.

381 1271 444 1333 Bag.
453 1271 515 1320 Vat.
525 1271 577 1329 110,
590 1284 649 1333 pani
661 1269 680 1329 l,
693 1269 711 1317 f.
723 1269 763 1327 35,
775 1282 800 1316 11.
815 1271 867 1317 lun.
879 1296 911 1302 —
924 1267 1029 1325 Coulon,
1042 1268 1132 1315 11368.

390 1464 508 1548 413.
1376 1401 1509 1555 [1317]
1528 1469 1569 1533 26
1584 1476 1672 1535 aortt.

392 1580 581 1662 Ludovico,
591 1578 707 1645 comiti
725 1576 929 1656 Ebroicensi,
947 1576 1002 1661 qui
1019 1573 1174 1660 Philippi,
1187 1574 1273 1659 regis
1290 1572 1442 1652 Francie,
1457 1573 1591 1658 nepotis
1606 1574 1666 1653 sui,
1683 1582 1717 1637 et

352 1685 444 1771 regni
460 1683 598 1770 negotia
609 1682 784 1763 direxerat,
800 1681 923 1764 gratias
932 1679 1001 1764 agit
1013 1699 1157 1763 eumque
1168 1678 1320 1743 hortatur
1334 1676 1569 1761 quatinusnon
1581 1677 1717 1764 permit·

355 1797 405 1854 tat
421 1788 516 1873 quod
532 1808 574 1852 ex
589 1786 726 1852 deiectu
740 1783 938 1851 sufficientis
954 1781 1140 1848 securitatis
1165 1780 1344 1867 prestande
1361 1779 1554 1864 Flamingis‘
1567 1778 1610 1844 de
1626 1780 1718 1865 pacis

355 1892 602 1971 observatione,
618 1888 712 1977 pacis
738 1888 840 1974 ipsius
864 1886 1111 1952 consummatio
1135 1884 1337 1971 impediatur
1351 1884 1561 1968 aliquatenus
1583 1886 1637 1948 vel
1652 1891 1718 1949 tar-

355 1996 462 2062 detur.

396 2098 485 2179 Tibi,
502 2098 559 2179 fili,
575 2097 703 2164 sicut...

309 2265 310 2272 ,
398 2202 479 2268 Dat.
497 2220 516 2287 7
532 2198 836 2287 kahseptembris-

387 2348 448 2410 Bag.
461 2347 522 2397 Vat.
537 2350 589 2406 110,
601 2361 661 2410 pars
673 2347 694 2406 Ι,
705 2346 724 2395 i.
733 2348 783 2405 bit,
795 2348 885 2394 11172.
899 2372 929 2381 -
937 2344 1042 2404 Coulon,
1051 2360 1076 2393 n.
1089 2345 1137 2392 369
1146 2344 1276 2407 (extruit).

397 2536 517 2618 414.
798 2540 801 2545 ’
1381 2551 1514 2640 [1317],
1531 2570 1574 2638 27
1589 2559 1676 2640 anat.

400 2655 529 2722 Nuntii
545 2655 721 2742 apostolici
737 2656 779 2722 de
795 2655 859 2721 hiis
875 2676 939 2740 que
954 2655 996 2721 de
1012 2675 1096 2741 pace
1113 2653 1269 2721 Flandrie
1284 2657 1523 2743 rescripserunt
1547 2677 1721 2722 commen-

361 2758 482 2825 dantur
508 2758 610 2825 etde
636 2766 755 2824 tenore
781 2759 999 2844 quarumdam
1024 2759 1209 2825 litterarum
1230 2759 1396 2846 Philipp0,
1422 2763 1488 2848 regi
1518 2762 1668 2844 Francie,
1687 2749 1721 2828 et

361 2863 529 2929 nonnullis
543 2862 616 2928 aliis
630 2862 832 2929 directarum
847 2862 1006 2929 certiores
1022 2862 1107 2928 fiunt
1122 2864 1236 2948 eisque
1259 2863 1338 2949 quid
1353 2885 1450 2950 agere
1472 2865 1617 2932 debeant
1634 2867 1721 2931 noti-

362 2967 492 3034 ficatur.
608 2965 612 2972 ’
834 2963 836 2968 ’

402 3198 421 3239 a
439 3174 631 3240 Venerabili
647 3175 738 3240 fratri
754 3174 942 3259 Raynald0,
958 3175 1211 3260 archiepiscopo
1227 3174 1437 3255 Bituricensi,
1453 3184 1488 3241 et
1511 3176 1636 3241 dilecto
1653 3175 1723 3239 filio

309 3297 310 3324 ¹
361 3278 451 3343 fratri
480 3277 682 3363 Berengario
701 3277 743 3343 de
760 3277 940 3358 Laudorra,
964 3278 1123 3362 magistro
1150 3279 1273 3344 ordinis
1301 3279 1437 3343 fratrum
1462 3278 1722 3359 predicatorum,

361 3383 473 3448 electo
489 3381 775 3468 compostellano,
782 3382 967 3467 apostolice
979 3381 1072 3447 Sedis
1088 3381 1222 3447 nuntiis.
1235 3382 1286 3447 Ex
1301 3382 1421 3448 litteris
1432 3384 1559 3465 vestris,
1568 3404 1649 3468 quas
1664 3383 1722 3447 leti

361 3484 580 3571 suscepimus
596 3485 693 3551 nobis
709 3485 855 3551 innotuit
871 3486 1012 3570 qualiter
1028 3486 1061 3550 in
1079 3484 1235 3552 Flandria
1251 3508 1328 3551 cum
1345 3488 1469 3552 comite
1485 3496 1519 3552 et
1535 3487 1723 3553 comunita-

361 3589 452 3655 tibus
466 3588 632 3673 aliquibus
648 3587 804 3655 Flandrie
819 3588 981 3654 habuistis
996 3609 1095 3674 super
1110 3610 1193 3675 pace
1210 3590 1297 3654 inter
1319 3590 1524 3655 carissimum
1541 3591 1573 3654 in
1591 3589 1725 3655 Christo

362 3692 468 3758 filium
499 3699 652 3758 nostrum
683 3691 886 3778 Philippum,
916 3690 1033 3778 regem
1062 3691 1202 3759 Francie
1233 3702 1267 3758 et
1299 3693 1449 3759 Navarre
1487 3694 1659 3773 illustrem,
1691 3701 1726 3757 et

364 3796 588 3862 llandrenses
604 3796 693 3883 ipsos
708 3796 890 3876 solidanda,
907 3797 1113 3881 colloquium
1137 3809 1172 3863 et
1195 3798 1293 3881 quale
1316 3798 1510 3883 reportastis
1536 3800 1578 3863 ab
1601 3796 1727 3862 eisdem

362 3900 486 3966 exinde
513 3921 709 3987 responsum
725 3910 759 3966 et
775 3900 947 3984 quomodo
963 3901 1065 3966 etiam
1082 3901 1116 3966 in
1132 3902 1260 3966 octavis
1276 3901 1351 3966 festi
1368 3901 1617 3987 Assumptionis
1628 3904 1727 3966 beate

364 4003 508 4089 Virginis
532 4024 609 4069 cum
633 4004 900 4089 procuratoribus
922 4004 1069 4090 ipsorum
1090 4005 1223 4070 comitis
1242 4014 1277 4070 et
1302 4005 1547 4070 comunitatum
1568 4003 1729 4070 debuistis

365 4105 509 4171 Parisius
524 4125 639 4171 coram
654 4108 823 4192 presentia
849 4107 938 4192 regia
954 4128 1053 4193 super
1077 4107 1144 4173 hoc
1171 4110 1362 4175 convenire.
1378 4110 1456 4176 Alia
1482 4110 1671 4193 etiamque
1695 4109 1728 4172 in

364 4210 485 4275 litteris
501 4211 758 4276 continebantur
773 4212 900 4277 eisdem
917 4211 1143 4276 intelleximus
1158 4211 1343 4297 diligenter,
1360 4213 1480 4278 vestris
1503 4212 1616 4296 utique
1640 4233 1731 4277 com-

363 4313 536 4399 patientes
552 4313 706 4380 humanis
721 4315 888 4379 laboribus
904 4323 1082 4399 vestreque
1098 4315 1317 4382 solicitudinis
1333 4338 1373 4382 ac
1388 4316 1559 4400 diligentie
1583 4315 1730 4380 studium

366 4418 399 4482 in
416 4417 607 4483 commissis
622 4418 717 4482 vobis
733 4419 869 4501 agendis
886 4418 1029 4483 fideliter
1044 4427 1078 4483 et
1095 4418 1275 4504 prudenter
1291 4419 1477 4485 adhibitum
1502 4419 1731 4504 multipliciter

367 4521 399 4585 in
416 4520 569 4586 Domino
584 4522 870 4587 commendantes.
888 4522 974 4586 Sane
990 4531 1027 4587 ut
1040 4543 1098 4587 rex
1115 4531 1149 4587 et
1165 4542 1279 4589 comes
1294 4545 1334 4589 ac
1349 4524 1574 4589 conrunitates
1589 4513 1729 4608 predicti

366 4626 544 4710 proniores
559 4623 746 4691 efficiantur
761 4626 804 4691 ad
813 4646 943 4711 pacem,
953 4634 1024 4691 tam
1041 4626 1101 4711 ipsi
1117 4626 1185 4710 regi
1201 4648 1301 4711 quam
1318 4626 1587 4713 procuratoribus
1598 4627 1731 4691 comitis

367 4730 887 4815 etcomunitatumpredictorum
898 4751 1005 4816 caper
1016 4730 1218 4815 apostolicas
1228 4731 1356 4797 litteras
1367 4732 1539 4797 scribimus
1549 4731 1730 4810 suadendo,

366 4854 434 4919 que
450 4831 494 4897 ad
509 4832 736 4898 inclinandum
753 4856 810 4899 eos
826 4834 868 4900 ad
884 4854 1001 4920 pacem
1019 4833 1161 4898 eandem
1187 4835 1344 4920 expedire
1367 4844 1534 4921 putamus.
1552 4835 1732 4899 Scribimus

366 4940 473 5004 etiam
488 4938 619 5004 dilectis
635 4939 709 5004 filiis
724 4939 890 5008 nobilibus
906 4938 984 5003 uiris
997 4990 1015 5003 ..
1033 4938 1155 5004 Valesii
1166 4948 1227 5004 et..
1242 4938 1394 5004 Marchie
1406 4940 1584 5006 comitibus
1595 4940 1641 5024 (¹)
1662 4951 1696 5003 et
1714 4989 1731 5002 ..

405 5187 427 5233 1.
448 5183 511 5245 roy.
524 5193 559 5232 ιν·
571 5186 654 5234 louet
668 5187 723 5234 tiu.
