4409 6017
982 665 1130 731 Huitieme
1151 666 1254 732 aune.
1743 667 1797 730 471

380 844 393 887 r
438 817 545 901 gratie
561 816 773 902 expectatire
799 815 954 880 beneficii
979 815 1199 881 ecclesiastici
1216 817 1258 882 ad
1282 816 1499 882 collationem
1515 815 1645 879 abbatis
1660 823 1695 879 et
1721 836 1799 880 con-

439 930 561 985 ventus
587 920 780 985 monasterii
806 919 837 985 S.
865 919 974 1003 Egidii
1006 919 1135 984 Publici
1168 917 1297 985 Montis
1334 940 1438 1006 prope
1470 917 1644 998 Leodium,
1677 920 1800 984 ordinis

438 1022 470 1087 S.
487 1024 675 1108 Augustini.

485 1126 679 1193 Laudabilia
695 1136 793 1193 tue...

484 1231 562 1296 Dat.
578 1232 678 1297 Avin.
695 1234 713 1296 8
731 1231 773 1297 id.
787 1231 929 1316 januarii
945 1251 1035 1297 anno
1051 1234 1081 1299 8.

484 1330 523 1394 ln
554 1353 583 1397 e.
613 1353 658 1396 nr.
689 1331 850 1415 magistro
879 1330 990 1397 Bindo
1020 1332 1062 1397 de
1092 1332 1197 1411 Senis,
1224 1329 1446 1413 Coloniensis,
1473 1333 1605 1397 notario
1636 1354 1732 1418 pape,
1765 1342 1798 1397 et

438 1435 470 1499 S.
489 1435 581 1500 Pauli
598 1435 792 1501 Leodiensis
815 1435 993 1521 prepositis
1019 1456 1059 1501 ac
1084 1437 1216 1502 decano
1240 1435 1389 1520 ejusdem
1406 1436 1437 1501 S.
1455 1434 1547 1501 Pauli
1571 1437 1796 1503 ecclesiarum.

472 1574 533 1634 neg.
548 1575 595 1622 nv.
608 1577 647 1631 ao,
664 1575 681 1624 r.
696 1576 759 1625 aar:
774 1574 833 1623 rat.
848 1578 887 1631 ro,
900 1577 917 1624 r.
933 1575 1000 1634 nav,
1013 1589 1038 1623 n.
1054 1577 1111 1625 ooo.

487 1742 620 1824 1272.
1471 1778 1565 1842 1524,
1579 1758 1600 1822 ό
1608 1756 1752 1840 J'anrrrer.

480 1861 606 1927 Gentili
623 1863 664 1928 de
681 1862 848 1928 Collealto
860 1860 1029 1927 confertur
1043 1860 1332 1928 archidiaconatus
1356 1859 1593 1946 Majoricarum
1611 1862 1643 1924 iu
1655 1861 1796 1926 ecclesia

435 1964 647 2051 Legionensi,
664 1987 788 2032 vacans
803 1987 862 2052 per
877 1966 1122 2032 assecutionem
1138 1986 1157 2030 a
1174 1965 1333 2051 magistro
1357 1966 1535 2051 Raynaldo
1552 1966 1593 2030 de
1611 1965 1685 2029 filiis
1709 1964 1795 2044 Ursi,

435 2071 568 2137 notario
590 2092 686 2157 pape,
711 2071 833 2137 factam
856 2071 898 2136 de
920 2070 1192 2137 archidiaconatu
1215 2070 1257 2135 de
1280 2068 1454 2157 Campinia
1480 2071 1511 2133 in
1539 2070 1680 2136 ecclesia
1712 2070 1796 2134 Leo·

433 2173 553 2256 diensi,
572 2197 640 2241 non
665 2180 820 2241 obstante
844 2175 934 2259 quod
961 2175 994 2239 in
1021 2173 1212 2241 Nicosiensi
1239 2195 1278 2241 ac
1302 2173 1503 2259 Legionensi
1532 2176 1680 2240 ecclesiis
1704 2187 1738 2239 et
1763 2176 1794 2238 in

432 2280 571 2345 basilica
602 2280 765 2367 Principis
790 2280 1018 2367 apostolorum
1044 2280 1087 2346 de
1113 2278 1207 2345 Urbe
1231 2279 1447 2345 canonicatus
1474 2289 1509 2343 et
1534 2281 1728 2365 prebendas,
1756 2301 1795 2344 ac

432 2390 614 2451 rectoriam
632 2386 772 2452 ecclesie
788 2385 819 2450 S.
837 2384 944 2450 Marie
959 2384 1002 2449 de
1018 2383 1209 2450 Petrasicca
1222 2393 1246 2463 ⁶,
1271 2380 1459 2448 Marsicaue
1480 2383 1631 2464 diocesis,
1654 2385 1794 2466 obtinet,

433 2511 535 2574 quam
550 2491 727 2557 rectoriam
742 2490 912 2557 dimittere
928 2489 1105 2554 tenebitur.

478 2594 568 2660 Dum
584 2596 627 2661 ad
643 2615 860 2681 personam...

479 2698 557 2765 Dat.
573 2699 673 2766 Avin.
690 2702 708 2765 8
725 2700 768 2766 id.
781 2698 921 2784 januarii
937 2718 1027 2764 anno
1043 2699 1073 2763 8.

477 2802 518 2869 ln
533 2825 563 2870 e.
579 2825 624 2870 m.
639 2803 874 2870 archidiacono
900 2803 942 2871 de
968 2803 1138 2882 Ardenna,
1154 2800 1361 2882 Leodiensis,
1384 2823 1423 2868 ac
1448 2800 1579 2869 Buxolo
1599 2802 1640 2868 de
1662 2802 1792 2884 Parma,

431 2907 643 2990 Veronensis
659 2917 693 2973 et
709 2907 847 2974 Giraldo
873 2908 914 2974 de
938 2906 1031 2988 Laio,
1055 2906 1345 2972 Claromonteusis
1373 2907 1587 2972 ecclesiarum
1614 2908 1791 2974 canonicis.

465 3048 524 3109 Reg.
538 3050 585 3095 Ar.
597 3050 635 3101 21.
649 3048 666 3096 l.
681 3050 755 3098 loll:
769 3046 827 3094 l'at.
844 3049 882 3103 77,
894 3047 913 3097 f.
931 3046 995 3106 1133
1007 3060 1032 3094 n.
1046 3047 1117 3093 1356.

475 3216 612 3300 1273.
1463 3252 1525 3294 12
1612 3233 1747 3301 «breviar.

473 3335 612 3420 Symoui
644 3333 769 3415 Billart,
806 3334 928 3399 clerico
959 3331 1162 3399 Morinensis
1191 3333 1343 3414 diocesis,
1374 3251 1790 3404 reseuiniiiseneficium

427 3439 701 3519 ecclesiasticum,
725 3438 853 3504 clericis
877 3438 1079 3504 secularibus
1105 3437 1264 3521 assignari
1293 3447 1502 3519 consuetum,
1531 3460 1607 3504 cum
1635 3461 1713 3505 cura
1736 3444 1790 3506 vel

427 3543 499 3609 sine
515 3564 594 3609 cura
611 3543 668 3625 (60
685 3544 739 3606 vel
756 3563 797 3626 40
813 3542 870 3607 lib.
887 3551 950 3608 tur.
966 3543 1089 3627 paru),
1105 3540 1148 3606 ad
1164 3540 1382 3607 collationem
1399 3543 1529 3607 abbatis
1552 3552 1586 3607 et
1603 3553 1790 3611 conventus

425 3648 619 3713 monasterii
637 3645 674 3711 B.
692 3645 800 3711 Marie
815 3646 858 3711 de
872 3645 1022 3727 Boionia,
1036 3645 1160 3711 ordinis
1172 3647 1207 3711 S.
1219 3646 1407 3730 Augustini,
1422 3645 1625 3712 Morinensis
1637 3648 1788 3714 diocesis.

472 3751 620 3836 Exiguut
634 3758 733 3815 tue...
1589 3753 1592 3757 ’

470 3858 549 3921 Dat.
566 3856 666 3921 Avin.
685 3875 702 3939 7
719 3855 763 3921 id.
776 3855 917 3940 januarii
935 3875 1026 3920 anno
1043 3857 1072 3920 8.

470 3960 509 4026 ln
523 3982 550 4026 e.
564 3982 609 4025 m.
619 3960 650 4026 S.
661 3960 819 4024 Germani
835 3961 877 4026 de
891 3960 998 4024 Pratis
1010 3960 1205 4026 Parisiensis
1221 3969 1255 4025 et
1269 3962 1299 4025 S.
1313 3961 1487 4027 Genovese
1504 3963 1782 4028 monasteriorum

422 4066 601 4131 abbatibus
618 4086 658 4130 ac
674 4064 802 4131 cantori
820 4063 1014 4130 Parisiensis
1031 4064 1185 4130 ecclesie.

456 4199 518 4259 Reg.
534 4203 580 4249 nv.
597 4203 636 4257 21,
652 4201 668 4249 f.
685 4203 761 4256 339v3
779 4200 838 4247 Van
853 4203 891 4258 77,
904 4202 921 4247 f.
932 4202 1000 4259 289*ss
1015 4216 1039 4249 n.
1055 4203 1124 4250 1807.

472 4365 611 4447 1274.
1435 4413 1527 4475 1524,
1546 4413 1585 4455 rr
1598 4390 1743 4473 jonuier.

467 4484 615 4563 Johanni
641 4486 775 4551 Andree
800 4486 842 4551 de
872 4486 982 4552 Halen
1011 4489 1180 4554 confertur
1204 4492 1422 4560 canonicatus
1450 4496 1591 4560 ecclesie
1620 4499 1654 4562 S.
1680 4495 1787 4561 Marie

421 4590 657 4673 Trajectensis,
671 4590 866 4656 Leodiensis
877 4592 1028 4671 diocesis,
1039 4596 1099 4659 sub
1112 4597 1348 4678 expectatione
1359 4600 1537 4682 prebende,
1549 4620 1616 4664 non
1631 4604 1787 4666 obstante

421 4695 514 4779 quod
531 4696 697 4779 quandam
715 4706 912 4781 perpetuam
929 4699 1152 4783 capellaniam
1178 4700 1209 4764 in
1228 4704 1370 4768 ecclesia
1386 4706 1417 4770 S.
1435 4702 1553 4781 Jacobi
1581 4707 1623 4770 de
1640 4706 1725 4790 Byst
1754 4707 1785 4770 in

419 4800 586 4879 Lovanio,
604 4800 694 4865 dicte
711 4801 854 4866 diocesis
871 4803 906 4880 (8
924 4802 982 4867 lib.
999 4813 1062 4868 tur.
1080 4806 1200 4888 paru),
1218 4808 1360 4873 obtinet.

469 4902 653 4968 Laudabile
670 4905 943 4970 testimonium...

456 5107 480 5140 a.
504 5092 648 5140 Pretasicca
662 5109 712 5156 rep.
