4409 6017
979 697 1124 761 Preni'ere
1147 699 1247 761 anne'e.
1755 697 1795 760 53

487 847 580 928 177.
834 936 837 943 ,
1393 859 1487 941 1316,
1507 880 1546 941 15
1570 861 1750 924 reonemdre:

484 964 599 1029 Simoni
616 963 659 1029 de
684 962 874 1042 Maneslies,
899 963 1020 1028 clerico
1043 963 1277 1029 Ambianensis
1300 963 1451 1043 diocesis,
1467 972 1653 1028 reservatur
1670 963 1794 1028 benefi-

452 1070 519 1135 cium
540 1089 617 1134 cum
641 1088 718 1134 cura
740 1069 794 1132 vel
818 1067 889 1132 sine
915 1087 992 1132 cura
1018 1069 1031 1142 (
1037 1072 1076 1132 60
1092 1070 1146 1132 vel
1172 1088 1213 1150 40
1229 1068 1284 1133 lib.
1302 1077 1364 1132 tur.
1381 1069 1490 1154 parv.)
1506 1067 1549 1133 ad
1574 1068 1790 1133 collationem

450 1173 586 1259 prepositi
602 1172 742 1238 ecclesie
758 1171 800 1237 de
816 1173 847 1237 S.
863 1172 1067 1252 Audomam,
1086 1170 1288 1237 Morinensis
1302 1171 1456 1238 diocesis.

481 1277 544 1343 Tue
559 1277 776 1363 probitatis...

483 1382 551 1448 Dat.
567 1383 667 1447 ⁴lvin.
684 1382 726 1446 id.
744 1383 935 1447 novembris
946 1402 1039 1446 anno
1061 1402 1086 1445 1.

482 1486 514 1550 11
530 1510 558 1552 e.
575 1508 619 1551 m.
636 1486 747 1551 abbati
764 1486 956 1550 monasterii
975 1486 1017 1550 de
1034 1485 1262 1566 Lantigniaco,
1281 1485 1472 1551 Parisiensis
1487 1485 1642 1565 diocesis,
1666 1493 1700 1549 et
1719 1505 1796 1549 can-

448 1592 561 1657 cellario
585 1590 777 1656 Parisiensis
792 1611 832 1655 ac
853 1588 998 1655 Nicolao
1013 1589 1054 1654 de
1072 1589 1238 1666 Ceccano,
1255 1590 1419 1656 canonico
1435 1591 1665 1655 :ltrebatensis
1684 1589 1792 1654 eccle-

448 1716 560 1760 aarum.

470 1846 610 1907 1111111111,
624 1846 641 1893 f.
654 1845 788 1895 2211;1’11.
801 1847 867 1899 ott.
882 1848 936 1902 est,
950 1860 974 1891 n.
990 1847 1059 1892 latit.

479 2016 582 2099 178.
1398 2033 1491 2114 1316,
1510 2051 1550 2115 17
1568 2035 1748 2098 novembre.

475 2134 634 2220 Magistro
649 2135 795 2215 Jolranui
819 2138 860 2202 de
885 2138 1019 2204 Ulliaco
1041 2144 1227 2203 reservatur
1249 2138 1450 2203 beneficium
1474 2138 1736 2203 ecclesiasticum
1754 2138 1785 2201 in

439 2241 561 2308 civitate
585 2244 638 2307 vel
654 2242 777 2308 diocesi
795 2240 1001 2320 Beli-acensi,
1017 2243 1060 2309 ad
1076 2243 1291 2309 collationem
1307 2242 1453 2328 episcopi
1479 2241 1700 2318 Belvacensis‚
1718 2263 1785 2307 non

438 2349 580 2412 obstante
604 2347 693 2431 quod
717 2348 750 2410 in
770 2348 909 2413 ecclesia
926 2349 957 2413 S.
975 2348 1154 2413 Salvatoris
1169 2347 1211 2412 de
1227 2348 1258 2411 S.
1277 2347 1390 2424 Paulo,
1409 2345 1611 2412 Morinensis
1635 2346 1785 2422 diocesis,

437 2453 658 2517 canonicatum
675 2460 709 2516 et
725 2452 928 2537 prebendam
946 2453 1085 2517 obtinet.

471 2555 670 2621 Litterarum
687 2557 872 2621 scientiam.
882 2608 905 2621 ..

472 2660 545 2725 Dat.
562 2660 661 2724 Acin.
683 2681 718 2745 15
735 2659 801 2726 lral.
818 2661 1004 2727 decembris
1019 2682 1109 2726 anno
1132 2682 1158 2726 1.
1446 2718 1450 2726 .

471 2762 507 2829 In
524 2786 553 2830 e.
564 2786 609 2829 m.
620 2765 730 2829 abbati
749 2766 938 2831 monasterii
955 2767 986 2831 S.
998 2765 1171 2832 Genovefe
1187 2765 1378 2831 Parisiensis
1394 2772 1428 2830 et
1444 2764 1570 2831 cantori
1588 2764 1780 2830 Parisiensis

432 2886 465 2933 ac
478 2868 637 2954 magistro
653 2868 754 2935 Petro
772 2869 872 2936 Ferro
896 2871 937 2937 (le
964 2870 1117 2956 Piperno,
1134 2871 1297 2936 canonico
1321 2869 1603 2934 Autisiodorensis
1626 2868 1780 2934 ecclesia·

431 2993 506 3038 rum.

457 3116 574 3178 1111111.
588 3120 609 3177 3,
622 3119 641 3169 f.
651 3120 693 3168 tol
708 3136 714 3170 ς
728 3120 785 3170 l'at.
796 3121 833 3173 ct.
846 3121 863 3171 f,
877 3122 914 3169 92.
928 3136 952 3170 n.
968 3122 1036 3169 itta.

466 3304 570 3389 179·
1387 3318 1479 3403 1316,
1499 3337 1539 3404 17
1555 3320 1736 3384 novembre.

461 3420 607 3500 Jolranni
623 3423 665 3490 de
682 3423 834 3500 Chaleto,
850 3426 961 3509 legum
986 3423 1171 3510 professori,
1188 3432 1373 3490 reservatur
1396 3422 1595 3490 beneficium
1620 3423 1662 3488 ad
1678 3423 1778 3488 colla·

424 3527 545 3593 tionem
556 3529 702 3615 episcopi
716 3529 907 3595 parisiensis
923 3530 955 3593 in
972 3529 1110 3594 civitate
1126 3532 1179 3594 vel
1195 3531 1318 3595 diocesi
1337 3529 1520 3602 Parisicnsi.
1537 3550 1603 3592 non
1622 3532 1776 3593 obstante

424 3632 507 3714 quod
531 3633 766 3698 canonicatum
792 3644 826 3699 et
851 3634 1053 3719 prebendam
1079 3635 1219 3699 ecclesie
1236 3635 1266 3699 S.
1284 3633 1508 3699 Waldetrudis
1528 3631 1717 3726 Montensis
1743 3631 1775 3694 in

425 3733 611 3812 Hannonia
628 3738 875 3804 Cameracensis
890 3739 1041 3812 diocesis,
1059 3739 1199 3803 obtinet.

462 3839 556 3906 l'iros
572 3842 720 3907 scientia.
732 3896 754 3909 ..

462 3945 538 4011 Dat.
555 3948 654 4011 acin.
677 3968 711 4030 13
730 3947 794 4012 lral.
811 3947 996 4012 decembris
1012 3968 1101 4011 anim
1125 3969 1149 4012 1.

461 4048 498 4113 ln
516 4073 545 4114 e.
562 4072 606 4115 rn.
623 4053 733 4116 abbati
752 4053 940 4116 monasterii
959 4053 989 4115 S.
1007 4051 1180 4116 Genoi'ele
1198 4051 1388 4116 Parisiensis
1406 4062 1440 4116 et
1459 4050 1557 4136 priori
1581 4050 1622 4113 de
1645 4048 1776 4130 Longo-

422 4161 529 4236 ponte,
558 4154 750 4220 Parisiensis
780 4155 930 4231 diocesis,
961 4177 999 4219 ac
1030 4155 1189 4236 magistro
1221 4155 1364 4221 Nicolao
1391 4156 1433 4221 de
1464 4154 1583 4239 Breya,
1615 4154 1778 4218 canonico

423 4258 559 4323 ecclesie
576 4258 806 4324 Tornacensis

454 4402 509 4460 llcu.
524 4408 572 4450 .·lr.
585 4406 606 4452 l.
620 4403 638 4449 f.
652 4406 692 4450 15*
706 4421 710 4450 :
726 4405 782 4452 l'at.
795 4407 832 4455 til.
848 4407 864 4452 f.
881 4407 942 4453 llllt'.
953 4420 976 4451 11.
992 4407 1061 4454 12⁸3.

464 4594 572 4688 180.
1381 4611 1474 4693 1316,
1494 4630 1535 4691 17
1551 4609 1732 4673 noeernbre.

464 4712 665 4801 Raynrundo
689 4716 730 4781 de
759 4717 888 4800 l'rrjolis,
916 4717 1064 4782 familiari
1091 4716 1232 4792 Beraldi,
1257 4716 1402 4800 episcopi
1421 4714 1596 4786 ι1111111111,
1612 4712 1780 4778 confertur

426 4821 632 4886 canonicatus
643 4823 783 4885 ecclesie
794 4822 1022 4895 'l'ornacensis
1034 4824 1094 4886 sub
1111 4822 1344 4905 expectatione
1357 4820 1535 4906 prebende,
1546 4840 1612 4883 non
1625 4821 1778 4882 ‹erbstante

427 4924 507 5003 qnod
524 4925 554 4988 in
573 4926 714 4991 ecclesia
730 4927 889 4999 Albiensi.
915 4930 974 4990 sub
999 4925 1233 5009 expectatione
1258 4925 1435 5009 prebende,
1453 4925 1484 4987 111
1510 4922 1705 4988 canonicum
1728 4942 1776 4983 re-

428 5038 534 5109 ceptus
559 5038 620 5104 est,
645 5037 679 5092 et
705 5030 736 5092 111
762 5031 957 5114 parrochiali
983 5029 1123 5094 ecclesia
1148 5029 1189 5092 de
1216 5028 1407 5102 Lonrberiis,
1433 5027 1599 5091 ,llbiensis
1623 5025 1772 5101 diocesis,

429 5132 584 5210 quandam
601 5134 795 5217 pensionem
813 5155 956 5198 arnnrarn
974 5134 1124 5220 percipit.
