4409 6017
904 467 1051 533 Premilre
1072 469 1176 534 anue'e.
1662 473 1722 537 107

359 623 513 688 inherens
527 633 541 657 ⁰
557 621 742 699 affectibus
759 620 852 705 cujus
868 640 952 685 onus
974 639 1142 684 assumere
1158 617 1362 685 Gallicorum
1385 618 1549 685 laudanda
1571 619 1721 703 devoti0,

356 728 462 794 crucis
500 728 544 793 ad
571 727 605 792 id
629 725 805 811 signaculis
843 724 1007 809 insignita,
1033 732 1169 808 propter
1198 731 1309 789 vestre
1340 724 1578 790 commotionis
1608 746 1720 790 amare

353 830 528 897 dissidium
544 829 732 916 impeditur,
749 850 825 895 cum
841 828 953 894 divine
969 827 1122 914 potentie
1146 826 1283 892 brachio
1299 848 1505 912 exurgemus,
1523 850 1621 914 super
1643 851 1722 896 con·

352 944 490 1022 temptu
505 936 747 1001 sententiarum
762 933 945 1020 apostolice
961 932 1054 998 Sedis
1070 940 1172 1015 atque
1187 952 1403 1018 processuum
1419 942 1454 999 et
1469 953 1568 1020 super
1579 956 1621 1000 eo
1633 936 1723 1019 quod

351 1041 386 1104 in
401 1048 640 1126 contemptum
657 1040 801 1106 clavium
817 1039 850 1103 in
867 1038 962 1104 terris
978 1036 1205 1104 ecclesiastico
1221 1036 1399 1103 interdicto
1411 1039 1590 1125 suppositis
1600 1039 1723 1106 fecistis

350 1160 388 1217 et
404 1152 527 1233 facitis,
542 1157 642 1237 prout
657 1151 790 1238 publica
806 1151 892 1216 fama
915 1149 1072 1229 notoriat,
1089 1156 1252 1235 quantum
1268 1148 1301 1212 in
1326 1149 1421 1214 vobis
1445 1157 1506 1228 est,
1522 1148 1722 1235 prophanari

350 1255 481 1335 divina,
498 1264 616 1321 contra
629 1276 691 1321 vos
716 1255 759 1320 ad
774 1276 878 1341 penas
892 1254 1024 1319 debitas
1038 1254 1233 1339 processuri.
1250 1252 1355 1339 Super
1369 1252 1432 1317 hiis
1456 1260 1570 1319 autem
1594 1261 1627 1317 et
1651 1254 1723 1319 aliis

351 1361 387 1425 in
405 1360 473 1425 illis
489 1359 637 1445 partibus
652 1359 856 1445 exequendis
870 1358 881 1393 ⁶
895 1361 1063 1424 solemnes
1087 1358 1223 1424 nuntios
1248 1366 1391 1438 nostros,
1413 1356 1570 1423 videlicet
1585 1377 1722 1422 venera·

350 1466 460 1530 bilem
487 1464 620 1530 fratrem
645 1463 878 1549 Raynaudum,
908 1463 1193 1549 archiepiscopum
1219 1461 1472 1541 Bituricensem,
1499 1469 1533 1527 et
1563 1460 1722 1527 dilectum

353 1570 464 1635 filium
481 1568 616 1634 fratrem
631 1567 867 1653 Berengarium
878 1568 920 1633 de
936 1567 1100 1647 Landora,
1117 1567 1311 1651 magistrum
1327 1565 1449 1633 ordinis
1462 1566 1597 1631 fratrum
1611 1565 1723 1630 Predi-

353 1681 522 1752 catorum,
539 1672 627 1738 viros
642 1672 757 1756 utique
773 1675 913 1758 probate
929 1670 1237 1757 circumspectionis
1250 1679 1284 1736 et
1295 1670 1381 1753 fidei,
1392 1670 1482 1756 pacis
1495 1678 1530 1735 et
1547 1668 1723 1736 concordie

354 1779 532 1855 zelatores,
547 1777 750 1843 exhibitores
764 1776 970 1863 presentium
992 1776 1165 1855 mittimus,
1182 1775 1301 1859 quibus
1323 1776 1376 1841 vel
1401 1795 1517 1841 eorum
1543 1773 1638 1840 alteri
1662 1794 1721 1860 per

354 1902 421 1947 vos
435 1882 471 1947 in
485 1882 550 1947 hiis
565 1903 630 1966 que
645 1901 706 1967 pro
717 1888 811 1967 parte
826 1889 940 1946 nostra
949 1880 1045 1946 vobis
1058 1880 1144 1946 circa
1154 1879 1314 1966 premissa
1328 1878 1503 1945 retulerint
1518 1879 1620 1944 fidem
1634 1878 1721 1966 peti-

355 2007 435 2052 mus
450 1986 621 2052 credulam
635 1985 794 2052 adhiberi.
811 2007 829 2048 »

389 2120 454 2180 Reg.
465 2119 525 2168 Vnt.
539 2121 593 2177 109,
605 2120 623 2169 i.
635 2121 686 2179 46',
698 2134 724 2168 n.
737 2120 783 2167 193
794 2135 800 2171 ς
812 2118 871 2168 Vat.
886 2120 939 2171 110.
951 2134 1011 2183 pars
1022 2118 1042 2179 1,
1054 2119 1073 2167 f.
1086 2120 1137 2179 33⁷,
1149 2133 1175 2167 n.
1189 2120 1243 2167 103.
1255 2146 1287 2154 —
1300 2118 1405 2178 Goulon,
1418 2133 1444 2167 n.
1458 2119 1503 2167 197
1516 2118 1621 2181 (texte).

404 2330 517 2418 322.
1378 2342 1509 2432 [1517]
1526 2365 1567 2428 29
1583 2344 1681 2411 avril.

406 2450 569 2532 Roberto,
592 2449 706 2516 comiti
732 2448 897 2530 Flandrie,
913 2448 1065 2517 scribitur
1090 2455 1127 2515 ut
1154 2449 1197 2515 ad
1220 2470 1339 2537 pacem
1363 2470 1440 2517 cum
1467 2448 1633 2535 Philippo,
1648 2469 1726 2535 rege

361 2555 514 2637 Fraude,
530 2554 721 2621 habendam
745 2575 780 2621 se
806 2554 1023 2622 favorabilem
1039 2554 1196 2623 exhibeat
1212 2554 1378 2640 fidemque
1394 2552 1519 2622 nuntiis
1535 2554 1727 2641 apostolicis

363 2662 452 2748 (noy.
469 2683 501 2725 n.
514 2661 597 2745 319)
614 2658 782 2727 adhibeat.

407 2872 426 2917 ι
443 2849 578 2917 Dilecto
594 2846 664 2914 filio
679 2846 781 2914 nobili
797 2846 870 2915 viro
885 2846 1046 2929 Roberto,
1063 2847 1178 2915 comiti
1195 2846 1361 2917 Flandrie.
1379 2848 1431 2915 De
1447 2849 1521 2916 sinu
1533 2850 1681 2938 patrisin
1691 2860 1727 2919 te

362 2951 549 3044 spargenda
575 2951 701 3020 semina
726 2951 894 3038 prodeunt
919 2951 1063 3020 fructum
1089 2953 1314 3041 germinatura
1340 2953 1561 3042 multiplicem
1584 2956 1727 3040 comedi,

361 3058 501 3127 honoris
516 3065 552 3126 et
566 3056 681 3143 glorie,
697 3056 722 3125 si
738 3056 881 3126 devotus
904 3057 961 3124 illa
976 3058 1158 3145 susceperis
1178 3064 1212 3126 et
1239 3058 1281 3125 ad
1308 3058 1554 3147 susceptionem
1570 3059 1727 3147 ipsomm,

363 3166 456 3231 velut
471 3184 587 3251 agrum
611 3169 787 3249 purgatum
814 3161 917 3249 spinis
940 3169 974 3228 et
1001 3163 1138 3245 tribulis
1162 3164 1328 3250 paraveris
1354 3171 1503 3230 mentem
1518 3172 1621 3233 tuam.
1639 3166 1728 3234 Ecce

363 3268 463 3349 nosti,
489 3289 566 3335 cum
593 3267 635 3334 sit
668 3267 767 3351 longe
793 3268 927 3351 lateque
951 3268 1130 3349 notorium,
1158 3267 1248 3353 quod
1275 3289 1316 3334 ex
1346 3268 1595 3336 indevotionis'
1634 3272 1728 3358 lapsu

366 3383 398 3440 et
413 3371 428 3407 ¹
442 3372 634 3438 rebellionis
649 3371 788 3457 strepitu
804 3370 836 3435 in
854 3371 1016 3437 comitatu
1033 3371 1189 3438 Flandrie
1204 3381 1321 3438 contra
1333 3374 1420 3439 clare
1431 3374 1593 3453 memorie
1606 3374 1729 3462 Philip-

365 3500 456 3564 pum,
472 3497 585 3561 regem
603 3475 753 3556 Francie,
769 3478 810 3541 ab
827 3475 907 3540 olim
923 3497 964 3540 ex
981 3476 1078 3561 adipe
1094 3476 1277 3560 iniquitatis
1293 3487 1439 3558 exorto‘,
1456 3484 1490 3543 et
1517 3500 1576 3564 per
1590 3488 1625 3546 te
1640 3491 1730 3546 cete·

366 3601 485 3665 rosque
503 3579 695 3663 Flamingos
717 3587 834 3645 contra
859 3580 1035 3645 recolende
1051 3580 1213 3666 memorie
1235 3580 1441 3647 Ludovicum
1467 3590 1501 3648 et
1526 3583 1730 3649 carissimum

367 3685 398 3750 in
416 3683 552 3749 Christo
582 3683 686 3749 filium
702 3692 852 3749 nostrum
870 3683 1073 3769 Philippum,
1091 3683 1231 3749 Francie
1248 3693 1282 3749 et
1298 3684 1449 3750 Navarre
1465 3707 1558 3769 reges
1579 3688 1730 3768 illustres

367 3788 484 3875 prefati
501 3787 585 3870 regis
602 3787 745 3872 Philippi
763 3787 847 3852 filios
863 3797 897 3852 et
913 3788 1061 3865 heredes,
1078 3787 1111 3851 in
1129 3788 1260 3873 culpam
1273 3789 1470 3855 continuato
1482 3790 1614 3870 diutius,
1627 3793 1732 3858 multa

366 3899 593 3979 provenerunt
609 3890 735 3956 mundo
751 3890 874 3974 flagitia
890 3899 924 3955 et
940 3891 1072 3957 dissidia
1087 3890 1299 3976 dispendiosa
1314 3913 1513 3976 guerrarum,
1526 3915 1591 3977 que
1607 3894 1732 3960 anima-

367 4017 439 4060 mm
454 3994 610 4081 pericula,
623 4016 798 4079 corporum
816 4004 951 4078 strages
969 3995 1164 4061 facultatum
1181 3997 1291 4080 lapsus
1312 4003 1346 4061 et
1371 3995 1613 4062 destructiones
1637 3997 1732 4062 innu-

368 4119 476 4164 meras
491 4097 702 4163 induxerunt.
721 4097 771 4161 Ex
788 4100 905 4181 quibus
921 4099 1034 4182 utique
1050 4098 1174 4162 nedum
1191 4098 1269 4164 dicti
1280 4119 1374 4182 reges
1388 4108 1422 4164 et
1438 4099 1733 4165 christianissinum

368 4222 507 4286 regnum
531 4199 671 4265 Francie
690 4222 737 4265 ac
764 4200 879 4265 fideles
906 4222 1021 4266 eorum
1047 4201 1283 4285 multiplicibus
1308 4223 1532 4287 pressurarum
1558 4204 1733 4286 generibus

371 4303 495 4386 gravati
512 4303 655 4381 fuerunt,
672 4303 868 4386 quinetiam
896 4304 1076 4370 subsidium
1092 4302 1194 4368 Terre
1216 4304 1337 4370 Sancte
1362 4304 1639 4390 impedimentum
1664 4327 1731 4370 non

371 4406 444 4470 leve
457 4406 612 4490 suscepit,
623 4427 687 4490 que
698 4405 902 4471 Gallicorum
914 4407 1075 4487 suffragiis
1086 4408 1239 4492 sperabat
1250 4415 1284 4473 et
1294 4416 1415 4492 sperat,
1428 4408 1563 4473 favente
1575 4408 1733 4484 Domino,

373 4508 608 4592 resurgendum
624 4512 666 4573 ab
683 4508 951 4575 incumbentibus
966 4512 1025 4575 sibi
1043 4510 1149 4575 malis.
1167 4510 1211 4575 Et
1227 4511 1306 4576 licet
1321 4512 1468 4596 prefatus
1483 4532 1540 4575 rex
1551 4510 1733 4596 Philippus,

375 4610 451 4676 dum
466 4612 606 4692 viveret,
623 4633 664 4676 ex
680 4611 794 4677 innata
810 4613 870 4678 sibi
887 4614 1066 4679 clementia
1082 4613 1338 4680 misericorditer
1353 4614 1412 4679 tibi
1429 4623 1463 4679 et
1478 4615 1544 4680 tuis
1565 4612 1734 4678 indulserit

408 4860 433 4897 a,
446 4844 593 4892 inherentes
606 4862 655 4905 rep.
668 4847 758 4892 loa-
768 4845 788 4893 h.
806 4846 956 4907 exequendo
969 4862 1020 4908 rap.
1036 4848 1126 4899 no-
1135 4863 1155 4897 r.
1166 4850 1329 4898 indevotione
1340 4865 1388 4911 rep.
1399 4851 1454 4898 110.
1464 4879 1471 4884 -
1483 4879 1492 4883 -
1503 4850 1527 4898 d.
1540 4857 1566 4896 ot
1579 4852 1604 4897 iu
1619 4865 1668 4911 rap.
1682 4851 1736 4899 110.

382 4952 408 4960 —
417 4943 436 4974 r.
448 4934 536 4973 exortu
549 4944 597 4988 rep.
613 4929 665 4975 110.
