4409 6017
888 701 967 776 haon
989 744 1030 759 -
1051 703 1190 795 taragna

1664 704 1726 782 675

399 866 467 929 mia,
494 866 639 930 Johannes
666 867 704 921 de
734 865 845 931 Salinis,
873 865 1018 928 lohannes
1070 879 1199 929 Lassois
1220 873 1229 934 (
1248 870 1380 935 latitat,
1413 869 1559 932 Latiaeen,
1588 870 1725 933 helicen),

398 948 438 1003 de
453 948 559 1013 Salmo,
576 948 711 1002 Matheus
729 948 766 1002 de
783 948 888 1011 Reate;
904 976 939 986 -
954 963 1017 1005 can.

395 1028 487 1093 preb,
506 1029 680 1084 Beruandus
696 1030 732 1083 de
749 1030 852 1092 Budos,
869 1029 964 1084 Guido
979 1029 1015 1082 de

398 1111 548 1173 Lauduno,
565 1110 707 1167 Hernicus
721 1112 757 1164 de
771 1110 901 1173 Culento,
915 1110 1016 1173 Johan-

397 1209 452 1246 nes
475 1192 512 1246 de
536 1192 674 1254 Condeto,
701 1192 846 1255 Johannes
871 1190 907 1245 de
931 1190 1017 1243 Veru-

398 1273 444 1337 lis,
475 1273 611 1327 Matheus
643 1273 680 1326 de
714 1272 848 1325 Curtibus
879 1271 1015 1336 Jumellis,

400 1355 502 1408 Petrus
516 1354 553 1408 de
568 1354 711 1418 Eugubio,
730 1353 881 1418 Riquerius
896 1354 933 1406 de
948 1353 1017 1406 Stel·

398 1436 443 1499 la;
458 1465 492 1475 -
506 1452 569 1494 can.
587 1435 640 1488 sub
657 1452 720 1499 exp.
735 1434 824 1499 preb,
841 1434 964 1497 Jacobus
979 1434 1016 1486 de

398 1516 519 1581 Lorgiis,
543 1516 667 1580 Jacobus
693 1516 861 1578 Rousseleti,
891 1513 1016 1568 Mathias

395 1598 499 1662 Jaoobi
519 1598 556 1651 de
578 1597 726 1661 Guarsino,
750 1596 888 1650 Nicolaus
909 1596 946 1650 de
967 1596 1016 1649 Pa·

397 1678 487 1742 ciaco,
514 1678 666 1733 Therricus
694 1678 731 1731 de
763 1677 917 1735 Hiricione.

360 1790 394 1798 -
416 1759 495 1817 Eccl.
515 1760 578 1817 coll.
599 1760 628 1815 S.
650 1759 788 1822 Johannis
807 1760 837 1813 in
856 1758 961 1822 Burgo,
983 1787 1016 1796 -

397 1841 533 1904 decanus,
557 1846 642 1904 1281,
665 1869 698 1878 -
724 1857 786 1898 can.
808 1838 897 1905 preb,
922 1840 1016 1903 Inger·

397 1938 505 1976 rannus
544 1921 581 1975 de
614 1922 636 1973 F
638 1921 734 1984 iesses,
771 1920 947 1983 Reginaldus
979 1918 1015 1973 de

398 2003 527 2066 Fiesses;
549 2031 582 2041 -
606 2018 668 2061 can.
694 2003 748 2055 sub
773 2019 836 2066 exp.
859 2001 948 2067 preb,
972 2001 1016 2064 Jo

396 2085 509 2137 hannes
531 2083 568 2138 de
591 2083 674 2140 Ysca.

356 2194 394 2204 -
417 2164 495 2224 Eccl,
517 2164 581 2222 coll.
604 2164 632 2219 S.
659 2163 735 2218 Petri
756 2163 787 2217 in
809 2163 890 2225 Foro,
915 2192 948 2201 -
970 2163 1015 2216 de·

396 2262 495 2309 canus,
525 2251 574 2308 50;
604 2274 638 2282 —-
671 2244 870 2309 thesaurarius,
902 2250 951 2306 82;
982 2272 1014 2281 —

396 2344 462 2385 can.
475 2327 529 2379 sub
545 2344 608 2390 exp.
626 2325 715 2391 preb,
731 2326 876 2388 Johannes
891 2325 1015 2387 Giboiny

396 2408 436 2461 de
454 2406 587 2461 Lorriaco
605 2408 634 2460 in
654 2406 783 2463 Vastino.

356 2519 393 2527 —
416 2489 494 2547 Eccl,
523 2488 552 2545 S.
582 2487 739 2549 Michaelis,
772 2517 805 2524 —
834 2487 943 2551 capell..
972 2488 1014 2549 Jo

393 2570 508 2624 hannoe
527 2569 699 2626 Manissetus
718 2569 809 2622 dictus
824 2569 962 2631 Janottus.

357 2680 394 2690 -
417 2651 495 2709 Eccl.
534 2651 562 2707 S.
603 2650 724 2714 Nioolai‚
758 2679 791 2688 -
819 2648 904 2715 prior,
935 2654 1014 2713 1401,

398 2737 479 2789 1402.

358 2843 395 2851 —
419 2813 624 2869 Monasterium
646 2813 675 2872 S.
699 2811 843 2877 lobannis,
865 2840 898 2850 —
917 2811 1015 2877 abbas,

399 2900 480 2952 1469.

358 3005 395 3013 -
419 2975 625 3029 Monasterium
642 2974 671 3033 S,
692 2973 841 3037 Vincentii,
865 3002 896 3010 -
917 2972 1014 3038 abbas,

397 3062 461 3118 420,
484 3061 545 3114 473.

358 3167 395 3175 -
417 3155 442 3194 v,
458 3137 596 3190 Lauduno
610 3137 675 3199 (de).

356 3249 393 3258 -
415 3218 544 3271 Ecclesie
559 3217 710 3281 collegiata
723 3216 805 3280 dioc,
817 3214 1014 3280 Origny-Sain·

403 3299 571 3363 te·Benolte,
596 3299 852 3361 Romam-Serre.

358 3410 396 3419 -
417 3379 547 3433 Ecclesie
569 3390 597 3434 et
619 3379 729 3445 capelle
754 3377 838 3442 dioc,
863 3378 1016 3432 Barenton·

398 3462 460 3526 Cel,
487 3460 769 3524 Coucy-le-Chateau‚
799 3459 894 3522 Guise,
923 3458 1017 3522 Lislet‚

406 3542 512 3607 Marsy,
530 3541 719 3602 Montcornet,
736 3541 916 3603 SaintAlgis,
928 3539 1017 3596 Saint-

400 3621 523 3680 Gobain.

360 3734 396 3742 -
418 3703 625 3757 Monasterium
654 3703 737 3766 dioc,
771 3701 945 3759 Premontre.

360 3784 482 3850 Lapide,
506 3784 662 3837 Balduinus
685 3783 730 3848 de,
757 3784 793 3836 de
818 3782 958 3845 Messinis
983 3811 1015 3819 -

398 3894 433 3903 —
453 3864 514 3928 ejus
540 3864 601 3929 tilii,
631 3864 731 3930 Lucas,
764 3864 915 3921 Robertus.

360 3946 481 4010 Lapide,
512 3947 603 3999 Lucas
632 3946 677 4009 de,
710 3946 747 3999 de
778 3944 917 4007 Messinis,
948 3945 1014 4001 cler.

404 4028 545 4083 Morineu.
565 4027 645 4087 dioc..
665 4032 725 4083 470.

363 4109 482 4172 Lapide,
501 4109 643 4162 Robertus
671 4109 715 4167 de,
738 4108 774 4160 de
795 4107 933 4171 Messinis,
953 4124 1014 4163 can.

400 4192 452 4244 sub
478 4209 541 4255 exp.
565 4190 645 4255 preb.
674 4189 707 4244 B.
735 4189 826 4242 Marie
853 4189 1014 4250 Messinen„

400 4272 501 4335 capell,
533 4272 561 4328 S.
596 4270 744 4325 Michaelis
780 4270 920 4331 Canden,
953 4274 1015 4328 471.

364 4354 557 4417 Lapidemona,
583 4352 787 4415 Steenbergen¹

364 4434 562 4498 Lanuintania,
593 4433 754 4485 Bernardus
785 4432 829 4492 de,
864 4448 925 4488 can.
959 4430 1016 4483 Pic-

398 4527 503 4579 taven„
519 4520 580 4571 690.

363 4596 509 4659 Lardario,
538 4596 682 4650 Gerardus
710 4593 846 4656 iohannis
877 4593 921 4657 de,
953 4607 1014 4650 can,

403 4678 457 4731 sub
483 4695 546 4741 exp.
569 4677 648 4741 preb.
674 4676 701 4732 S.
726 4674 847 4729 Dionisii
873 4674 1015 4736 Leotlien,

400 4764 480 4817 1189.

365 4842 447 4903 Lare,
472 4839 612 4892 Oliverius
638 4839 682 4902 de,
711 4846 877 4902 procurator
903 4835 1016 4889 Guillel-

401 4923 447 4982 mi,
469 4919 592 4985 episcopi
614 4919 747 4980 Leonen„
773 4924 834 4973 258.

363 5012 516 5061 Larreule
544 5001 679 5063 (Bellula).
702 5001 817 5053 Franco.
844 4998 910 5062 dep.
937 4998 1013 5051 Hau·

403 5081 608 5146 tes·P5r‹':nees,
629 5082 700 5135 dioc.
721 5081 838 5134 Tarbes,

365 5193 398 5202 -
419 5162 634 5227 Monasteriutrt,
659 5192 689 5200 -—
716 5163 813 5227 abbas,
843 5167 922 5219 1257.

1108 951 1355 1006 archidiaconatus
1394 952 1422 1005 in
1461 954 1530 1009 eccl.
1562 953 1726 1016 Lingonen,

1109 1049 1135 1089 v.
1159 1032 1295 1115 Langres

1074 1112 1247 1176 Laterum,
1266 1112 1388 1168 ecclesia
1406 1112 1436 1167 in
1458 1114 1557 1178 Roma,
1578 1132 1603 1170 v.
1625 1114 1724 1168 Rome.

1073 1193 1196 1257 Lotltetn,
1220 1194 1572 1252 Laethem·Saint-Ma1tin.

1074 1274 1206 1337 hainen..
1230 1276 1351 1333 Lassois.

1074 1355 1255 1419 Lattralnoen,
1284 1357 1562 1421 Lagny-sur-Marne.

1073 1435 1220 1501 Lotiteen,
1248 1438 1369 1496 Lassois.

1074 1518 1193 1580 Laturri,
1221 1518 1365 1580 Johannes
1395 1520 1438 1582 de,
1471 1537 1496 1577 ν,
1527 1519 1625 1575 Turre.

1074 1599 1181 1662 Laude,
1203 1599 1346 1653 Oldradus
1367 1600 1403 1653 de
1428 1600 1518 1653 Ponte
1540 1600 1584 1664 de,
1606 1618 1632 1658 v.
1656 1600 1725 1654 Pon·

1107 1689 1145 1737 te.

1072 1760 1204 1824 Lanam,
1225 1761 1305 1819 lodi.

1073 1842 1180 1905 Laudo,
1214 1842 1345 1895 Albricus
1376 1843 1412 1896 de
1447 1843 1578 1907 Gravago
1610 1843 1654 1905 de,
1696 1861 1721 1894 v.

1108 1922 1250 1988 Gravago.

1073 2002 1181 2066 Laudo,
1208 2004 1372 2058 Bonitacius
1398 2005 1435 2057 de
1466 2004 1598 2069 Gravago
1626 2005 1670 2069 de,
1698 2023 1723 2063 v.

1109 2084 1251 2149 Gravago.

1073 2165 1181 2229 Laudo,
1211 2166 1234 2218 F
1237 2167 1385 2229 lamengns
1416 2167 1460 2230 de,
1495 2166 1608 2229 -ejus
1639 2166 1723 2230 iilius,

1109 2246 1289 2304 Gautherius.

1072 2328 1179 2390 Laudo,
1206 2328 1379 2383 Gautherius
1400 2328 1444 2391 de,
1467 2331 1534 2382 cler.
1558 2328 1721 2390 Placentia,

1105 2412 1265 2472 prepositus
1290 2408 1483 2472 Cameracen,
1506 2427 1568 2463 can.
1591 2410 1669 2473 preb.
1694 2411 1721 2462 S.

1106 2489 1211 2543 Kiriaci
1235 2490 1384 2545 Pruvinen.
1405 2499 1433 2543 et
1452 2493 1566 2554 Jotren,
1587 2508 1649 2547 can.
1669 2491 1722 2543 sub

1108 2588 1171 2635 exp.
1196 2571 1275 2635 preb.
1302 2572 1470 2636 Tornacen,
1520 2577 1597 2637 1105,
1644 2577 1723 2635 1346,

1107 2643 1223 2708 retabi.

1072 2733 1179 2795 Laudo,
1200 2733 1366 2797 Raynaldus
1383 2734 1504 2788 Zenardi
1518 2734 1563 2796 de,
1580 2752 1606 2785 v.
1625 2735 1723 2787 Zenar-

1106 2814 1145 2872 di.

1072 2895 1245 2959 Laudunett,
1268 2896 1356 2953 Laon.

1073 2976 1221 3039 Lauduno,
1250 2976 1345 3030 Guido
1373 2975 1418 3041 de,
1451 2993 1513 3034 can.
1542 2977 1622 3041 preb.
1653 2976 1724 3030 Pari-

1106 3059 1184 3120 sien,
1209 3057 1375 3110 Laudunen.
1398 3067 1427 3110 et
1448 3057 1480 3113 B.
1504 3057 1595 3111 Marie
1606 3059 1641 3109 de
1654 3057 1724 3111 Con-

1107 3136 1183 3202 deto,
1200 3154 1263 3197 can.
1280 3139 1332 3191 sub
1354 3156 1417 3202 exp.
1434 3138 1514 3203 preb.
1531 3138 1723 3202 Aurelianen,

1108 3218 1299 3274 thesaurarius
1321 3219 1430 3283 capelle
1451 3218 1554 3282 regalis
1579 3217 1724 3283 Parisien,

1072 3378 1220 3445 Lauduno,
1246 3381 1391 3444 Johannes
1416 3381 1461 3445 de,
1491 3397 1553 3440 can,
1580 3380 1633 3434 sub
1660 3397 1723 3445 exp.

1107 3462 1186 3526 preb.
1213 3461 1362 3525 Morinen,
1390 3466 1469 3518 1230.

1072 3541 1249 3605 Laurentius,
1276 3540 1425 3607 episcopus
1453 3539 1595 3607 Grassen,
1625 3547 1687 3599 488,

1072 3623 1249 3688 Laurentius,
1280 3623 1439 3689 prepositus
1471 3624 1539 3681 eccl.
1576 3623 1723 3688 Upsalen,

1072 3785 1241 3839 Laurentius
1261 3786 1298 3838 de
1317 3784 1516 3848 Thedelgariis
1536 3783 1573 3838 de
1594 3784 1679 3848 Urbe¹
1700 3803 1725 3842 v.

1108 3866 1314 3930 Thedelgariis.

1074 3947 1241 4001 Laurentius
1263 3947 1398 4010 Johannis
1421 3946 1501 4000 Statii
1527 3948 1564 4001 de
1588 3947 1676 4012 Urbe,
1698 3964 1723 4004 v.

1108 4027 1199 4085 statii.

1073 4109 1242 4163 Laurentius
1263 4109 1303 4161 Lo
1325 4109 1415 4168 Clerc.

1073 4190 1157 4252 Laus,
1181 4189 1264 4247 Loos.

1070 4271 1438 4333 Lausanne(Lottsanett.),
1465 4269 1569 4327 Suisse.

1074 4380 1106 4387 —
1127 4351 1204 4408 Eccl.
1242 4351 1422 4415 cathedralis
1461 4380 1494 4389 -
1525 4349 1724 4416 thesaurarius,

1111 4437 1194 4494 1471;
1213 4461 1245 4468 -
1263 4432 1424 4494 canonicus,
1446 4432 1608 4495 Stephanus
1625 4433 1663 4485 de
1680 4434 1726 4484 Al·

1108 4512 1198 4574 bona;
1213 4542 1247 4550 -
1262 4529 1323 4570 can.
1341 4514 1431 4578 preb,
1448 4512 1591 4566 Gerardus
1606 4513 1642 4567 de
1659 4513 1726 4567 Bos·

1109 4609 1221 4651 soneus.

1073 4704 1105 4711 —
1127 4674 1302 4728 Monasteria
1325 4684 1352 4727 et
1374 4674 1512 4738 prioratus
1535 4674 1615 4737 dioc,
1641 4675 1729 4728 Haut·

1113 4756 1179 4817 eret,
1209 4755 1365 4810 Lemonum
1393 4756 1437 4819 (i).
1470 4756 1564 4818 Lutry,
1595 4756 1726 4810 Monthe·

1109 4852 1168 4893 ron.

1072 4918 1211 4979 Lautricu,
1241 4917 1380 4971 Geraldus
1405 4917 1448 4980 de,
1473 4934 1535 4972 can.
1561 4918 1722 4981 Tholosari,

1108 5002 1169 5055 267.

1071 5088 1229 5149 Lavagna
1250 5079 1405 5142 (Moenia),
1424 5079 1513 5145 Italie,
1532 5079 1603 5138 dioc.
1621 5080 1725 5141 (lenes.

1073 5189 1105 5196 —
1126 5159 1503 5225 Comites,Gui11ehnusde
1526 5161 1549 5215 F
1551 5161 1627 5225 lisco,
1649 5162 1725 5216 Hen-
