4409 6017
508 704 570 770 596
1045 701 1202 769 Neuvibmo
1222 705 1325 815 annae.
1345 718 1351 771 t

508 854 565 938 qui
595 851 718 919 fuerint
748 852 922 934 evocandi,
953 873 1021 919 non
1054 851 1266 919 obstantibus
1304 851 1557 936 quibuscunque
1592 854 1864 934 confessionibus,

507 955 802 1042 recognitionibus,
823 956 1100 1043 fidejussionibus,
1114 955 1321 1041 juramentis,
1352 955 1582 1022 instrumentis
1605 965 1641 1021 et
1661 957 1801 1039 litteris,
1815 959 1865 1022 sub

509 1081 706 1148 quacunque
720 1062 899 1127 verborum
915 1061 1021 1126 forma
1047 1060 1126 1127 inde
1153 1058 1326 1140 confectis,
1351 1060 1540 1142 summarie,
1556 1060 1758 1146 simpliciter
1786 1061 1866 1127 etde

508 1166 622 1252 plano,
638 1166 709 1231 sine
724 1166 865 1253 strepitu
877 1173 912 1232 et
927 1166 1031 1250 figura
1040 1164 1166 1250 judicii,
1179 1164 1281 1230 facias
1292 1164 1421 1247 justitie
1436 1165 1740 1251 complementum,
1752 1165 1867 1232 faciens

510 1269 600 1354 quod
616 1270 814 1350 decreveris,
835 1290 894 1356 per
917 1289 1093 1337 censuram
1119 1269 1392 1348 ecclesiasticam,
1416 1269 1644 1355 appellatione
1672 1270 1867 1356 postposita,

510 1374 649 1439 firmiter
664 1374 841 1439 observari.
857 1373 976 1439 Testes
988 1382 1101 1439 autem
1118 1373 1174 1457 qui
1184 1372 1306 1438 fuerint
1321 1371 1496 1453 nominati,
1507 1373 1533 1438 si
1550 1393 1585 1439 se
1594 1374 1714 1459 gratia,
1730 1375 1813 1440 odio
1822 1375 1867 1439 vel

510 1479 631 1544 timore
657 1478 891 1560 subtraxerint,
919 1497 1058 1544 censura
1085 1477 1195 1559 simili,
1230 1476 1458 1563 appellatione
1490 1486 1654 1558 cessante,
1688 1479 1867 1566 compellas

509 1583 642 1649 veritati
657 1582 889 1649 testimonium
906 1583 1090 1668 perhibere.
1107 1582 1186 1647 Dat.
1200 1581 1302 1647 Avin.
1323 1601 1359 1644 12
1375 1579 1442 1647 kal.
1452 1582 1582 1666 augusti
1599 1603 1692 1649 anno
1710 1604 1773 1664 9.n

543 1723 604 1785 neg.
619 1726 666 1772 nv.
679 1725 718 1783 23,
732 1723 751 1770 r.
768 1723 844 1777 sonu
860 1720 917 1769 vat.
929 1722 968 1779 vs,
980 1721 998 1769 t.
1011 1722 1067 1779 aaa,
1081 1735 1106 1770 n.
1123 1722 1193 1769 nari.

560 1894 695 1977 1621·
1537 1928 1633 1993 1325,
1650 1928 1693 1990 23
1703 1907 1828 1992 juillet.

553 2012 725 2078 Tolosano
747 2011 789 2077 de
813 2012 985 2078 Tolosano
1011 2011 1182 2078 confertur
1209 2014 1430 2083 canonicatus
1455 2016 1598 2084 ecclesie
1624 2015 1807 2100 collegiate
1830 2013 1866 2079 de

510 2115 648 2197 Vicano,
672 2114 885 2182 Caturcensis
910 2115 1062 2196 diocesis,
1089 2118 1149 2182 sub
1166 2119 1404 2204 expectatione
1427 2119 1607 2208 prebende,
1623 2138 1695 2184 non
1711 2122 1868 2185 obstante

510 2219 601 2304 quod
615 2219 658 2285 de
674 2219 770 2285 altari
786 2219 948 2306 imperiali
964 2220 998 2284 in
1018 2219 1161 2286 ecclesia
1177 2219 1355 2289 Leodiensi
1371 2225 1402 2289 ei
1418 2225 1589 2312 provisum
1609 2222 1683 2304 fuit,
1698 2223 1783 2288 licet
1793 2243 1869 2289 non-

509 2323 589 2390 dum
606 2325 816 2410 corporalem
830 2323 1076 2411 possessionem
1091 2323 1173 2391 dicti
1189 2327 1301 2392 altaris
1317 2328 1415 2394 fuerit
1431 2337 1612 2396 assecutus.

555 2428 757 2494 Litterarum
774 2428 956 2495 scientia...

553 2533 633 2599 Dat.
649 2532 748 2597 Avin.
766 2553 803 2598 10
819 2532 885 2600 kal.
901 2535 1030 2619 augusti
1048 2554 1138 2600 anno
1156 2555 1185 2615 9.

553 2635 592 2700 In
609 2658 638 2701 e.
654 2657 699 2702 m.
715 2637 815 2723 priori
842 2637 885 2702 de
907 2636 1045 2719 Paredo,
1059 2637 1225 2704 Eduensis
1249 2615 1402 2722 diocesis,
1424 2649 1459 2706 et
1482 2640 1611 2707 decano
1636 2638 1821 2726 Burgensis
1835 2661 1870 2706 ac

508 2740 746 2807 archidiacono
760 2741 803 2806 de
820 2738 1096 2827 Montepensat0,
1110 2741 1324 2810 Caturcensis
1339 2745 1566 2811 ecclesiarum.

508 2905 510 2909 ·
540 2878 602 2940 Reg.
617 2882 665 2928 Av.
680 2879 720 2937 23,
734 2879 753 2928 f.
765 2879 843 2936 330'3
858 2878 914 2927 Vat.
927 2880 967 2938 79,
981 2880 1000 2929 f.
1014 2881 1083 2938 aad,
1102 2895 1128 2929 n.
1146 2881 1216 2931 1877.

553 3058 852 3144 1622-1623.
1254 3036 1257 3041 ’
1539 3098 1634 3163 1325,
1652 3079 1829 3163 &juna

552 3175 716 3263 Magistro
733 3177 834 3244 Petro
856 3178 1020 3263 Arquerii,
1045 3178 1174 3245 decano
1201 3182 1343 3247 ecclesie
1369 3182 1664 3267 Rothomagensis,
1692 3185 1868 3251 mandatur

509 3292 672 3367 quatenus
699 3283 781 3348 duas
815 3282 946 3362 domus,
974 3283 1008 3347 in
1033 3284 1120 3349 villis
1155 3285 1198 3350 de
1233 3283 1396 3352 Curtraco
1429 3287 1529 3352 etde
1555 3286 1713 3353 Bruxella
1742 3290 1866 3367 sitas,a

508 3386 695 3453 Benedicto
711 3386 862 3452 Rotharii
880 3385 1020 3452 Camere
1047 3389 1234 3473 apostolice
1250 3390 1402 3472 donatas,
1419 3391 1528 3456 eidem
1544 3389 1686 3456 Camere
1702 3391 1865 3458 dimittere

505 3492 617 3558 faciat.

551 3661 715 3727 «Dilecto
731 3660 801 3726 filio
828 3659 930 3727 Petro
944 3662 1109 3747 Arquerii,
1125 3663 1256 3728 decano
1272 3664 1412 3729 ecclesie
1441 3664 1738 3749 Rothomagensis,
1765 3665 1862 3752 capel-

506 3769 585 3832 lano
610 3774 736 3847 nostro,
756 3766 945 3852 apostolice
972 3766 1067 3832 Sedis
1096 3768 1231 3834 nuncio.
1264 3767 1349 3833 Cum
1380 3769 1522 3834 dilectus
1549 3770 1635 3835 filius
1667 3769 1862 3838 Benedictus

509 3869 671 3951 Rotharii,
689 3869 771 3935 civis
788 3870 952 3950 Astensis,
969 3871 1081 3936 anime
1094 3892 1152 3936 sue
1168 3873 1266 3937 saluti
1283 3873 1474 3957 prospicere
1489 3873 1636 3958 cupiens,
1653 3874 1739 3940 duas
1754 3876 1861 3942 domos

506 3994 591 4054 suas,
607 3994 711 4039 unam
738 3974 896 4039 videlicet
923 3974 1021 4039 sitam
1049 3975 1083 4039 in
1109 3975 1188 4040 villa
1214 3975 1256 4041 de
1284 3974 1456 4058 curtraco,
1479 3975 1705 4043 Tornacensis
1720 3979 1862 4053 diocesis,

506 4098 611 4163 prope
628 4077 829 4144 cimiterium
854 4078 995 4143 ecclesie
1020 4078 1111 4144 dicte
1137 4079 1225 4159 ville,
1249 4089 1283 4144 et
1307 4081 1446 4145 alteram
1475 4080 1508 4145 in
1536 4081 1615 4145 villa
1639 4082 1683 4146 de
1709 4081 1862 4161 Brucella,

506 4180 757 4248 Cameracensis
772 4182 927 4263 diocesis,
944 4203 1049 4269 prope
1065 4203 1179 4249 muros
1195 4183 1345 4269 ejusdem
1361 4184 1449 4263 ville,
1467 4206 1531 4270 que
1547 4187 1721 4270 quondam
1739 4186 1862 4254 Berardi

508 4285 659 4351 Rotharii
676 4293 711 4351 et
727 4286 864 4351 fratrum
892 4307 1028 4352 suorum
1055 4307 1095 4353 ac
1123 4287 1263 4353 Henrici
1289 4288 1331 4353 de
1357 4287 1511 4354 Mercato
1537 4290 1675 4374 ejusque
1698 4300 1865 4377 nepotum,

506 4390 627 4456 civium
644 4390 848 4470 Astensiunr,
865 4390 964 4456 fuisse
979 4391 1146 4472 dicuntur,
1157 4391 1199 4457 ad
1211 4392 1357 4457 eundem
1370 4389 1606 4474 Benedictum,
1618 4395 1706 4461 sicut
1724 4397 1865 4466 asseruit.

505 4494 722 4580 pertinentes,
739 4514 816 4559 cum
844 4495 999 4560 omnibus
1026 4495 1226 4580 ingressibus
1251 4504 1285 4561 et
1311 4497 1495 4581 egressibus
1524 4498 1703 4564 domorum
1729 4501 1866 4586 ipsarum

504 4597 643 4682 aliisque
673 4598 740 4663 suis
759 4598 887 4683 juribus
913 4607 947 4664 et
974 4600 1186 4683 pertinentiis
1208 4600 1380 4681 universis,
1412 4602 1510 4667 nobis
1536 4611 1571 4667 et
1598 4601 1741 4669 Camere
1762 4615 1867 4670 nostre

506 4721 545 4766 ac
560 4702 742 4765 venerabili
767 4702 858 4766 fratri
883 4703 1075 4784 Ademari0,
1099 4704 1260 4789 episcopo
1287 4703 1499 4785 Massiliensi,
1515 4706 1725 4772 thesaurario
1748 4718 1867 4790 nostro,

506 4826 567 4890 pro
583 4806 679 4871 nobis
702 4814 737 4870 et
764 4807 883 4871 eadem
908 4805 1049 4873 Camera
1071 4807 1259 4894 recipienti,
1285 4830 1343 4874 sua
1364 4830 1465 4889 mera,
1493 4812 1596 4877 libera
1620 4820 1656 4876 et
1684 4818 1868 4897 spontanea

506 4910 680 4974 voluntate
696 4910 836 4989 dederit,
854 4911 990 4977 cesserit
1016 4920 1051 4976 et
1076 4913 1279 4979 concesserit
1306 4934 1387 4999 pure
1411 4923 1446 4980 et
1473 4915 1671 5001 simpliciter
1686 4915 1868 4985 donatione

508 5012 715 5079 irrevocabili
745 5014 830 5078 inter
863 5015 968 5096 vivos,
999 5017 1086 5081 sicut
1117 5017 1149 5081 in
1185 5017 1408 5084 instrumento
1439 5019 1574 5105 publico
1605 5020 1682 5087 inde
1714 5024 1869 5090 confecto

508 5118 638 5203 plenius
663 5119 866 5200 continetur,
887 5138 949 5183 nos
973 5121 1127 5185 volentes
1154 5124 1276 5187 nostris
1301 5132 1335 5187 et
1363 5123 1463 5209 ipsius
1486 5123 1628 5190 Camere
1645 5125 1679 5189 in
1695 5125 1763 5193 hac
1778 5138 1869 5213 parte
