4409 6017
308 691 319 938 Ι
873 738 1021 805 Premiero
1041 740 1144 805 annea.
1639 744 1693 809 115

374 880 485 967 327.
1345 900 1477 989 [1317],
1494 922 1535 987 29
1551 903 1651 968 avril.

376 997 553 1067 Universis
567 1002 718 1087 personis
733 1002 966 1070 ecclesiasticis
980 1003 1135 1070 scribitur
1150 1013 1187 1071 ut
1201 1004 1370 1090 predictos
1381 1005 1517 1072 nuntios
1532 1006 1695 1093 recipiant

334 1101 410 1167 dum
426 1124 489 1189 per
504 1125 563 1171 eos
577 1106 754 1172 transitum
771 1105 911 1173 fecerint
927 1114 962 1173 et
977 1107 1069 1192 quod
1084 1107 1216 1175 nunciis
1239 1108 1365 1175 eisdem
1380 1108 1588 1196 provideant.

373 1206 462 1274 Cum
478 1210 706 1275 venerabilem
721 1209 868 1277 fiatrem.
877 1262 901 1277 ..

374 1310 457 1378 Dat.
473 1312 575 1380 Avin.
594 1334 610 1399 3
627 1312 694 1380 kal.
710 1314 800 1381 maii.

362 1448 428 1511 Bag.
444 1448 505 1498 Yet.
518 1452 571 1509 109,
583 1450 602 1499 i.
615 1450 666 1510 49',
678 1464 704 1499 n.
719 1451 764 1499 198
776 1449 848 1506 3Vat.
862 1453 916 1511 110,
928 1466 987 1515 pars
999 1452 1019 1511 l,
1032 1451 1051 1500 i.
1061 1453 1100 1510 39,
1113 1466 1139 1505 ιι.
1155 1453 1210 1500 119.

373 1646 492 1733 328.
1351 1662 1482 1751 [1317],
1500 1683 1541 1747 29
1557 1663 1654 1729 avril.

377 1766 520 1832 Eisdem
535 1766 661 1833 nuntiis
676 1768 853 1834 mandatur
868 1777 905 1834 ut
926 1768 968 1833 ad
987 1787 1213 1852 quascumque
1235 1775 1347 1854 partes
1364 1767 1457 1852 regni
1477 1766 1626 1848 Francie,
1641 1767 1698 1833 ubi

329 1870 443 1937 scient
457 1869 659 1937 discordiam
675 1891 734 1937 seu
748 1892 901 1957 guerram
916 1872 1003 1937 inter
1019 1870 1221 1958 Philippum,
1238 1891 1351 1956 regem
1367 1870 1517 1952 Francia,
1527 1878 1562 1937 et
1571 1871 1700 1956 aliquos

331 1996 420 2056 esse,
437 1975 517 2041 illuc
531 1976 694 2042 accedant
711 1984 745 2041 et
769 1984 881 2063 partes
896 1997 971 2042 suas
997 1996 1058 2063 pro
1074 1978 1165 2042 bono
1180 1975 1271 2062 pacis
1296 1975 1512 2062 interponant
1527 1983 1562 2041 et
1583 1986 1701 2043 contra

331 2080 480 2144 rebelles
493 2079 689 2166 procedant.

376 2182 436 2249 Ad
450 2183 543 2270 pacis
557 2183 876 2269 tranquillitatem...

379 2285 461 2352 Dat.
478 2286 577 2351 Avin.
595 2308 613 2372 3
629 2285 696 2353 kal.
713 2287 802 2353 maii.

368 2432 432 2494 Reg.
445 2431 505 2481 Vnt..
522 2434 575 2491 109,
587 2433 606 2483 f.
621 2436 660 2493 50,
673 2449 697 2482 n.
713 2435 757 2481 199
770 2449 776 2492 ς
789 2433 847 2483 vat.
862 2436 914 2493 110,
927 2447 986 2497 pars
999 2433 1018 2492 l,
1030 2433 1049 2482 f.
1061 2434 1100 2493 39,
1113 2448 1138 2481 ιι.
1152 2434 1205 2482 120.

381 2621 497 2708 329.
1356 2636 1488 2723 [1317],
1505 2657 1547 2721 29
1562 2636 1660 2701 avril.

383 2743 553 2829 Philippo,
569 2742 637 2827 regi
654 2740 804 2822 Francie,
820 2740 973 2808 scribitur
989 2748 1026 2806 ut
1041 2740 1084 2808 ad
1094 2740 1308 2807 clementiam
1319 2761 1396 2825 erga
1405 2741 1546 2806 rebelles
1555 2739 1704 2805 animum

341 2867 437 2913 suum
453 2846 621 2933 disponat.

384 2948 483 3034 Quia,
500 2949 546 3015 fili
562 2949 772 3016 carissime...

386 3053 466 3120 Dat.
481 3053 583 3120 Avin.
602 3074 619 3138 3
636 3052 702 3119 kal.
719 3053 808 3118 maii.

376 3189 436 3250 Bag,
452 3188 511 3238 Vct..
525 3191 580 3249 109,
592 3189 610 3237 l.
622 3191 672 3248 ὅθ’,
685 3203 711 3237 ιι.
723 3192 770 3237 200
783 3204 788 3245 ;
802 3187 860 3236 vat..
873 3189 927 3249 110,
942 3202 1000 3251 pars
1012 3188 1032 3248 l,
1044 3188 1063 3237 f.
1078 3191 1117 3249 45,
1129 3202 1155 3237 n.
1169 3190 1223 3236 144.
1235 3215 1268 3223 -
1279 3187 1384 3250 Coulon,
1396 3203 1422 3237 n.
1434 3191 1481 3238 207
1494 3188 1599 3251 (texte).

387 3375 507 3461 330-
1380 3408 1462 3453 ιν
1510 3410 1528 3452 2
1567 3388 1664 3452 avril.

389 3493 521 3575 carole,
539 3492 652 3559 comiti
670 3492 801 3574 Valesii,
818 3492 969 3558 scribitur
984 3500 1149 3576 quatenus
1173 3496 1215 3557 ab
1239 3388 1493 3558 affinititejsiii
1508 3408 1710 3575 eiignatione

353 3597 550 3664 matrimonii
574 3615 652 3664 cum
667 3595 851 3677 Ludovico,
868 3596 993 3662 comite
1015 3595 1049 3661 N
1053 3597 1229 3678 ivernensi,
1246 3595 1485 3674 contrahenda,
1501 3593 1612 3681 quoad
1638 3615 1710 3680 pre-

355 3721 432 3783 sens,
457 3701 607 3782 desistat,
633 3702 713 3785 quin
740 3700 845 3765 immo
870 3721 946 3765 eum
975 3699 1017 3766 ad
1043 3699 1240 3766 fidelitatem
1266 3721 1343 3784 erga
1368 3699 1568 3786 Philippum,
1600 3718 1711 3783 regern

356 3803 498 3886 Francie,
515 3804 661 3872 inducat.

391 4022 407 4062 r
427 3998 563 4064 Dilecto
579 3998 647 4063 lilio
663 3998 765 4063 nobili
783 3997 855 4063 viro
872 3998 1002 4075 CarolO,
1019 3999 1106 4063 clare
1117 3997 1277 4062 memorie
1290 3996 1443 4082 Philippi,
1460 3996 1546 4080 regis
1563 3994 1712 4074 Francie,

355 4100 424 4184 filio,
442 4100 558 4168 comiti
576 4101 708 4168 Valesii.
725 4100 869 4167 Litteras
889 4110 973 4181 tuas,
991 4101 1047 4182 lili,
1063 4101 1210 4185 benigno
1225 4100 1349 4166 affectu
1365 4101 1558 4185 recepimus,
1575 4118 1713 4183 quarum

353 4206 447 4271 series
471 4204 673 4271 laudabilem
699 4205 827 4271 sincere
851 4204 1040 4270 dilectionis
1064 4204 1233 4286 affectum,
1259 4225 1359 4288 quem
1384 4203 1427 4268 ad
1453 4202 1657 4268 carissimum
1680 4202 1713 4265 in

352 4308 482 4374 Christo
507 4308 611 4373 filium
636 4317 787 4374 nostrum
805 4307 1005 4394 Philippum,
1022 4328 1134 4393 regern
1154 4306 1292 4373 Francie
1317 4316 1352 4373 et
1368 4306 1520 4372 Navarra
1544 4306 1714 4383 illustrem,

350 4422 509 4500 nepotem
537 4421 643 4494 tuum,
659 4421 694 4477 et
711 4413 780 4498 ejus
796 4413 924 4496 agenda
941 4413 1063 4477 habere
1079 4421 1114 4476 te
1130 4411 1247 4476 asseris
1268 4422 1301 4476 et
1326 4414 1501 4476 observare
1519 4410 1715 4475 inconcusse

349 4516 507 4603 disponis,
525 4517 621 4581 nobis
636 4517 782 4602 apertius
797 4516 966 4581 reseravit.
984 4515 1085 4599 Quod
1110 4515 1265 4598 equidem
1291 4536 1332 4580 eo
1348 4513 1596 4579 habundantius
1619 4513 1716 4577 letifi-

348 4622 438 4686 cavit
455 4631 569 4686 nostra
592 4620 766 4706 precordia
790 4641 856 4704 quo
874 4619 907 4685 id
923 4626 1078 4705 optamus
1094 4618 1255 4683 intensius
1281 4627 1315 4683 et
1342 4618 1407 4683 tuis
1432 4617 1550 4682 honori
1572 4625 1606 4681 et
1629 4616 1716 4681 fame

348 4745 533 4810 congruere
549 4724 723 4790 decentius
738 4731 772 4789 et
796 4723 1027 4809 expedientius
1051 4730 1253 4807 reputamus.
1271 4722 1505 4787 Desideramus
1521 4720 1646 4786 etenim
1669 4729 1716 4799 ut,

347 4830 434 4895 sicut
449 4848 563 4912 regem
580 4827 688 4913 ipsum
704 4835 738 4891 et
754 4835 789 4892 te
805 4827 990 4912 propinqua
1006 4826 1173 4909 sanguinis
1190 4826 1400 4891 necessitudo
1422 4824 1604 4910 conjungit,
1620 4823 1667 4889 sic
1683 4832 1717 4887 et

347 4955 408 5000 sua
424 4941 459 4997 et
475 4940 534 4997 tua
549 4931 693 5015 negotia,
709 4933 802 4994 velut
818 4931 936 4995 eadem
952 4929 1097 4995 caritatis
1114 4930 1315 5015 idemptitaS,
1332 4939 1367 4994 et
1383 4928 1578 4993 intentionis
1601 4926 1718 4991 utrius·

347 5060 415 5124 que
428 5035 588 5123 judicium
605 5034 855 5120 quodammodo
871 5034 1019 5120 peribeat
1035 5055 1105 5098 non
1122 5033 1263 5099 differre.
1293 5032 1337 5098 Et
1353 5034 1419 5097 hoc
1441 5031 1597 5115 equidem
1614 5028 1717 5093 fideli-

346 5142 428 5209 tatis
445 5139 596 5205 debitum
612 5139 714 5223 exigit
730 5138 820 5223 quod
836 5159 948 5221 regem
966 5137 1072 5221 ipsum
1089 5138 1270 5202 reverearis
1287 5146 1323 5201 ut
1340 5135 1524 5210 dominum,
1541 5133 1717 5197 imminen-
