4409 6017
422 723 485 789 454
967 717 1113 800 septitm
1133 716 1236 782 annee.

468 872 547 939 Dat.
562 871 662 939 Avin.
679 871 831 938 kalendis
843 870 916 956 julii
930 890 1022 935 anno
1038 889 1067 955 7.

468 974 510 1041 In
525 998 555 1042 e.
571 997 617 1043 m.
633 984 672 1042 ut
693 983 806 1064 supra,
823 999 855 1041 n.
872 975 968 1041 1216.

455 1106 517 1167 Reg.
531 1109 580 1154 Ar.
593 1107 632 1165 19,
647 1104 665 1154 f.
679 1107 728 1154 242
740 1122 746 1163 ;
759 1106 817 1155 Vat.
830 1108 870 1165 75,
883 1105 901 1154 l.
916 1106 983 1165 132¹,
997 1120 1022 1154 n.
1037 1105 1105 1153 1356.

470 1253 604 1337 1218.
1462 1288 1558 1351 1325,
1577 1289 1604 1351 3
1623 1268 1751 1357 juillet.

467 1371 617 1437 Roberto
633 1369 785 1455 Coyrerii
801 1369 972 1437 confertur
988 1372 1206 1442 canonicatus
1223 1373 1363 1441 ecclesie
1379 1372 1410 1438 S.
1427 1371 1553 1450 Juliani
1571 1371 1787 1452 Brivatensis‚

422 1475 454 1541 S.
471 1474 561 1541 Flori
578 1473 730 1555 diocesis,
746 1477 806 1540 sub
824 1473 1061 1561 expectatione
1076 1479 1247 1562 prebende
1272 1499 1341 1544 non
1364 1480 1521 1543 obstante
1547 1477 1644 1563 quod
1669 1479 1706 1544 in
1722 1500 1787 1565 par·

421 1578 561 1645 rochiali
587 1578 729 1644 ecclesia
752 1578 794 1645 de
818 1578 956 1659 Stalilla,
979 1576 1202 1649 Tomacensis
1224 1581 1376 1662 diocesis,
1402 1580 1571 1666 quandam
1587 1592 1787 1669 perpetuam

422 1682 643 1769 capellaniam
659 1681 802 1748 obtinet.

468 1784 601 1852 Meritis
615 1793 715 1851 tue...

466 1890 545 1956 Dat.
561 1888 662 1955 Avin.
681 1908 697 1973 5
716 1909 796 1955 non.
809 1889 882 1973 julii
898 1909 988 1956 anno
1006 1910 1034 1976 7.
1307 1968 1308 1971 Ἴ

466 1994 506 2059 ln
522 2015 552 2060 e.
568 2014 613 2058 m.
629 1993 742 2058 abbati
759 1993 952 2058 monasterii
967 1992 1118 2060 Casedei
1145 2003 1180 2060 et
1206 1995 1306 2080 priori
1330 1995 1372 2060 de
1400 1993 1560 2079 Bajassia,
1586 1994 1787 2063 Claromon·

419 2097 525 2163 tensis
559 2104 594 2162 et
633 2096 665 2162 S.
691 2096 780 2162 Flori
805 2096 988 2178 diocesum,
1013 2118 1052 2165 ac
1083 2098 1321 2165 archidiacono
1348 2098 1550 2165 Benascensi
1577 2099 1612 2163 in
1647 2101 1787 2166 ecclesia

423 2200 597 2267 Ilerdensi.

459 2330 520 2391 Reg.
532 2331 581 2380 Ar.
596 2329 665 2388 19,1.
681 2331 740 2376 125ν
752 2344 758 2387 ;
771 2328 830 2378 Vat.
842 2333 879 2388 75,
890 2331 910 2378 1.
921 2332 961 2390 57,
973 2344 998 2378 n.
1012 2333 1083 2381 1145.

466 2476 602 2558 1219.
1463 2511 1555 2575 1323,
1574 2513 1599 2575 3
1617 2491 1746 2574 juillet.

464 2595 637 2681 Stephano
660 2592 703 2660 de
726 2592 837 2658 Strata
859 2601 1046 2659 reservatur
1061 2594 1263 2660 beneficium
1290 2595 1554 2662 ecclesiasticum
1571 2595 1614 2661 ad
1632 2596 1784 2662 collatio

421 2720 499 2764 nem
520 2697 668 2783 episcopi
694 2695 917 2777 Mimatensis,
942 2717 1011 2762 non
1036 2700 1193 2763 obstante
1220 2699 1309 2784 quod
1336 2706 1533 2785 perpetuam
1562 2699 1785 2786 capellaniam

419 2803 548 2889 capelle
563 2801 781 2886 beguinarum
797 2800 839 2865 de
856 2800 978 2883 Insula,
994 2799 1217 2868 Tornacensis
1231 2803 1385 2883 diocesis,
1401 2803 1543 2869 obtinet.

465 2905 613 2991 Exigunt
629 2912 727 2970 tue...

463 3010 542 3075 Dat.
558 3008 657 3073 Avin.
676 3028 692 3092 5
710 3027 789 3073 non.
802 3005 874 3090 julii
890 3026 980 3071 anno
997 3025 1026 3091 7.

463 3111 503 3177 In
519 3132 548 3178 e.
565 3132 609 3177 rn.
625 3111 755 3177 decano
771 3107 969 3191 Brivatensi,
993 3110 1024 3175 S.
1051 3109 1141 3177 Flori
1165 3111 1317 3195 diocesiS,
1342 3122 1377 3179 et
1402 3113 1641 3180 archidiacono
1658 3114 1784 3180 Benas·

420 3217 521 3298 censi,
539 3215 727 3296 Ilerdensis,
744 3223 779 3280 et
796 3215 933 3279 sacriste
949 3213 1152 3282 Vivariensis
1167 3218 1393 3284 ecclesiarum.

451 3347 513 3408 Reg.
525 3347 573 3395 Av.
583 3347 621 3404 19,
633 3346 651 3394 f.
664 3347 738 3396 213¹:
751 3344 810 3393 Vat.
824 3347 863 3403 75,
875 3344 894 3393 f.
910 3346 951 3404 63,
966 3359 991 3393 n.
1004 3346 1074 3395 1159.

468 3494 1602 3587 122011323‚5
1619 3504 1746 3586 juillet.

463 3612 616 3678 Renaldo
640 3612 682 3677 de
708 3609 914 3676 Parvorodio
940 3606 1111 3673 confertur
1139 3606 1357 3672 canonicatus
1383 3606 1523 3671 ecclesie
1564 3605 1596 3670 S.
1624 3607 1785 3672 Germani

420 3714 621 3796 Montensis,
637 3713 889 3779 Cameracensis
911 3711 1063 3789 diocesiS,
1089 3712 1149 3775 sub
1172 3710 1408 3794 expectatione
1434 3710 1613 3795 prebende,
1632 3732 1701 3775 non
1727 3713 1784 3776 ob-

418 3828 529 3886 stante
545 3818 635 3904 quod
651 3817 895 3903 panochialem
913 3814 1091 3880 ecclesiam
1108 3813 1150 3877 de
1163 3813 1359 3878 Asscrullies
1374 3834 1414 3879 ac
1430 3814 1652 3900 capellaniam
1672 3816 1785 3880 altaris

419 3922 457 3987 B.
475 3922 607 3988 Nicolai
626 3922 660 3986 in
676 3921 817 3987 ecclesia
832 3920 874 3985 de
892 3918 1035 3998 Nalinis,
1052 3917 1303 3982 Cameracensis
1330 3928 1364 3981 et
1389 3917 1585 3982 Leodiensis
1601 3917 1783 3992 diocesum,

422 4027 565 4091 obtinet.

465 4128 559 4194 Sedis
579 4129 808 4213 apostolice...

464 4232 542 4297 Dat.
559 4232 658 4296 Avin.
677 4253 694 4315 3
711 4252 791 4296 non.
806 4230 876 4316 julii
894 4249 984 4294 anno
1002 4247 1030 4313 7.

464 4334 503 4400 In
532 4355 560 4399 e.
588 4357 632 4399 m.
657 4336 769 4400 abbati
789 4333 981 4399 monasterii
1009 4333 1040 4398 S.
1065 4331 1223 4397 Germani
1249 4331 1291 4396 de
1317 4330 1424 4396 Pratis
1454 4332 1550 4416 juxta
1577 4331 1724 4399 Parisius
1750 4341 1782 4397 et

416 4439 566 4504 Arnaldo
577 4438 687 4522 Regis,
698 4440 874 4524 capellano
884 4458 981 4523 pape,
992 4459 1032 4502 ac
1049 4437 1150 4501 Petro
1161 4436 1203 4501 de
1214 4433 1434 4513 Collemedio,
1449 4432 1629 4500 scolastico
1642 4435 1782 4501 ecclesie

419 4542 682 4608 Cameracensis.

452 4672 513 4730 neg.
531 4675 577 4720 nv.
597 4675 632 4728 ra,
644 4673 662 4722 r.
679 4675 728 4719 aa:
748 4672 806 4719 rat.
823 4673 862 4728 rr,
875 4672 892 4719 r.
909 4673 977 4727 auru,
992 4686 1018 4720 n.
1032 4671 1087 4715 aaa.

465 4809 598 4891 1221.
1439 4845 1455 4885 1
1481 4844 1523 4885 2³
1555 4844 1573 4885 1
1635 4824 1742 4891 'ur'llet

462 4928 628 4993 Arnaldus
645 4927 756 5010 Regis,
772 4926 1025 4991 archidiaconus
1042 4924 1305 5008 Cameracensis,
1322 4843 1683 5011 capellaiue’papelac
1709 4948 1781 4993 cau-

418 5053 527 5096 sarum
543 5032 636 5097 tercii
653 5030 773 5115 gradus
789 5030 902 5116 palatii
920 5030 1095 5113 apostolici
1113 5030 1255 5106 auditor,
1273 5030 1454 5115 deputatur
1470 5037 1580 5094 rector
1596 5029 1782 5117 Campanis¹

419 5156 458 5202 ac
476 5135 648 5201 Maritime
663 5134 919 5221 provinciarum.
