4409 6017
920 711 1067 777 Premibre
1087 718 1190 778 anate.
1670 721 1725 785 145

398 854 513 935 411.
1406 898 1422 941 1
1450 899 1465 941 r
1536 880 1579 943 26
1595 886 1682 945 nortl.

400 970 679 1040 Procuratoribus
696 973 845 1057 Roberti,
865 977 998 1042 comitis
1025 976 1190 1058 Flandrie,
1214 980 1366 1045 scribitur
1387 876 1554 1065 illidius
1570 984 1725 1050 eumdem

349 1076 523 1142 ¹comitem
549 1077 707 1144 inducant
732 1087 770 1144 ut
794 1079 876 1145 nihil
901 1079 1038 1146 difficile
1063 1091 1158 1167 petat
1184 1083 1271 1149 circa
1299 1085 1512 1150 securitatem
1538 1107 1637 1171 quam
1665 1109 1727 1175 pro

354 1180 453 1267 pacis
469 1182 707 1247 observatione
723 1204 743 1249 a
759 1204 837 1269 rege
854 1184 995 1250 Francie
1011 1187 1150 1271 prestari
1167 1189 1249 1252 vult.

400 1413 418 1453 ι
438 1390 583 1456 Dilectis
599 1390 675 1456 filiis
689 1392 958 1477 procuratoribus
973 1412 1031 1457 seu
1043 1392 1168 1456 nuntiis
1177 1390 1291 1457 dilecti
1302 1390 1359 1454 filii
1373 1389 1493 1455 nobilis
1504 1390 1563 1454 riri
1576 1390 1725 1470 Roberti,

356 1495 495 1560 comitis
520 1493 687 1560 Flandrie.
709 1495 887 1581 Sperantes
908 1496 941 1560 in
966 1495 1091 1561 dilecto
1116 1494 1185 1559 filio
1210 1494 1312 1559 nobili
1338 1494 1409 1558 viro
1427 1493 1585 1573 Robert0,
1602 1496 1726 1560 comite

356 1596 528 1679 Flandrie,
544 1599 637 1685 pacis
652 1598 757 1664 filium
781 1600 940 1679 invenire,
957 1609 993 1665 ut
1009 1620 1107 1685 super
1126 1620 1203 1663 eum
1227 1619 1292 1683 pax
1308 1597 1490 1664 admodum
1506 1598 1725 1663 desideranda

355 1702 556 1785 quiesceret,
565 1724 626 1789 per
636 1703 838 1789 apostolicas
850 1703 910 1769 sibi
929 1704 1056 1769 litteras
1067 1705 1115 1787 (⁸)
1126 1712 1265 1789 paterne
1278 1701 1499 1787 suggessimus
1509 1710 1543 1766 et
1553 1722 1613 1787 per
1624 1724 1724 1767 vene-

354 1806 497 1870 rabilem
514 1806 649 1871 fratrem
660 1815 811 1872 nostrum
823 1805 1096 1893 R[aynaudum]‚
1109 1806 1351 1872 Bituricensern
1370 1805 1668 1891 archiepiscopum,
1685 1827 1724 1871 ac

354 1910 520 1977 dilectum
536 1908 642 1974 filium
655 1910 790 1976 fratrem
803 1909 1040 1995 Berengarium
1055 1911 1097 1976 de
1114 1910 1293 1989 Landorra‚
1311 1910 1504 1992 magistrum
1520 1909 1644 1974 ordinis
1662 1909 1724 1974 fra-

353 2018 446 2077 trum
464 2011 727 2095 Predicatorum,
743 2015 888 2080 electum
910 2013 1233 2099 Compostellauum,
1250 2012 1434 2099 apostolice
1459 2012 1552 2098 Sedis
1577 2014 1723 2093 nuutios

357 2114 500 2181 fecimus
520 2115 702 2183 efficaciter
714 2117 842 2183 suaderi
857 2127 894 2182 ut
912 2138 1002 2183 nunc
1017 2118 1137 2183 saltem
1153 2117 1187 2181 in
1212 2117 1282 2182 vite
1299 2136 1437 2201 vespera
1453 2116 1664 2196 constitutus,
1691 2117 1723 2180 in

355 2227 544 2304 conspectu
555 2220 692 2285 Domini
703 2221 970 2286 rectificansvias
980 2242 1065 2301 suas,
1076 2221 1119 2286 ad
1130 2221 1326 2286 fidelitatem
1343 2228 1378 2284 et
1389 2218 1615 2284 obedientiam
1626 2220 1725 2285 caris-

355 2321 432 2387 simi
444 2322 478 2386 in
490 2321 626 2390 Christo
636 2323 693 2388 filii
706 2324 809 2389 nostri
823 2323 977 2410 Philippi,
986 2324 1071 2408 regis
1082 2323 1222 2390 Francie
1240 2332 1274 2388 et
1285 2322 1435 2388 Navarre
1447 2322 1590 2402 illustris,
1603 2323 1725 2388 rediret

357 2427 532 2492 ultroneus
541 2435 576 2491 et
591 2426 635 2492 ad
644 2426 886 2514 perfectionem
897 2435 1039 2493 tractate
1046 2426 1243 2513 jamdudum
1255 2426 1432 2492 concordie
1445 2447 1540 2491 suum
1551 2425 1725 2491 inclinaret

355 2529 509 2594 animum
521 2539 566 2610 et,
574 2550 675 2616 opere
684 2538 918 2617 prosequente,
929 2530 1139 2596 laudabiliter
1150 2540 1333 2617 coaptaret.
1347 2530 1443 2596 Licet
1452 2537 1576 2609 autem,
1587 2528 1672 2593 sicut
1684 2549 1724 2592 ex

355 2632 554 2697 nuntiorum
565 2633 711 2720 ipsorum
721 2633 945 2699 insinuatione
956 2633 1045 2699 fideli
1057 2655 1162 2720 nuper
1171 2633 1493 2720 accepimus‚comes
1504 2632 1628 2717 ipse,ut
1638 2650 1725 2695 asse-

356 2734 411 2815 rit,
427 2734 472 2800 ad
487 2736 757 2821 prosecutionem
773 2746 808 2802 et
823 2737 1063 2822 perfectionem
1080 2738 1171 2803 dicte
1187 2736 1364 2803 concordie
1375 2736 1517 2802 libenter
1527 2734 1608 2798 velit
1619 2733 1724 2797 inten-

356 2837 437 2902 dere
468 2847 503 2903 et
533 2848 711 2925 propterea
741 2861 801 2905 vos
831 2839 874 2905 ad
903 2841 1107 2925 presentiam
1131 2842 1256 2926 regiam
1282 2839 1464 2926 providerit
1489 2836 1665 2915 destinare,
1692 2835 1724 2898 in

356 2942 524 3028 petitione
540 2951 654 3008 tamen
670 2944 857 3009 securitatis
873 2964 973 3028 quarn
988 2965 1049 3030 pro
1064 2945 1156 3030 pacis
1172 2944 1405 3010 observatione
1421 2963 1440 3007 a
1456 2962 1532 3026 rege
1549 2941 1620 3004 vult
1635 2959 1724 3024 pres-

356 3046 419 3109 tari
445 3046 608 3131 predict0,
633 3045 726 3127 fines,
749 3057 787 3112 ut
811 3047 941 3128 dicitur,
957 3047 1122 3113 nrodestie
1144 3069 1212 3113 non
1238 3050 1402 3126 observat,
1428 3046 1572 3111 dumea
1595 3051 1725 3107 recusat

357 3157 541 3215 contentus
557 3150 699 3215 existere
724 3172 789 3235 que
814 3152 961 3237 pluribus
986 3151 1118 3216 videtur
1145 3173 1185 3216 ex
1202 3152 1331 3217 ratione
1347 3151 1469 3216 debere
1486 3147 1648 3221 sufficere,
1665 3144 1724 3209 sed

356 3273 431 3317 eam
458 3252 502 3318 ad
526 3274 627 3338 quam
651 3255 798 3339 regalem
824 3255 919 3320 facile
945 3276 1013 3319 uon
1041 3265 1129 3320 esset
1153 3255 1387 3321 excellentiam
1424 3251 1584 3328 inclinari,
1610 3248 1725 3313 nititur

357 3357 539 3442 postulare.
556 3357 660 3422 Porro
675 3358 843 3424 nescimus
864 3380 928 3443 que
946 3379 1044 3424 causa
1069 3360 1177 3445 ipsum
1194 3379 1330 3423 movere
1346 3355 1588 3423 rationabiliter
1604 3353 1725 3418 debeat

357 3460 618 3547 adpetitionem
635 3461 824 3546 hujusmodi
852 3471 886 3527 et
912 3462 996 3527 forte
1023 3483 1089 3527 non
1118 3462 1239 3528 desunt
1267 3462 1321 3546 qui
1349 3459 1517 3526 verisimili
1535 3457 1725 3540 conjectura

356 3573 555 3651 presumunt
571 3566 672 3649 quod,
689 3566 769 3631 dum
786 3566 819 3630 in
836 3567 900 3632 hoc
917 3587 1031 3632 comes
1042 3567 1112 3652 ipse
1128 3566 1316 3632 difficultati
1330 3563 1546 3650 prestationis
1563 3560 1725 3637 innititur,

357 3670 571 3735 occasionem
600 3690 719 3755 pacem
745 3670 948 3755 impediendi
975 3670 1160 3756 predictam
1188 3689 1324 3753 querere
1354 3676 1538 3734 censeatur.
1564 3663 1726 3747 Quamvis

356 3774 449 3837 enim
472 3774 601 3859 pridem
625 3774 705 3839 dum
728 3794 785 3837 rex
809 3774 879 3859 ipse
910 3776 981 3839 solo
1005 3774 1151 3859 regentis
1177 3774 1374 3857 fungebatur
1399 3771 1522 3848 offici0,
1553 3766 1725 3834 tolerabile

357 3875 456 3941 fuerit
472 3877 629 3962 petitioni
646 3876 779 3962 grandis
794 3878 983 3943 securitatis
1000 3878 1161 3957 insistere,
1178 3899 1220 3941 ne
1236 3898 1293 3941 rex
1310 3876 1448 3941 fortasse
1465 3874 1724 3941 futurusdictam

358 3982 464 4045 nollet
493 3981 708 4047 concordiam
726 3984 912 4062 observare,
929 4003 970 4045 ex
996 4002 1063 4065 quo
1078 3990 1193 4046 tamen
1209 3981 1319 4045 dictus
1335 4001 1392 4043 rex
1418 3981 1460 4046 ad
1486 3980 1577 4064 regni
1594 3977 1725 4055 solium,

360 4084 433 4148 l)e0
449 4084 597 4164 volente,
614 4084 777 4170 pervenit,
790 4084 966 4151 ridiculum
983 4093 1156 4170 reputatur
1171 4106 1189 4150 a
1213 4084 1326 4149 multis
1351 4082 1523 4150 difficilem
1540 4080 1726 4149 securitatis

358 4190 602 4275 prestationem
627 4200 795 4277 expetere,
812 4213 887 4257 curn
904 4213 970 4256 non
993 4192 1146 4257 videatur
1161 4200 1284 4257 restare
1301 4190 1445 4276 suspicio
1463 4189 1541 4273 quin
1559 4197 1628 4251 tam
1646 4186 1725 4270 ipse,

358 4294 502 4379 prestita
518 4296 696 4361 securitate
712 4317 811 4380 quani
829 4296 936 4374 offert,
953 4317 1053 4380 quam
1066 4298 1137 4382 ejus
1153 4296 1254 4361 etianr
1270 4294 1395 4381 posteri
1412 4313 1530 4379 pacem
1547 4294 1726 4356 observent

359 4396 559 4462 inconcusse
575 4398 770 4484 predictam.
787 4399 874 4483 Quia
890 4400 989 4482 igitur
1004 4399 1030 4463 si
1048 4420 1161 4464 comes
1178 4399 1247 4485 ipse
1274 4397 1387 4463 sedula
1412 4394 1631 4461 meditatione
1648 4413 1725 4458 cou-

358 4498 482 4564 sideret
499 4510 582 4584 quot
598 4511 632 4566 et
649 4512 774 4587 quanta
799 4503 983 4568 animarum
999 4503 1156 4588 pericula,
1174 4524 1255 4587 quas
1277 4510 1402 4585 strages
1419 4520 1595 4584 corporum
1611 4505 1645 4561 et
1662 4517 1725 4580 que

360 4602 527 4668 induxerit
561 4605 734 4691 dispendia
767 4607 962 4672 facultatum
997 4605 1210 4671 Flandrensis
1243 4626 1358 4690 guerre
1386 4603 1570 4670 commotio
1597 4609 1630 4665 et
1662 4621 1726 4683 que

361 4705 462 4789 ipsius
479 4708 689 4774 continuatio
704 4710 853 4793 graviora
878 4711 1033 4789 minatur,
1058 4710 1182 4774 nedum
1211 4710 1271 4774 sibi
1298 4709 1430 4793 suisque
1456 4704 1724 4780 Flaudrensibus‚

363 4810 441 4892 quin
467 4810 570 4875 etiam
597 4814 711 4878 multis
735 4815 808 4878 aliis
823 4814 982 4899 proximis
1005 4823 1039 4878 et
1055 4815 1202 4893 remotis
1219 4814 1244 4878 si
1262 4814 1442 4899 prudenter
1458 4812 1609 4876 advertat
1625 4828 1725 4891 quam

364 4913 584 4996 periculosum
602 4917 644 4981 sit
660 4917 762 4982 etiarn
779 4918 963 5000 quibusque
989 4919 1183 5002 potentibus
1208 4927 1332 4983 statum
1349 4918 1519 5003 proprium
1536 4933 1724 5000 guerrarum

728 5064 897 5071 -—

401 5135 418 5180 l.
437 5134 499 5196 Vqr.
513 5146 549 5184 n⁰·
561 5139 608 5185 322
620 5143 647 5186 ct
659 5141 714 5185 323.

417 5247 517 5287 Analecta
526 5247 721 5299 vaticanobelgica.
736 5251 764 5289 ll.
