4409 6017
903 702 1050 769 Premiere
1072 702 1174 769 annia.
1683 704 1719 769 17

353 850 473 917 eadem
497 850 642 918 ecclesia
663 849 870 936 prebendam
892 850 1144 930 sacerdotalem,
1168 869 1268 934 quarn
1291 849 1460 915 dimittere
1483 850 1659 931 tenebitur,
1683 860 1719 915 et

354 953 553 1034 custodiam,
569 963 605 1020 et
628 953 661 1019 in
688 954 719 1019 S.
742 954 901 1040 Stephani
926 953 969 1020 de
986 953 1118 1020 Roxate
1141 954 1395 1040 preposituram,
1411 953 1444 1017 in
1462 952 1720 1036 Mediolanensi,

357 1057 563 1139 Placentina,
579 1058 611 1124 S.
637 1057 771 1124 Genesii
798 1058 841 1124 de
866 1058 1024 1143 Dayrago
1048 1066 1083 1124 et
1107 1057 1142 1123 in
1168 1057 1259 1124 dicta
1274 1057 1305 1123 S.
1331 1057 1491 1142 Stephani
1516 1056 1558 1123 de
1576 1057 1718 1139 Roxate,

309 1171 310 1180 ’
359 1159 619 1227 Mediolanensis
627 1160 780 1240 diocesis,
793 1161 942 1227 ecclesiis
952 1161 1169 1227 canonicatus
1178 1169 1213 1225 et
1222 1160 1407 1247 prebendas
1419 1160 1559 1240 obtinet,
1570 1170 1605 1226 et
1617 1182 1715 1248 super

359 1263 629 1331 archidiaconatu
643 1264 785 1331 ecclesie
802 1262 1066 1331 Mediolanensis
1082 1264 1114 1329 in
1133 1264 1286 1330 Romana
1302 1264 1392 1330 curia
1406 1264 1524 1349 litigat.

399 1367 604 1434 Litterarum
620 1368 804 1434 scientia...

401 1472 481 1539 Dat.
497 1471 652 1558 Lugduni
670 1492 688 1557 7
706 1472 749 1538 id.
766 1472 964 1558 septembris
979 1492 1068 1538 anno
1089 1493 1115 1537 1.

402 1576 439 1641 In
463 1598 493 1643 e.
510 1598 556 1642 m.
573 1575 774 1662 Maguntine
797 1584 831 1641 et
847 1576 1029 1661 §.Georgii
1046 1574 1309 1642 Mediolanensis
1331 1574 1508 1661 prepositis
1531 1596 1569 1641 ac
1592 1576 1719 1642 cantori

366 1678 563 1745 Turonensis
579 1680 806 1746 ecclesiarum.

391 1818 447 1879 bag.
459 1820 513 1868 nv.
527 1819 549 1876 a,
563 1818 582 1867 r.
597 1819 674 1876 eram
688 1816 747 1866 Vat.
760 1819 799 1876 aa,
811 1817 830 1865 1.
843 1818 898 1868 aaa,
911 1832 935 1866 n.
952 1817 1008 1865 aar.

317 2033 324 2128 1
399 1982 481 2067 56.
1343 1994 1678 2083 1316,7septembre.

398 2100 652 2168 Aldebrandino
674 2100 717 2165 de
741 2098 884 2179 Comite,
908 2098 1109 2164 consobrino
1133 2097 1350 2183 Neapolonis,
1376 2098 1406 2163 S.
1429 2097 1567 2164 Adriani
1590 2098 1721 2165 diaconi

362 2205 547 2284 cardinalis,
572 2204 740 2270 confertur
762 2203 981 2268 canonicatus
1003 2202 1144 2268 ecclesie
1168 2201 1388 2283 ColoniensiS,
1405 2206 1465 2268 sub
1488 2204 1724 2289 expectatione

358 2307 527 2396 prebende
542 2317 578 2373 et
599 2315 797 2392 personatus
812 2307 865 2371 vel
883 2304 995 2385 officii,
1010 2326 1079 2371 non
1104 2308 1261 2371 obstante
1277 2305 1368 2390 quod
1390 2306 1425 2370 in
1440 2306 1624 2373 Senonensi
1640 2315 1675 2373 et
1691 2307 1722 2373 S.

358 2411 497 2478 Martini
515 2409 719 2476 Turonensis
734 2431 772 2476 ac
789 2410 820 2475 S.
836 2409 1007 2490 Adomari,
1027 2408 1232 2475 Morinensis
1247 2409 1399 2490 diocesis,
1415 2410 1574 2491 ecclesiis,
1587 2411 1723 2476 canoni-

356 2525 452 2582 catus
474 2522 510 2580 et
533 2513 729 2600 prebendas,
760 2521 794 2579 et
827 2511 865 2577 B.
898 2511 1007 2578 Marie
1033 2512 1075 2578 de
1104 2512 1374 2594 Vallemontone,
1402 2513 1547 2599 ¹Segnine
1569 2513 1721 2596 diocesis,

354 2619 553 2687 clericatum
578 2616 775 2703 simplicem,
791 2624 825 2682 et
857 2616 890 2680 in
922 2636 1029 2700 regno
1057 2615 1168 2682 Sicilie
1195 2615 1338 2701 quedam
1372 2617 1535 2684 beneficia
1561 2617 1724 2704 simplicia

355 2724 503 2789 obtinet.

402 2826 525 2912 Nuper
540 2825 736 2890 litterarum.
746 2875 769 2890 ..

400 2931 482 2995 Dat.
500 2927 652 3013 Lugduni
671 2945 689 3011 7
706 2927 750 2992 id.
767 2926 963 3013 septembris
978 2946 1068 2992 anno
1089 2946 1115 2991 1.

400 3027 1724 3099 Ine.m.S.GereonisColoniensisetS.MarieadGradusColoniensisdecanis

353 3159 395 3203 ac
411 3135 653 3202 archidiacono
670 3134 845 3199 Remensis
861 3134 1085 3199 ecclesiarum.

389 3274 452 3334 Reg.
465 3274 513 3320 Ar.
526 3274 549 3330 7,
561 3272 579 3320 f.
591 3274 639 3320 542
651 3287 657 3327 ;
670 3270 728 3321 vm.
744 3273 782 3330 63,
798 3273 816 3319 f.
830 3272 897 3329 2811.
910 3285 934 3318 u.
950 3273 997 3317 899
1006 3286 1028 3320 c.

399 3437 482 3521 57.
1343 3450 1438 3532 1316,
1457 3467 1476 3532 7
1492 3451 1679 3537 septembre.

401 3552 570 3633 Conrado,
586 3560 667 3617 nato
680 3550 845 3629 Johanuis
867 3552 909 3616 de
932 3551 1079 3636 Spolet0,
1095 3551 1277 3616 camerario
1303 3559 1338 3616 et
1363 3552 1514 3616 familiari
1545 3551 1723 3634 Francisci,

356 3659 388 3723 S.
408 3656 517 3722 Marie
535 3656 567 3720 in
591 3654 771 3721 Cosmedin
798 3654 930 3720 diaconi
958 3654 1142 3735 cardinalis,
1159 3654 1327 3719 confertur
1349 3655 1567 3720 canonicatus
1583 3656 1723 3722 ecclesie

359 3762 491 3842 Pisane,
507 3762 567 3826 sub
584 3759 819 3845 expectatione
835 3759 1012 3845 prebende,
1028 3778 1096 3823 non
1114 3761 1268 3824 obstante
1284 3760 1374 3843 quod
1391 3760 1424 3823 in
1440 3760 1581 3825 ecclesia
1596 3760 1627 3826 S.
1644 3759 1724 3825 Bar-

356 3865 522 3933 tholomei
539 3862 733 3929 Leodiensis
749 3862 983 3928 canonicatum
999 3870 1033 3928 et
1048 3861 1262 3948 prebendam,
1273 3871 1308 3927 et
1323 3864 1499 3928 ecclesiam
1515 3864 1546 3928 S.
1561 3861 1668 3928 Marie
1679 3863 1722 3929 de

358 3970 492 4050 Sesolis,
509 3969 580 4034 sine
596 3988 684 4049 cura,
700 3966 866 4052 Aquensis
881 3966 1033 4047 diocesiS,
1050 3966 1191 4032 obtinet.

403 4072 525 4158 Nuper
539 4073 734 4137 volentes...
806 4101 808 4104 ’

403 4178 484 4243 Dat.
502 4175 654 4261 Lugduni
673 4192 690 4258 7
708 4174 751 4240 id.
768 4174 965 4259 septembris
981 4194 1072 4238 anno
1091 4194 1118 4237 1.

404 4280 491 4346 Ine.
508 4301 553 4344 m.
570 4280 601 4344 S.
618 4277 711 4343 Pauli
735 4278 777 4344 de
794 4277 880 4363 Ripa
895 4277 976 4341 Arni
993 4276 1104 4342 Pisani
1121 4283 1155 4341 et
1177 4276 1219 4341 de
1236 4276 1266 4341 S.
1283 4276 1414 4356 Savin0,
1437 4276 1555 4341 Pisane
1571 4276 1723 4358 diocesia,

361 4384 641 4450 monasteriorum
664 4381 839 4448 abbatibus
865 4401 904 4446 ac
931 4379 1055 4446 Busolo
1080 4381 1123 4445 de
1154 4379 1281 4460 Parma,
1320 4381 1483 4446 canonico
1509 4380 1723 4461 Tomacensi,

361 4509 448 4574 pape
465 4487 651 4573 capellano
786 4474 789 4482 '

395 4626 458 4687 Reg.
471 4627 522 4677 Ax.
536 4624 590 4678 1.1.
606 4626 651 4673 109
662 4639 668 4678 3
680 4623 739 4672 Vat.
752 4624 791 4682 63,
804 4622 821 4671 f.
833 4624 890 4681 300,
904 4636 929 4670 n.
942 4624 997 4670 957.

405 4788 488 4872 58.
1346 4801 1441 4883 1316,
1460 4818 1479 4883 7
1495 4800 1683 4888 septembre.

407 4905 555 4973 Nicolao
576 4904 723 4990 Capocie
746 4904 788 4970 de
812 4903 916 4983 Urbe,
932 4903 1047 4988 nepoti
1072 4901 1161 4968 Petri
1185 4899 1226 4968 de
1250 4902 1449 4989 Columpna,
1466 4903 1597 4970 diaconi
1621 4902 1725 4968 cardi-

368 5010 459 5090 nalis,
475 5008 644 5075 confertur
666 5007 882 5073 canonicatus
904 5006 1044 5071 ecclesie
1061 5005 1287 5086 Virdunensis,
1311 5009 1371 5072 sub
1395 5007 1630 5093 expectatione
1652 5024 1725 5090 pre-

369 5112 473 5180 bende
488 5120 524 5178 et
539 5110 710 5196 dignitatis
725 5132 784 5177 seu
798 5119 996 5196 personatus
1011 5110 1064 5174 vel
1092 5108 1204 5189 officii,
1221 5130 1289 5174 non
1306 5112 1465 5176 obstante
1489 5108 1578 5195 quod
1594 5109 1627 5172 in
1644 5107 1724 5173 Cas-

421 5249 523 5290 Amloetn
531 5246 726 5299 vaticano-belgica.
740 5248 771 5289 11.
