4409 6017
508 719 570 784 254
1045 710 1204 775 Troisibno
1224 710 1327 775 anne‘e.

507 885 664 949 namque,
682 863 738 943 fili,
751 862 793 928 de
810 861 935 944 treugis
959 860 1046 925 inter
1061 859 1268 925 carissimum
1285 860 1318 924 iu
1335 859 1471 925 Christo
1497 858 1602 923 filium
1623 865 1777 922 nostrum
1795 854 1865 918 Phi-

509 970 648 1055 lippum,
664 987 776 1051 regem
794 965 934 1031 Frarrcie
950 973 984 1029 et
1001 962 1154 1029 Navarre
1169 964 1342 1043 illustrem,
1358 984 1398 1030 ac
1413 963 1598 1049 genitorem
1614 971 1712 1027 tuum
1727 979 1867 1044 suosque

510 1072 538 1137 F
541 1072 732 1138 landrenses
748 1091 852 1154 usque
868 1069 910 1135 ad
927 1068 1054 1134 Pascha
1069 1068 1258 1155 proximum
1272 1068 1371 1149 initis,
1387 1088 1527 1153 quarum
1537 1067 1631 1133 fedus
1642 1066 1737 1152 pacis
1746 1063 1869 1130 inducit

510 1176 698 1261 imaginem,
714 1173 925 1260 percepimus
939 1173 1007 1237 leta
1022 1183 1035 1206 ‘¹
1050 1192 1151 1250 nova,
1168 1181 1203 1237 et
1218 1172 1309 1257 quod
1324 1172 1367 1238 de
1379 1171 1514 1238 comuni
1525 1190 1690 1238 consensu
1700 1178 1794 1235 certa
1803 1166 1869 1233 dies

509 1289 560 1345 est
576 1280 742 1363 assignata
758 1275 956 1363 Cornpendii
974 1296 1035 1362 pro
1050 1274 1208 1341 habendo
1223 1296 1322 1362 super
1338 1276 1440 1361 ipsius
1455 1275 1547 1362 pacis
1568 1272 1773 1340 solidatione
1788 1280 1869 1337 trae·

509 1394 592 1464 tatu,
616 1391 786 1466 gratanter
809 1380 1005 1460 audivimus,
1022 1402 1063 1444 ex
1088 1380 1207 1465 quibus
1222 1379 1233 1413 ⁶
1249 1379 1282 1444 in
1307 1389 1423 1465 optate
1447 1378 1538 1465 pacis
1562 1377 1684 1444 fiducia
1711 1376 1871 1461 quodam·

510 1486 611 1553 modo
626 1486 825 1571 respiramus
840 1507 849 1564 ;
866 1492 1003 1569 propter
1019 1483 1108 1569 quod
1124 1484 1336 1549 nobilitatem
1346 1493 1439 1549 tuam
1448 1482 1653 1549 monendam
1664 1480 1871 1567 providimus

509 1602 544 1658 et
559 1589 759 1656 hortandam
776 1597 950 1674 quatenus
966 1587 1080 1672 quieta
1107 1586 1327 1653 meditatione
1350 1585 1564 1654 considerans
1586 1594 1670 1671 quot
1685 1584 1871 1651 animarum

508 1695 667 1783 pericula,
682 1701 766 1777 quot
786 1701 914 1776 strages
938 1712 1115 1776 corporum
1137 1701 1262 1777 quotve
1286 1691 1459 1778 dispendia
1482 1691 1681 1758 ¹facultatum
1705 1687 1871 1754 induxerit

509 1788 732 1883 usquemodo
749 1795 961 1861 Flandrensis
977 1815 1093 1877 guerre
1118 1794 1304 1860 commotio
1329 1816 1496 1881 quamque
1512 1794 1697 1880 dampnosa
1712 1791 1871 1879 prepedia

510 1900 682 1983 ingesserit
706 1900 768 1986 piis
794 1899 855 1964 Dei
881 1898 1025 1982 negotiis
1040 1907 1074 1963 et
1090 1898 1278 1984 specialiter
1292 1898 1395 1964 Terre
1411 1899 1533 1965 Sancte
1548 1897 1726 1977 succursui,
1754 1896 1872 1981 quibus

509 2006 665 2069 omnibus
676 2024 810 2069 causam
830 2005 972 2087 prebent
992 2002 1194 2086 quicumque
1209 2005 1251 2067 ab
1266 2002 1454 2088 hujusmodi
1477 2001 1656 2068 concordie
1670 2000 1871 2066 solidatione

510 2109 690 2186 declinant,
707 2128 770 2173 nec
785 2109 827 2171 ab
844 2106 966 2171 intuitu
982 2114 1040 2170 tue
1055 2105 1331 2172 considerationis
1355 2108 1492 2173 excluso
1508 2115 1591 2193 quot
1605 2108 1696 2172 bona
1711 2124 1755 2170 ex
1771 2103 1871 2191 ipsius

509 2213 601 2298 pacis
617 2211 774 2276 firmitate
798 2219 1000 2292 consurgent
1023 2218 1058 2274 et
1084 2231 1184 2295 quam
1209 2219 1366 2297 prompta
1386 2219 1544 2297 sequetur
1559 2218 1595 2275 et
1608 2218 1703 2294 grata
1719 2208 1870 2293 negotio·

509 2336 583 2380 rum
599 2315 662 2380 Dei
679 2314 858 2401 promotio,
876 2323 910 2378 et
925 2314 1114 2398 specialiter
1132 2314 1271 2400 predicti
1297 2335 1471 2380 succursus
1486 2314 1530 2381 ad
1544 2334 1645 2399 quem
1660 2312 1869 2398 singulariter

509 2428 590 2484 vota
614 2427 727 2483 nostra
751 2417 941 2497 direximus,
966 2438 1065 2497 nunc,
1090 2417 1225 2501 quardo
1249 2418 1303 2484 die
1325 2427 1359 2483 et
1374 2420 1450 2485 loco
1474 2417 1633 2504 predictis
1656 2416 1786 2483 debent
1813 2434 1869 2501 pro

509 2543 593 2608 pace
620 2520 782 2587 firmanda
812 2521 913 2605 ipsius
942 2519 1102 2605 genitoris
1132 2521 1180 2586 tui
1211 2542 1252 2587 ac
1276 2523 1521 2588 comunitatum
1552 2532 1587 2587 et
1613 2520 1867 2586 universitatum

511 2625 666 2691 Flandrie
682 2633 914 2710 procuratores
929 2643 988 2688 seu
1004 2623 1112 2689 nuntii
1129 2644 1204 2689 cum
1221 2626 1348 2691 nuntiis
1362 2626 1526 2710 regalibus
1541 2623 1734 2704 convenire,
1747 2623 1867 2689 nedum

508 2730 551 2796 ad
570 2730 671 2815 ipsius
691 2728 783 2814 pacis
801 2726 1048 2807 solidationem,
1073 2737 1173 2814 prout
1188 2727 1231 2794 ad
1245 2738 1281 2795 te
1297 2730 1452 2815 pertinet,
1471 2739 1506 2795 te
1530 2737 1726 2816 promptum
1742 2738 1779 2794 et
1794 2725 1866 2792 faci·

510 2837 584 2911 lem,
602 2832 739 2898 sublatis
765 2830 1016 2898 difficultatibus
1042 2832 1253 2916 quibuslibet,
1274 2837 1424 2919 prebeas,
1448 2833 1528 2918 quin
1552 2832 1656 2899 etiam
1681 2832 1865 2919 predictum

508 2937 695 3022 genitorem
717 2943 814 3000 tuum
837 2954 877 3000 ac
901 2934 972 3019 ejus
995 2943 1029 2999 et
1054 2936 1302 3002 comunitatum
1323 2946 1358 3003 et
1373 2938 1628 3003 universitatum
1643 2936 1865 3022 predictarum

510 3047 747 3126 procuratores
768 3046 803 3102 et
818 3047 828 3073 ‘
842 3037 979 3103 nuntios
1002 3038 1044 3104 ad
1060 3038 1094 3103 id
1110 3039 1252 3105 fideliter
1274 3049 1308 3107 et
1327 3042 1465 3107 solerter
1480 3040 1627 3106 inducas.
1650 3037 1691 3104 ln
1716 3039 1790 3121 hiis,
1812 3038 1864 3118 fili,

507 3163 695 3230 quesumus,
717 3162 786 3207 non
802 3150 937 3226 torpeas
952 3143 1033 3222 otio,
1052 3142 1112 3208 sed
1127 3143 1361 3230 quodcumque
1376 3165 1496 3210 manus
1510 3153 1569 3210 tua
1585 3151 1699 3230 potest
1724 3142 1865 3229 opereris

507 3246 693 3327 instantius,
725 3254 761 3310 ut
785 3245 876 3330 pacis
903 3248 1031 3310 bonum
1058 3246 1147 3331 quod
1175 3250 1265 3312 bona
1291 3248 1443 3314 continet
1467 3248 1631 3327 universa,
1657 3247 1865 3313 laudabiliter

506 3349 648 3415 videaris
674 3343 837 3434 inquirere
862 3347 1010 3433 illudque
1024 3347 1038 3383 ‘¹
1060 3350 1216 3435 prosequi
1240 3359 1315 3416 toto
1331 3352 1453 3432 corde;
1477 3372 1542 3418 nec
1557 3354 1598 3417 ab
1614 3349 1678 3438 hiis
1693 3359 1730 3416 te
1746 3350 1865 3435 aliqua·

506 3463 605 3519 tenus
619 3453 767 3517 retrahat
790 3451 933 3535 cujusvis
949 3453 1078 3537 private
1095 3453 1248 3518 utilitatis
1263 3455 1412 3536 ambitio,
1428 3454 1507 3539 quin
1525 3454 1628 3519 immo
1644 3454 1866 3539 preponderet

506 3556 538 3620 in
555 3554 739 3621 nobilitatis
754 3562 812 3618 tue
824 3555 951 3639 judicio
967 3564 1002 3620 et
1016 3565 1111 3622 recto
1127 3556 1300 3622 libramine
1316 3558 1454 3624 rationis
1469 3558 1603 3644 publica
1618 3577 1684 3641 que
1700 3577 1743 3622 ex
1760 3557 1866 3642 hujus-

506 3658 597 3724 modi
617 3656 818 3723 solidatione
833 3658 1009 3744 proveniet
1022 3660 1085 3724 toti
1102 3660 1173 3724 orbi
1184 3660 1381 3741 comoditaS,
1398 3671 1433 3727 et
1448 3662 1606 3748 precipue
1617 3659 1721 3726 Terre
1738 3662 1867 3739 Sancte,

506 3784 570 3847 que
593 3770 762 3846 speratum
785 3761 943 3846 suscipiet
966 3762 1087 3828 exinde
1109 3765 1357 3849 compendium,
1377 3764 1419 3831 ad
1442 3765 1531 3850 quod
1550 3764 1662 3831 cuncti
1679 3763 1868 3831 christicole

506 3866 597 3951 pium
622 3864 791 3929 declinare
811 3872 968 3931 tenentur
983 3865 1153 3932 affectum.
1171 3866 1234 3931 Per
1249 3868 1314 3933 hoc
1331 3868 1456 3933 etenim
1475 3867 1558 3953 Regi
1575 3866 1728 3953 pacificO,
1744 3868 1801 3952 qui
1819 3876 1868 3934 est

506 3968 712 4033 liberationis
730 3967 820 4032 dicte
836 3967 937 4033 Terre
953 3971 1087 4051 zelator,
1104 3971 1252 4056 placebis
1268 3970 1403 4037 indubie
1419 3992 1459 4038 ac
1475 3971 1555 4037 dicti
1577 3971 1741 4057 genitoris
1763 3981 1799 4038 et
1815 3983 1870 4039 tua

506 4073 681 4138 evidenter
706 4070 826 4137 exinde
846 4072 988 4138 comoda
1010 4074 1225 4159 promovebis
1247 4096 1386 4160 nosque,
1408 4075 1463 4161 qui
1486 4074 1530 4140 ad
1551 4075 1644 4160 pacis
1668 4075 1771 4161 ipsius
1795 4076 1870 4142 soli·

505 4177 675 4242 dationem
699 4176 843 4240 multum
867 4176 1040 4257 afficimur,
1064 4186 1157 4242 tuam
1181 4177 1259 4244 iude
1283 4179 1453 4244 solertiam
1477 4199 1556 4245 cum
1578 4179 1756 4265 apostolici
1779 4180 1870 4246 exhi·

505 4280 633 4346 bitione
649 4279 771 4345 favoris
787 4278 961 4363 condignis
977 4280 1010 4344 in
1027 4281 1177 4346 Domino
1196 4282 1347 4349 laudibus
1363 4284 1566 4350 attollemus.
1584 4281 1662 4349 Hec
1678 4293 1795 4349 autem
1810 4284 1868 4350 tibi

505 4405 566 4470 pro
583 4393 678 4471 parte
697 4393 811 4449 nostra
826 4383 957 4469 plenius
973 4385 1171 4470 explicanda
1192 4385 1322 4452 dilectis
1339 4387 1414 4451 liliis
1429 4387 1585 4455 iratribus
1601 4387 1775 4457 Bernardo
1791 4390 1868 4456 Gui-

505 4490 612 4568 donis,
629 4488 814 4573 inquisitori
831 4488 978 4554 heretice
994 4489 1167 4573 pravitatis
1190 4490 1223 4554 in
1247 4511 1350 4575 regno
1368 4490 1395 4555 F
1396 4491 1507 4557 rancie
1522 4513 1582 4578 per
1597 4493 1718 4559 Sedent
1734 4503 1869 4580 aposto

506 4592 602 4658 licam
627 4592 800 4676 deputato,
827 4591 1088 4675 Predicatorum,
1117 4603 1152 4659 et
1177 4593 1362 4660 Bertrando
1385 4594 1428 4660 de
1449 4594 1564 4677 Turre,
1585 4616 1676 4663 sacre
1696 4598 1869 4684 theologie

505 4696 673 4780 magistr0,
700 4695 854 4761 ministro
884 4696 1080 4780 provinciali
1111 4698 1302 4782 Aquitanie,
1335 4697 1506 4764 Minorum
1536 4699 1674 4767 fratrum
1700 4702 1868 4783 ordinum,

505 4800 689 4885 apostolice
705 4799 799 4865 Sedis
814 4799 942 4865 nuntiis
956 4801 1011 4864 vel
1028 4822 1143 4866 eorum
1168 4802 1275 4884 alteri,
1297 4802 1339 4867 de
1363 4802 1481 4888 quibus
1496 4806 1629 4890 plenam
1658 4805 1691 4869 in
1720 4805 1869 4874 Domino

537 5061 561 5095 a.
577 5046 632 5111 locu
642 5059 691 5106 rep.
705 5045 759 5092 liu.
772 5072 803 5078 —
816 5044 837 5093 b.
849 5058 881 5093 ex
893 5047 988 5106 quibus
1002 5063 1108 5110 raetiaque
1120 5065 1170 5107 rap.
1188 5050 1241 5098 llll.
1259 5077 1287 5081 —
1299 5068 1319 5097 e,
1333 5050 1477 5112 prolictum
1490 5078 1522 5084 -
1533 5055 1709 5114 procuratores
1720 5061 1748 5102 et
1762 5072 1870 5121 aaronque

506 5144 555 5190 rep.
573 5130 626 5176 llll.
682 5126 706 5176 d.
718 5141 826 5188 turrique
838 5128 954 5188 illudque
967 5146 1015 5188 rap.
1029 5133 1083 5179 11⁰.
