4409 6017
895 712 1042 780 lluitibmc
1063 713 1166 779 annae.
1648 716 1710 780 469

351 863 395 929 de
423 860 605 950 Campellis
630 863 664 928 in
690 862 776 942 Bria,
804 861 997 928 Parisiensis
1026 862 1179 944 diocesis
1210 864 1428 930 canonicatus
1458 873 1493 930 et
1523 864 1711 949 prebendas

311 1054 314 1059 .
350 966 486 1032 obtinet
500 966 579 1033 etin
595 967 853 1034 cathalaunensi
870 966 1020 1032 ecclesiis
1034 968 1095 1032 sub
1112 968 1348 1053 expectatione
1364 967 1532 1054 prebende
1556 969 1589 1032 in
1611 989 1711 1034 cano·

349 1070 466 1135 nicum
482 1078 533 1135 est
549 1079 714 1156 receptus.

395 1171 600 1239 Litterarum
615 1173 796 1239 scientia...

397 1275 476 1342 Dat.
491 1276 591 1343 Avin.
608 1298 627 1360 4
644 1297 724 1343 non.
739 1273 879 1359 januarii
897 1294 987 1341 anno
1005 1276 1034 1340 8.

397 1378 482 1445 Ine.
498 1400 543 1447 m.
559 1379 720 1466 episcopo
737 1377 911 1445 Parisiensi
936 1387 972 1445 et
996 1380 1110 1445 abbati
1126 1380 1321 1447 monasterii
1335 1380 1367 1448 S.
1380 1381 1538 1448 Germani
1551 1383 1593 1448 de
1606 1383 1713 1449 Pratis

346 1483 447 1568 juxta
464 1480 607 1549 Parisius
621 1489 656 1548 et
672 1483 802 1549 decano
816 1482 957 1548 ecclesie
973 1481 1176 1550 Parisiensis

385 1618 445 1678 ch.
458 1622 505 1669 Ar.
517 1622 556 1675 20,
569 1621 587 1669 f.
599 1622 646 1669 294
659 1637 664 1677 ;
676 1621 735 1669 vat.
749 1623 787 1680 76,
799 1620 818 1669 l.
828 1621 881 1679 171,
893 1634 919 1669 n.
931 1621 987 1669 511.

397 1811 497 1876 1265.
514 1842 558 1853 -
571 1803 691 1870 Eidem
701 1802 721 1881 J
723 1802 848 1870 ohanni
860 1810 1046 1870 reservatur
1060 1802 1208 1890 dignitas
1219 1806 1273 1871 vel
1284 1813 1482 1893 personatus
1494 1827 1552 1873 seu
1565 1806 1713 1874 officium

349 1908 386 1975 in
403 1908 545 1976 ecclesia
560 1906 835 1974 Cathalaunensi.

397 2011 599 2080 Litterarum
615 2012 796 2080 scientia...

397 2116 477 2184 Dat.
493 2116 595 2181 Avin.
612 2139 631 2201 4
648 2137 728 2182 non.
741 2116 883 2202 januarii
900 2137 991 2184 anno
1008 2120 1038 2184 8.

399 2218 439 2285 In
455 2241 484 2286 e.
500 2241 545 2287 m.
563 2225 728 2308 utsupra,
745 2244 776 2286 n.
794 2221 889 2305 1264.

375 2368 447 2430 'Reg.
459 2369 506 2416 Ar.
519 2368 558 2425 20,
570 2367 588 2415 i.
601 2368 646 2416 301
659 2382 665 2425 ;
676 2367 736 2416 Vnt.
748 2369 787 2427 76,
798 2367 817 2417 f.
830 2368 885 2427 166,
896 2382 923 2417 n.
935 2369 990 2417 494.

402 2560 542 2645 1266.
1384 2599 1480 2664 1324,
1498 2577 1670 2662 2411116111.

400 2680 570 2747 Galhardo
599 2681 641 2748 de
672 2681 775 2749 Portu
805 2682 975 2750 confertur
1004 2684 1225 2752 canonicatus
1254 2685 1394 2753 ecclesie
1425 2682 1713 2762 Harlebeccensis,

355 2784 580 2851 Tomacensis
594 2784 747 2869 diocesis,
762 2789 823 2854 sub
839 2788 1077 2875 expectatione
1103 2789 1284 2875 prebende,
1299 2810 1368 2855 non
1394 2790 1550 2856 obstante
1567 2788 1658 2873 quod
1680 2787 1714 2851 in

355 2888 499 2956 ecclesia
515 2889 546 2956 S.
563 2889 723 2976 Stephani
749 2891 792 2957 de
814 2891 967 2959 Tescone
991 2890 1236 2960 Montisalbani
1262 2893 1499 2961 canonicatum
1515 2900 1550 2958 et
1574 2893 1715 2978 preben-

355 2993 435 3059 dam
451 2993 591 3060 obtinet.

401 3095 604 3162 Litterarum
620 3095 803 3162 scientia...

403 3200 483 3265 Dat.
499 3199 600 3265 Avin.
617 3221 637 3284 4
654 3218 734 3264 non.
746 3198 889 3283 januarii
907 3220 997 3266 anno
1013 3201 1043 3265 8.

402 3302 442 3367 In
459 3322 488 3369 e.
505 3323 550 3369 m.
567 3302 824 3388 archiepiscopo
839 3302 988 3387 Aquensi
1000 3311 1035 3368 et
1047 3301 1239 3369 Lodovensi
1256 3323 1295 3369 ac
1306 3304 1523 3372 Ambianensi
1541 3306 1715 3394 episcopis,

389 3440 451 3500 Reg.
463 3441 510 3488 Ar.
521 3442 560 3498 20,
572 3440 592 3490 l.
606 3442 666 3488 342*
678 3455 684 3494 ;
696 3438 755 3487 Vnt.
769 3440 807 3497 76,
819 3439 839 3490 f.
854 3441 907 3499 196,
920 3454 946 3491 n.
964 3441 1020 3491 581.

402 3624 542 3706 1267-
1387 3657 1482 3722 1324,
1490 3660 1515 3721 3
1525 3635 1671 3720 janvier.

401 3741 552 3808 Henrico
581 3742 624 3807 de
654 3742 759 3827 Agnis
789 3741 959 3808 confertur
989 3741 1207 3809 canonicatus
1244 3742 1385 3807 ecclesie
1423 3740 1627 3808 Morinensis
1658 3745 1718 3808 sub

354 3845 596 3933 expectatione
612 3845 793 3932 prebende.

401 3947 584 4014 Laudabile
600 3948 844 4015 testimonium.
858 4000 884 4015 ..

401 4052 479 4117 Dat.
495 4052 595 4116 Avin.
614 4072 726 4136 3non.
739 4053 884 4136 januarii
901 4073 992 4118 anno
1009 4056 1039 4119 8.

401 4154 442 4220 In
457 4176 486 4220 e.
503 4175 546 4220 m.
564 4155 724 4241 episcopo
740 4155 917 4222 Parisiensi
935 4165 970 4222 et
986 4157 1101 4223 abbati
1117 4158 1312 4224 monasterii
1330 4158 1361 4224 S.
1378 4157 1538 4224 Germani
1555 4157 1598 4223 de
1614 4158 1720 4224 Pratis

353 4262 451 4346 juxta
466 4258 609 4324 Parisius
625 4280 666 4325 ac
681 4258 811 4325 decano
825 4260 968 4326 ecclesie
986 4260 1193 4327 Parisiensis.

392 4396 454 4456 neg.
466 4397 514 4443 nv.
529 4397 568 4454 20,
584 4397 601 4444 1.
614 4399 674 4444 311v
687 4413 692 4453 ;
706 4397 764 4446 vat.
778 4400 817 4457 aa,
830 4398 848 4446 1.
863 4400 929 4458 nov,
944 4413 969 4448 11.
985 4400 1040 4446 sio.

407 4584 1678 4690 1268.1324,6anvier.

406 4704 555 4773 Gerardo
593 4710 635 4776 de
667 4712 854 4778 Scononen
886 4710 1086 4794 indulgetur,
1123 4707 1392 4774 consideratione
1428 4707 1603 4791 Johannis,
1637 4710 1723 4794 regis

362 4809 513 4893 Boemie,
529 4822 566 4879 ut
581 4816 757 4881 residendo
774 4817 806 4881 in
823 4816 966 4884 ecclesia
983 4813 1172 4894 Leodiensi,
1200 4814 1294 4897 cujus
1309 4811 1423 4877 existit
1440 4814 1622 4881 canonicus
1638 4824 1672 4879 et
1690 4814 1721 4878 in

363 4934 430 4997 qua
459 4918 706 4984 sacerdotalem
737 4921 951 5005 prebendam,
984 4938 1048 5002 que
1078 4917 1217 5002 requirit
1248 4916 1462 4982 residentiam
1500 4920 1723 5003 personalem,

363 5018 506 5100 obtinet,
523 5020 648 5089 fructus
664 5024 846 5090 decanatus
862 5024 910 5089 sui
928 5022 1069 5104 ecclesie
1086 5022 1117 5087 S.
1131 5021 1273 5087 Servatii
1284 5019 1518 5106 Trajectensis,
1530 5020 1725 5087 Leodiensis

363 5121 517 5207 diocesis,
530 5145 662 5192 necnon
679 5136 714 5192 et
729 5128 974 5219 prebendarum
990 5146 1123 5197 suarum
1140 5127 1173 5196 in
1191 5127 1310 5196 eadem
1323 5125 1354 5198 S,
1368 5124 1506 5196 Servatii
1517 5132 1552 5191 et
1565 5123 1603 5197 B.
1617 5124 1724 5200 Marie
