4409 6017
920 723 1078 792 nonime
1098 724 1200 791 annfe.
1685 728 1741 791 271

405 896 448 943 ca
476 876 711 943 ecclesiastica
725 877 805 943 talia
829 877 1095 958 committuntur,
1112 897 1177 962 que
1200 876 1272 962 ipsi,
1293 876 1320 941 si
1336 875 1379 942 ad
1401 875 1563 942 Datorem
1579 879 1743 943 bonorum

405 980 542 1062 unium,
567 982 660 1068 cujus
693 981 784 1047 dono
808 980 990 1045 honoribus
1020 980 1204 1066 potiuntur,
1228 980 1407 1065 dirigerent
1428 988 1558 1046 attente
1594 982 1744 1048 conside-

406 1085 518 1150 tionis
563 1086 722 1151 intuitum
753 1095 787 1150 et
824 1085 936 1150 debite
980 1084 1193 1169 gratitudinis
1236 1084 1499 1151 vicissitudinem
1537 1084 1743 1160 exhiberent,

405 1191 543 1255 eberent
559 1190 591 1253 in
608 1190 681 1256 aliis
696 1189 875 1276 plurimum
891 1188 1038 1254 execrari
1055 1197 1089 1254 et
1105 1188 1218 1254 debita
1232 1189 1413 1275 percellere
1429 1188 1567 1268 ultione,
1588 1188 1743 1273 quodque

405 1294 566 1360 ›ostolice
581 1294 751 1360 servitutis
769 1301 821 1358 est
836 1293 988 1358 debitum
1004 1313 1069 1377 que
1093 1292 1126 1357 in
1141 1292 1254 1358 divine
1276 1291 1459 1377 majestatis
1489 1291 1745 1358 committuntur

405 1397 545 1483 rjuriam,
558 1397 687 1483 justitie
703 1417 842 1463 censura
865 1396 1039 1480 corrigere,
1055 1417 1096 1462 ac
1121 1394 1287 1482 oppressis
1309 1395 1459 1481 personis
1474 1403 1509 1460 et
1532 1395 1614 1461 locis
1637 1397 1744 1461 eccle-

405 1501 523 1567 asticis
540 1521 600 1587 per
615 1500 772 1587 oportuni
788 1499 922 1586 presidii
939 1500 1125 1566 remedium
1147 1498 1334 1580 subvenire,
1350 1498 1543 1566 discretioni
1559 1505 1670 1564 vestre
1686 1521 1746 1585 per

405 1604 568 1689 postoliea
590 1604 724 1691 scripta,
749 1603 782 1668 in
804 1603 927 1669 virtute
952 1602 1154 1683 obedientie,
1178 1605 1239 1669 sub
1264 1602 1621 1668 excommunicationis
1646 1624 1744 1688 pena,

405 1727 481 1773 uam
497 1728 561 1774 vos
575 1715 610 1773 et
621 1716 771 1773 vestrum
787 1706 971 1791 quemlibet
987 1705 1153 1771 incurrere
1162 1706 1318 1771 volumus
1328 1706 1402 1791 ipso
1412 1706 1514 1786 factu,
1522 1706 1548 1771 si
1562 1706 1745 1793 infrascrip-

404 1831 454 1875 rm
479 1810 677 1876 mandatum
702 1818 854 1876 nostrum
878 1808 1148 1894 contempseritis
1164 1828 1222 1873 seu
1246 1829 1316 1873 non
1340 1810 1534 1876 curaveritis
1551 1810 1745 1897 adimplere,

404 1915 533 1980 istricte
548 1914 764 2001 precipiendo
778 1912 978 1978 mandamus
1002 1920 1168 1996 quatenus
1183 1932 1244 1977 vos
1259 1914 1313 1977 vel
1329 1912 1397 1979 duo
1411 1922 1470 1979 aut
1486 1935 1571 1980 unus
1587 1923 1745 1993 vestrum,

405 2038 441 2083 er
456 2040 519 2084 vos
534 2020 588 2083 vel
608 2038 668 2105 per
683 2017 785 2083 alium
801 2037 860 2082 seu
875 2016 968 2095 alios,
992 2014 1138 2080 eundem
1155 2015 1316 2080 comitem
1333 2014 1489 2082 Flandrie
1505 2039 1545 2082 ex
1562 2026 1658 2104 parte
1670 2038 1746 2083 nos-

404 2143 433 2187 ra
448 2123 626 2208 requirere,
653 2141 791 2187 monere
806 2129 841 2185 et
858 2120 1014 2186 inducere
1036 2120 1232 2205 procuretis,
1249 2119 1359 2186 eidem
1381 2120 1619 2188 nichilominus
1641 2121 1746 2207 injun-

404 2233 503 2290 entes
518 2234 555 2290 ut
571 2224 655 2290 infra
676 2224 777 2290 trium
802 2227 966 2288 mensium
994 2222 1151 2307 spatium,
1178 2223 1268 2308 quod
1283 2224 1313 2288 ei
1336 2224 1379 2290 ad
1403 2225 1469 2290 hoc
1483 2245 1545 2310 pro
1570 2226 1746 2311 perhemp-

404 2329 471 2395 orio
486 2329 634 2396 termino
648 2331 803 2393 volumus
819 2326 988 2412 assignari,
1001 2377 1027 2391 ..
1044 2328 1216 2413 episcop0,
1228 2378 1255 2393 ..
1274 2327 1411 2393 decanis
1423 2337 1457 2393 et
1467 2329 1631 2415 capitulis,
1648 2332 1747 2394 abba-

404 2432 473 2498 rbus
489 2443 524 2498 et
539 2433 773 2510 conventibus
789 2429 938 2497 ecclesiis
954 2439 988 2495 et
1004 2431 1217 2497 monasteriis
1231 2432 1403 2516 prelibatis
1417 2453 1516 2518 super
1537 2434 1747 2498 restitutione

404 2537 483 2602 astri
499 2537 542 2603 de
559 2536 688 2616 Alechi,
704 2536 731 2601 si
747 2535 794 2601 sic
810 2535 918 2621 ipsum
950 2544 1106 2616 castrum,
1123 2543 1160 2599 ut
1182 2535 1373 2621 predicitur,
1396 2535 1575 2602 detinuerit
1605 2557 1747 2622 occupa·

404 2662 468 2724 um,
484 2650 519 2708 et
536 2641 703 2707 fructuum
718 2649 953 2724 perceptomm
976 2639 1090 2705 medio
1112 2648 1266 2724 tempore
1288 2661 1330 2704 ex
1356 2639 1487 2722 eodem,
1505 2640 1565 2727 ipsi
1590 2641 1748 2727 episcopo

404 2746 547 2827 ¹acienda,
562 2754 598 2812 et
612 2746 753 2811 aliomm
775 2747 951 2825 bonorum,
968 2743 1135 2810 fructuum
1159 2752 1193 2808 et
1215 2752 1438 2830 proventuum
1456 2743 1693 2830 predictorum,
1708 2764 1748 2809 ac

403 2850 622 2917 rmendatione
637 2849 861 2935 predictorum
876 2847 1110 2933 dampnorum,
1122 2849 1258 2933 plenam
1273 2855 1308 2911 et
1322 2846 1471 2915 debitam
1487 2848 1747 2914 satisfactionem

403 2952 553 3030 xhibeat,
570 2958 607 3017 ut
622 2958 766 3032 tenetur,
782 2949 808 3015 si
824 2958 939 3014 tamen
954 2948 1113 3035 predictis
1136 2949 1259 3014 veritas
1275 2949 1481 3035 suffragetur,
1501 2951 1610 3018 eidem
1633 2950 1748 3026 comiti

403 3053 543 3122 ilandrie
569 3054 805 3121 nichilominus
829 3053 1015 3138 expressius
1045 3053 1246 3135 inhibentes,
1269 3075 1312 3119 ne
1337 3054 1557 3141 imposterum
1581 3056 1748 3122 eisdem..

403 3161 556 3246 piscopo,
580 3157 715 3223 decanis
742 3165 776 3221 et
797 3157 960 3242 capitulis,
987 3157 1164 3222 abbatibus
1187 3165 1221 3222 et
1246 3159 1468 3225 conventibus
1489 3180 1529 3227 ac
1551 3161 1700 3227 ecclesiis
1715 3170 1749 3225 et

403 3262 599 3328 nonasteriis
635 3260 842 3347 supradictis,
870 3281 929 3345 per
950 3281 985 3325 se
1010 3262 1063 3325 vel
1087 3267 1207 3345 gentes
1230 3282 1315 3342 suas,
1339 3283 1538 3348 quocunque
1567 3265 1670 3349 pallio
1696 3265 1749 3328 vel

403 3368 498 3433 olore
514 3365 663 3451 quesitis
680 3364 866 3430 consimilia
881 3363 1028 3449 dampna
1044 3365 1164 3430 inferre
1180 3366 1233 3429 vel
1250 3365 1315 3430 alia
1331 3367 1447 3451 quevis
1461 3369 1655 3452 gravamina
1671 3370 1749 3433 irro-

403 3491 462 3551 ‚are
477 3478 659 3557 presumat.
675 3469 776 3553 Quod
792 3469 817 3533 si
835 3469 919 3533 forte
935 3468 1020 3533 infra
1036 3468 1164 3534 dictum
1184 3470 1375 3551 terminum,
1397 3480 1542 3537 castrum
1562 3473 1750 3558 predictum

403 3594 462 3638 um
478 3573 640 3638 fructibus
655 3574 821 3659 perceptis
837 3572 949 3637 medio
964 3582 1117 3658 tempore
1129 3593 1169 3637 ex
1193 3572 1325 3655 eodem,
1341 3574 1451 3641 eidem
1478 3576 1638 3662 episcopo
1658 3577 1752 3641 resti-

404 3698 480 3744 uere
496 3685 532 3742 et
556 3684 628 3741 tam
652 3677 713 3742 sibi
739 3696 838 3761 quam
865 3675 1000 3741 decanis
1027 3684 1061 3740 et
1086 3676 1251 3761 capitulis,
1268 3679 1443 3745 abbatibus
1458 3688 1493 3744 et
1520 3681 1750 3762 conventibus,

402 3782 537 3848 eclesiis
552 3788 587 3845 et
602 3780 815 3845 monasteriis
837 3779 1044 3864 supradictis
1069 3778 1112 3844 de
1137 3779 1298 3847 fructibus
1322 3791 1357 3846 et
1372 3783 1587 3868 pecuniarum
1614 3784 1752 3848 summis

402 3886 512 3952 eisdem
530 3885 661 3964 ablatis,
677 3883 832 3970 dampnis
848 3894 882 3948 et
900 3884 1013 3968 spoliis
1029 3884 1179 3967 irrogatis
1206 3891 1240 3950 et
1265 3886 1337 3951 aliis
1361 3887 1529 3972 premissis
1552 3888 1751 3973 gravamini-

402 4012 446 4055 rus
462 3990 565 4054 illatis
581 3989 718 4069 eisdem,
736 3988 820 4052 infra
842 3987 942 4052 trium
959 3987 1125 4053 mensium
1147 3988 1304 4072 spatium,
1327 3989 1520 4056 satisfacere
1535 4012 1603 4055 non
1620 3990 1751 4068 curarit,

402 4115 463 4159 rum
479 4115 522 4158 ex
538 4102 634 4178 parte
651 4101 765 4158 nostra
781 4091 1031 4177 perhemptorie
1047 4091 1150 4157 citare
1175 4092 1298 4157 curetis
1310 4101 1347 4158 ut
1363 4093 1446 4159 infra
1462 4094 1562 4159 trium
1586 4093 1752 4158 mensium

402 4197 544 4282 spatium,
560 4196 728 4283 predictos
744 4204 812 4260 tres
828 4215 961 4260 menses
984 4193 1179 4260 immediate
1195 4217 1347 4280 sequens,
1364 4218 1474 4283 perse
1490 4200 1544 4262 vel
1559 4206 1752 4283 procurato·

402 4320 457 4365 em
474 4299 650 4386 ydoneum
666 4298 853 4385 apostolico
869 4319 904 4363 se
917 4298 1112 4383 conspectui
1123 4308 1341 4385 representet,
1358 4322 1456 4387 super
1468 4302 1635 4387 premissis
1645 4302 1752 4367 omni·

402 4423 449 4468 rus
464 4411 499 4468 et
515 4402 653 4487 singulis
670 4401 814 4469 facturus
829 4409 863 4465 et
879 4411 1075 4487 recepturus
1091 4402 1182 4485 quod
1198 4403 1281 4468 ordo
1297 4404 1472 4470 dictaverit
1488 4404 1633 4470 rationis.
1652 4404 1752 4488 Quod

401 4507 417 4571 ri
432 4509 547 4573 locum
563 4506 597 4570 in
615 4526 681 4590 quo
697 4507 807 4573 dictus
823 4526 937 4570 comes
954 4514 1102 4570 moratur
1129 4507 1183 4570 vel
1200 4507 1280 4572 alias
1295 4508 1443 4593 ejusdem
1472 4510 1603 4574 comitis
1618 4529 1752 4594 presen-

401 4611 471 4677 tiam
497 4631 560 4698 pro
585 4610 753 4698 premissis
778 4609 981 4694 exequendis
1008 4607 1098 4674 adire
1127 4609 1269 4675 comode
1305 4613 1488 4695 nequeatis,
1520 4612 1752 4692 monitionem,

401 4715 587 4781 citationem
603 4725 637 4780 et
653 4715 718 4780 alia
733 4713 924 4799 supradicta
940 4713 973 4777 in
990 4713 1155 4796 aliquibus
1177 4714 1295 4780 vicinis
1323 4716 1405 4780 locis
1420 4717 1554 4801 publice
1577 4716 1704 4781 faciatis
1719 4725 1753 4781 et

404 4837 436 4882 ea
446 4819 557 4884 omnia
573 4818 760 4905 publicetis
778 4819 823 4881 ita
839 4818 930 4900 quod
947 4817 1068 4882 exinde
1084 4818 1309 4882 verisimiliter
1331 4820 1461 4904 possint
1476 4820 1519 4886 ad
1535 4820 1635 4905 ipsius
1651 4820 1753 4885 comi·

407 4920 441 4985 tis
454 4924 607 4988 notitiam
618 4922 790 5009 pervenire
805 4940 1017 5006 ;processum
1030 4941 1111 4985 vero
1124 4942 1224 5006 quem
1240 4943 1300 5007 per
1310 4943 1370 4987 vos
1379 4925 1432 4987 vel
1443 4932 1591 4989 vestrum
1608 4925 1753 5008 aliquem

410 5024 544 5091 i'elalios
560 5048 619 5091 seu
642 5026 744 5091 alium
760 5024 802 5090 de
829 5024 990 5089 mandato
1017 5031 1130 5089 vestro
1152 5025 1266 5090 haberi
1294 5027 1480 5110 contigerit,
1505 5048 1638 5093 necnon
1664 5027 1752 5092 diem

415 5123 562 5194 citationis
577 5142 611 5194 et
628 5130 769 5194 formam
785 5138 819 5192 et
835 5128 992 5211 quicquid
1009 5128 1085 5193 inde
1102 5128 1256 5208 feceritis,
1274 5131 1371 5194 nobis
1386 5152 1445 5215 per
1461 5147 1588 5196 vestras
1613 5132 1751 5210 litteras,
