4409 6017
509 725 564 790 122
1055 731 1202 798 Premibre
1222 734 1324 799 annea.

553 880 633 947 Dat.
649 882 749 948 Asin.
769 902 808 947 ro
823 881 889 948 kal.
902 881 984 967 junii
1001 903 1091 947 anno
1112 904 1138 949 1.

554 983 593 1049 ln
610 1005 639 1050 e.
655 1006 699 1051 m.
715 985 827 1051 abbati
843 986 1034 1051 monasterii
1051 987 1295 1052 Athanacensis
1311 986 1554 1073 Lugdunensis,
1571 995 1606 1053 et
1623 986 1667 1053 de
1683 986 1869 1072 Bellyjoco,

511 1087 769 1155 Matisconensis
798 1089 949 1169 diocesis,
980 1110 1020 1155 ac
1049 1089 1080 1155 S.
1106 1089 1280 1176 Gaugerici
1311 1090 1563 1157 Cameracensis
1592 1089 1729 1157 decanis
1758 1092 1867 1156 eccle-

510 1213 642 1259 starum.

543 1338 604 1399 ch.
618 1337 676 1388 l'at..
690 1340 731 1398 66,
745 1339 763 1386 l.
777 1340 845 1396 173',
857 1353 883 1390 n.
897 1339 969 1386 :lina

554 1519 673 1605 348.
1579 1554 1674 1620 1317,
1691 1557 1734 1621 24
1750 1539 1831 1603 mai.

555 1646 718 1732 Magistro
743 1647 887 1713 Nicolao
918 1649 960 1714 de
985 1648 1016 1713 S.
1041 1647 1149 1728 Justo,
1174 1669 1266 1715 sacre
1290 1648 1459 1733 theologie
1492 1647 1679 1734 professori,
1705 1646 1877 1714 confertur

510 1753 725 1818 canonicatus
748 1753 887 1818 ecclesie
909 1751 1167 1832 Cameracensis,
1191 1755 1250 1817 sub
1274 1752 1509 1837 expectatione
1541 1750 1711 1837 prebende
1733 1751 1876 1835 integre,

509 1856 639 1920 etiarnsi
663 1856 886 1935 sacerdotalis,
912 1876 981 1920 non
1006 1857 1161 1921 obstante
1184 1856 1275 1940 quod
1298 1856 1330 1919 in
1356 1856 1387 1920 S.
1405 1855 1574 1921 Laurentii
1599 1853 1825 1933 Belvacensis,
1843 1853 1876 1917 S.

511 1956 626 2024 Crucis
644 1968 679 2024 et
695 1959 726 2024 8.
743 1957 919 2045 Gangerici
936 1957 1238 2038 Cameracensium,
1250 1959 1281 2023 S.
1292 1958 1444 2041 Quintini
1458 1959 1491 2022 in
1508 1955 1875 2038 Viromandia,Novio-

511 2061 634 2127 mensis
649 2061 799 2141 diocesis,
807 2062 1023 2128 canonicatus
1038 2072 1073 2127 et
1085 2062 1281 2148 prebendas,
1294 2070 1328 2127 et
1342 2062 1374 2125 in
1391 2060 1510 2126 eadem
1526 2061 1557 2127 S.
1571 2059 1747 2145 Gangetici
1763 2060 1873 2126 eccle·

510 2165 566 2230 siis
580 2166 821 2251 preposituram
837 2186 877 2231 ac
893 2165 924 2231 S.
943 2165 1116 2231 Hernretis
1131 2166 1173 2230 de
1186 2164 1325 2230 Ronaco
1340 2173 1375 2230 et
1392 2164 1429 2231 B.
1444 2162 1552 2230 Marie
1567 2165 1610 2230 de
1620 2162 1875 2249 Beronacapel-

511 2268 625 2348 lanias,
641 2268 860 2335 Tornacensis
884 2278 919 2334 et
944 2268 1156 2335 Belvacensis
1170 2269 1351 2350 diocesum,
1373 2268 1525 2348 obtinet;
1548 2288 1633 2353 quos
1657 2266 1877 2334 canonicatus

510 2381 545 2437 et
568 2373 763 2457 prebendas,
789 2373 937 2458 exceptis
953 2373 983 2439 8.
1000 2372 1152 2457 Quintini
1178 2373 1212 2437 in
1238 2371 1452 2437 Viromandia
1476 2379 1512 2436 et
1537 2371 1568 2437 S.
1585 2368 1701 2436 Crucis
1716 2369 1875 2435 Camera-

510 2475 627 2556 censis,
643 2475 811 2540 dimittere
827 2477 1005 2543 tenebitur.

555 2578 756 2644 Litterarum
772 2580 950 2645 scientia...

559 2682 635 2748 Dat.
651 2682 751 2748 Avin.
769 2704 787 2762 9
804 2682 869 2750 lral.
883 2683 966 2768 junii
983 2704 1073 2749 anno
1095 2705 1120 2749 1.

557 2784 597 2850 ln
613 2807 642 2851 0.
658 2806 703 2851 m.
715 2786 845 2852 decano
860 2785 1076 2852 Camotensis
1092 2795 1126 2851 et
1138 2787 1238 2851 Petro
1253 2786 1296 2850 de
1314 2784 1463 2870 Fayello,
1476 2784 1676 2864 Parisiensis‚
1688 2805 1730 2850 ac
1745 2783 1821 2850 Ade
1831 2783 1873 2850 de

515 2888 546 2954 8.
563 2887 754 2969 Laurentio
772 2888 988 2955 Lexoviensis
1003 2889 1174 2955 canonicis
1189 2889 1412 2955 ecclesiarum.

545 3037 606 3097 lleg.
621 3039 668 3084 Ar.
678 3038 699 3088 6.
714 3037 731 3083 f.
744 3038 819 3084 496⁹:
834 3036 891 3085 Vnt.
903 3038 941 3094 66,
954 3038 972 3085 f.
984 3039 1033 3095 3tlv,
1047 3039 1155 3085 113125.

556 3211 676 3295 349-
1580 3237 1675 3305 1317,
1692 3238 1736 3303 27
1752 3221 1830 3285 tnui.

559 3329 680 3396 Fentio
696 3328 866 3413 quondam
881 3328 1045 3393 Albertini
1061 3328 1104 3393 de
1121 3327 1231 3408 Prato,
1248 3328 1364 3413 nepoti
1381 3326 1416 3392 N
1419 3327 1526 3406 icolai,
1537 3323 1682 3411 episcopi
1696 3321 1872 3401 Ostiensis,

514 3433 703 3519 indulgetur
718 3443 755 3498 ut
769 3431 917 3498 residens
937 3432 970 3495 in
994 3432 1106 3516 aliquo
1123 3452 1257 3497 suorum
1270 3431 1519 3510 beneficiorum,
1535 3429 1661 3496 scilicet
1684 3427 1718 3492 in
1742 3426 1871 3504 Pisana,

514 3539 566 3602 vel
585 3537 773 3604 Patracensi
798 3544 856 3601 aut
872 3534 1068 3601 Camotensi
1085 3556 1143 3600 seu
1159 3535 1385 3600 Suessionensi
1408 3536 1462 3599 vel
1479 3533 1510 3600 S.
1527 3530 1702 3617 Gangerici
1719 3529 1873 3596 Camera-

514 3642 621 3707 censis
643 3641 802 3719 ecclesi-is,
818 3650 876 3704 ant
899 3641 996 3726 plebe
1013 3639 1044 3704 S.
1061 3639 1222 3723 Stephani
1246 3638 1287 3703 de
1312 3638 1421 3717 Prato,
1439 3635 1649 3702 Pistoriensis
1671 3633 1824 3712 diocesis,
1841 3632 1872 3696 in

514 3746 631 3830 quibus
642 3745 859 3811 canonicatus
874 3752 909 3809 et
924 3742 1110 3828 prebendas
1121 3742 1263 3822 obtinet,
1276 3741 1399 3806 fructus
1415 3740 1603 3826 hujusmodi
1616 3737 1871 3804 canonicatuum

515 3857 549 3914 et
564 3849 807 3934 prebendarum
824 3846 984 3930 usquead
1001 3846 1181 3911 triennium
1198 3845 1367 3932 percipere
1384 3846 1504 3910 valeat.

559 3952 741 4018 Personam
756 3959 860 4016 tuam.
869 4002 890 4015 ..

559 4056 637 4121 Dat.
653 4055 752 4120 Avin.
772 4059 789 4118 6
805 4054 871 4120 kal.
885 4054 967 4140 junii
983 4076 1073 4120 anno
1094 4076 1120 4120 1.

560 4159 599 4224 ln
624 4181 652 4224 0.
677 4180 722 4223 m.
751 4158 914 4224 Pandulfo
936 4159 977 4223 de
1000 4159 1141 4238 Sabello,
1163 4158 1334 4243 preposito
1355 4156 1603 4241 Chableyarum
1628 4155 1662 4219 in
1683 4153 1825 4220 ecclesia
1843 4151 1872 4216 S.

517 4262 654 4329 Martini
670 4260 883 4342 Turonensis,
903 4262 1034 4327 notario
1058 4283 1155 4347 pape,
1175 4269 1209 4326 et
1231 4260 1341 4326 abbati
1369 4258 1560 4324 monasterii
1576 4258 1619 4324 de
1635 4255 1872 4331 Podiobonezi,

518 4367 709 4431 Florentine
733 4365 883 4445 diocesiS,
908 4387 946 4431 ac
979 4364 1157 4431 Francisco
1187 4365 1229 4429 de
1256 4362 1427 4443 Malliano,
1453 4362 1617 4428 canonico
1648 4359 1873 4446 Lugdunensi,

516 4471 692 4555 capellano
708 4491 804 4556 pape.

550 4624 610 4683 Ηυξ.
623 4626 670 4671 Au.
689 4627 711 4681 tl,
724 4625 741 4671 f.
755 4626 817 4672 213:
832 4624 889 4671 vat.
902 4625 940 4680 lili,
953 4624 970 4671 l.
984 4625 1022 4680 26,
1035 4637 1060 4671 n.
1073 4625 1145 4671 3689.

561 4803 678 4887 350.
1583 4832 1678 4898 1717,
1695 4816 1742 4879 28
1756 4817 1833 4881 anai.

561 4929 741 4995 Guillelrno
755 4929 797 4994 de
814 4928 985 4994 Bardewic
1006 4928 1174 4994 confertur
1189 4929 1404 4994 canonicatus
1423 4928 1563 4994 ecclesie
1578 4926 1799 5007 Zuerinensis,
1816 4930 1875 4993 sub

517 5034 752 5120 expectatione
766 5034 945 5120 prebende,
962 5054 1028 5096 non
1046 5035 1201 5097 obstante
1217 5033 1308 5116 quod
1324 5032 1354 5098 in
1373 5032 1512 5097 ecclesia
1527 5032 1558 5097 S.
1575 5031 1715 5096 Servatii
1742 5030 1875 5120 Trajec-

519 5138 632 5218 tensis,
650 5137 842 5203 Leodiensis
857 5137 1006 5217 diocesis,
1018 5137 1251 5202 canonicatum
1268 5144 1301 5200 et
1317 5136 1521 5223 prebendam
1538 5135 1679 5202 obtinet.
