4409 6017
909 715 1057 806 lluititpre
1077 717 1180 789 annae.
1673 716 1726 781 501

350 889 460 956 super
473 870 540 937 hoc
555 889 575 936 a
591 868 677 936 Sede
693 866 882 955 apostolica
896 864 1082 932 remedium
1097 873 1313 953 oportunum.
1326 865 1438 951 Quare
1447 865 1545 932 nobis
1555 865 1725 930 humiliter

349 973 562 1060 supplicavit
582 983 629 1056 ut,
654 994 731 1039 cum
749 972 861 1039 dictus
883 970 999 1037 Ericus
1022 977 1101 1057 post
1124 970 1291 1057 prefatam
1311 968 1530 1037 collationem
1546 970 1628 1035 infra
1644 991 1724 1055 pau-

354 1096 420 1143 cos
441 1077 513 1143 dies
535 1078 625 1144 viam
649 1076 747 1142 fuerit
771 1076 926 1141 universe
948 1074 1056 1141 camis
1072 1074 1238 1161 ingressus
1261 1082 1297 1141 et
1321 1083 1399 1140 ante
1426 1075 1497 1160 ejus
1522 1074 1662 1156 obitum,
1688 1086 1725 1143 ut

352 1180 576 1269 premittitur,
593 1182 734 1248 omnino
749 1180 792 1248 ad
807 1186 934 1247 statum
949 1200 985 1245 se
1000 1178 1208 1268 converterit
1232 1179 1386 1246 laicalem
1401 1186 1436 1245 et
1451 1199 1472 1245 a
1485 1187 1641 1265 tempore
1657 1182 1725 1246 col-

353 1286 496 1353 lationis
509 1286 639 1373 prefate
655 1286 920 1372 quinquennium
944 1292 978 1349 et
1001 1283 1145 1371 amplius
1167 1285 1211 1350 sit
1234 1285 1395 1371 elapsum,
1417 1283 1548 1351 dictum
1564 1285 1726 1353 archidia-

355 1398 523 1457 conatum
553 1412 631 1458 cum
660 1390 862 1458 canonicatu
892 1397 927 1456 et
949 1390 1121 1477 prebenda
1146 1388 1348 1477 predictis...
1384 1387 1446 1454 sibi
1473 1389 1620 1474 gratiose
1646 1412 1726 1457 con·

354 1492 456 1559 ferre.
465 1546 486 1559 ..
505 1494 728 1580 dignaremur.
741 1492 816 1561 Nos
831 1493 970 1581 igitur...
989 1494 1182 1563 discretioni
1197 1502 1310 1559 vestre
1325 1513 1385 1581 per
1399 1492 1586 1578 apostolica
1601 1495 1725 1580 scripta

355 1599 559 1668 mandamus
585 1610 750 1688 quatenus
760 1603 950 1688 predictum
963 1601 1273 1671 archidiaconatum
1288 1620 1365 1667 cum
1377 1599 1506 1666 eisdem
1523 1600 1724 1667 canonicatu

356 1710 396 1767 et
429 1705 598 1791 prebenda
627 1708 738 1774 eidem
765 1706 913 1774 Nicolao
941 1709 997 1773 vel
1026 1705 1235 1794 procuratori
1265 1725 1326 1771 suo
1355 1724 1416 1791 pro
1445 1724 1497 1787 eo,
1524 1703 1724 1770 auctoritate

355 1819 476 1876 nostra
492 1811 642 1878 conferre
658 1821 693 1878 et
708 1813 876 1898 assignare
886 1813 1064 1894 curetis...,
1079 1832 1150 1879 non
1165 1810 1418 1878 obstantibus...
1436 1817 1495 1876 aut
1510 1807 1602 1894 quod
1617 1808 1727 1873 dictus

355 1914 549 1984 Nicholaus
574 1916 607 1982 in
634 1916 785 2004 predicta
800 1926 835 1984 et
851 1915 1054 2005 Lincopensi
1081 1926 1117 1983 et
1143 1916 1177 1981 in
1202 1913 1480 1994 Harlabachensi,
1503 1912 1726 1980 Tomacensis

357 2020 516 2103 diocesis,
540 2022 689 2090 ecclesiis
713 2020 932 2089 canonicatus
953 2030 988 2087 et
1012 2020 1201 2110 prebendas
1220 2019 1370 2087 noscitur
1402 2020 1595 2086 obtinere...
1624 2016 1726 2082 Volu-

358 2149 439 2195 mus
453 2138 568 2195 autem
583 2128 673 2213 quod
688 2137 868 2215 postquam
883 2127 973 2195 idem
988 2128 1022 2194 N
1025 2128 1176 2196 icholaus
1185 2125 1315 2194 dictum
1324 2124 1632 2194 archidiaconatum
1650 2144 1726 2189 cum

358 2232 566 2300 canonicatu
581 2242 616 2299 et
631 2232 802 2319 prebenda
815 2231 974 2319 predictis
989 2232 1087 2300 fuerit
1102 2230 1243 2319 pacifice
1258 2239 1441 2312 assecutus,
1456 2229 1604 2316 prefatos
1627 2249 1727 2295 cano-

354 2335 513 2404 nicatum
544 2345 579 2402 et
609 2336 814 2425 prebendam
838 2356 932 2421 quos,
956 2345 993 2404 ut
1016 2335 1207 2424 predicitur,
1234 2334 1268 2400 in
1292 2334 1412 2401 eadeni
1449 2333 1591 2401 ecclesia
1618 2332 1728 2419 Upsa-

356 2443 447 2511 lensi
475 2441 648 2509 obtinet...
676 2439 818 2507 omnino
848 2440 1019 2508 dimittere
1052 2448 1248 2507 teneatur...
1285 2438 1365 2506 Dat.
1397 2438 1498 2504 Avin.
1529 2456 1545 2523 5
1577 2436 1621 2504 id.
1643 2438 1728 2523 junii

358 2549 531 2616 11111108.»

396 2687 458 2749 fleg,
473 2686 531 2735 l'at.
547 2687 587 2745 ai,
601 2686 620 2735 1.
634 2686 679 2733 119
691 2701 696 2741 ;
710 2684 768 2734 Vat.
781 2687 821 2744 rr',
835 2685 853 2733 i.
869 2686 961 2746 10111.
978 2687 1048 2738 1121.

409 2849 554 2934 1345.
1451 2880 1584 2946 132119
1595 2858 1683 2941 juin.

404 2968 587 3034 Ademario
610 2967 652 3033 de
669 2966 836 3049 Valentia,
860 2968 976 3034 comiti
1002 2961 1233 3049 Pembrochie,
1259 2969 1450 3034 relaxantur
1471 2965 1663 3051 juramenta
1685 2965 1737 3028 ab·

355 3072 436 3159 ipso
461 3071 611 3157 prestita,
644 3092 731 3152 cum,
756 3091 776 3137 a
802 3070 958 3150 Johanne
983 3070 1025 3139 de
1060 3072 1242 3138 Lamulher
1268 3080 1397 3158 captus,
1435 3075 1562 3136 certam
1586 3066 1727 3153 pecunie

357 3195 531 3241 summam
545 3195 608 3261 pro
622 3174 822 3241 liberatione
838 3197 897 3243 sua
915 3176 1114 3263 promittere
1130 3181 1269 3243 coactus
1285 3174 1401 3252 esset(
1420 3175 1445 3258 ).

409 3331 575 3398 «Dilecto
590 3331 660 3398 filio
674 3332 778 3398 nobili
805 3331 877 3399 viro
898 3331 1080 3398 Ademario
1106 3333 1148 3399 de
1175 3332 1341 3413 Valentia,
1363 3330 1479 3398 comiti
1496 3328 1726 3409 Pambrochie,

356 3436 516 3500 salutem.
534 3434 694 3502 Exhibita
709 3436 807 3502 nobis
822 3446 880 3503 tua
896 3436 1017 3524 petitio
1043 3437 1241 3504 continebat
1257 3435 1348 3521 quod
1363 3436 1445 3501 olim
1460 3454 1537 3501 curn
1552 3454 1612 3520 per
1628 3432 1726 3499 caris-

356 3541 484 3606 simum
511 3541 544 3606 in
561 3540 695 3607 Christo
721 3541 825 3608 filium
855 3550 1009 3610 nostrum
1036 3541 1252 3625 Edwardum,
1268 3562 1382 3629 regem
1405 3540 1526 3625 Anglie
1551 3539 1725 3619 illustrem,

358 3665 425 3732 pro
452 3646 582 3730 magnis
604 3646 753 3731 negociis
776 3646 904 3713 dictum
927 3668 1039 3734 regem
1063 3656 1098 3713 et
1121 3647 1310 3714 Romanam
1346 3646 1524 3713 ecclesiam
1553 3645 1728 3731 contigen-

357 3751 453 3815 tibus
480 3748 595 3817 fuisses
619 3750 662 3816 ad
687 3762 838 3817 nostram
873 3752 1078 3838 presentiam
1105 3752 1303 3834 destinatae,
1334 3761 1369 3818 et
1400 3772 1477 3817 cum
1507 3750 1726 3837 responsione

356 3866 476 3922 nostra
494 3856 538 3921 ad
557 3878 671 3942 regem
690 3856 816 3923 redires
836 3857 992 3938 eundem,
1009 3859 1043 3924 in
1058 3858 1114 3924 via
1128 3857 1264 3946 publica
1286 3858 1347 3924 tibi
1375 3857 1559 3945 preparatis
1586 3857 1724 3936 insidiis,

357 3981 445 4047 quas
460 3964 650 4026 nullatenus
665 3961 876 4043 formidabas
892 3983 952 4049 per
965 3961 985 4041 J
989 3964 1159 4029 ohannem
1175 3963 1304 4029 dictum
1321 3962 1511 4043 Lamulher,
1527 3962 1673 4046 laycum,
1690 3970 1725 4027 et

359 4066 490 4131 multos
505 4066 597 4148 alios,
613 4066 684 4150 ejus
699 4068 891 4154 complices,
907 4077 1026 4153 captus
1042 4088 1108 4133 uua
1124 4089 1200 4134 curn
1217 4067 1341 4133 dilecto
1354 4067 1422 4131 lilio
1437 4065 1598 4146 Henrico,
1607 4066 1726 4146 milite,

359 4180 446 4235 nato
465 4178 525 4234 tuo
551 4172 703 4251 naturali,
721 4172 810 4237 fuisti
837 4181 872 4236 et
899 4172 947 4238 sic
971 4181 1008 4238 tu
1036 4172 1192 4257 idemque
1216 4172 1301 4237 filius
1316 4180 1393 4237 tuus
1409 4171 1498 4255 capti
1515 4178 1549 4235 et
1565 4169 1668 4236 vincti
1685 4169 1729 4236 ad

359 4274 564 4341 comitatum
579 4273 779 4341 Barrensem
804 4277 988 4343 transducti
1023 4278 1131 4342 fuistis
1157 4285 1192 4342 et
1215 4277 1339 4343 ibidem
1366 4276 1583 4363 obprobriose
1599 4276 1728 4342 detenti

359 4385 397 4442 et
426 4376 572 4457 demum,
600 4399 676 4444 011111
703 4388 750 4459 tu,
779 4381 824 4445 iili
853 4380 1022 4461 Ademari,
1051 4381 1147 4446 aliter
1171 4382 1289 4447 mortis
1316 4381 1500 4466 periculum
1516 4380 1643 4445 evitare
1660 4401 1726 4444 non

360 4503 491 4571 posses,
507 4483 626 4549 decern
642 4485 732 4549 milia
749 4494 783 4550 et
800 4485 1061 4571 quadringentas
1080 4487 1181 4552 libras
1201 4486 1435 4572 sterlingorum
1452 4485 1562 4550 eidem
1579 4484 1727 4563 Johanni

362 4587 564 4676 promittere
580 4597 615 4654 et
631 4589 798 4675 prodicta
815 4591 958 4675 pecunia
974 4590 1073 4657 certis
1089 4591 1240 4657 terminis
1256 4589 1477 4677 persolvenda
1493 4590 1626 4656 obsides
1640 4590 1728 4674 dare,

363 4713 407 4759 ac
420 4693 528 4777 jurare
545 4693 788 4779 indulgentiam
805 4715 863 4760 seu
880 4696 1013 4760 veniam
1037 4715 1136 4781 super
1146 4695 1335 4781 hujusmodi
1353 4694 1477 4780 injuriis
1493 4703 1528 4760 et
1544 4696 1730 4761 commissis

365 4797 400 4860 in
419 4817 560 4881 persona
576 4806 644 4878 tua,
660 4798 703 4864 de
721 4798 874 4863 Romana
891 4800 980 4864 curia
996 4799 1168 4880 redeunte,
1185 4809 1255 4865 tam
1280 4799 1436 4865 Romane
1464 4800 1606 4865 ecclesie
1630 4820 1730 4885 quarn

364 4900 539 4966 carissimo
557 4902 589 4966 in
607 4902 740 4967 Christo
757 4903 826 4968 filio
841 4913 995 4969 nostro..
1021 4902 1163 4971 Francie
1179 4912 1214 4969 et
1230 4904 1341 4970 eidem
1356 4904 1478 4990 Anglie
1494 4904 1624 4990 regibus
1641 4913 1730 4969 cete·
