4409 6017
519 761 577 826 148
1068 756 1216 822 Premiere
1236 756 1338 821 anne'e.

519 912 594 979 duci
606 910 796 996 Burgundie
808 920 846 977 ut
857 911 899 977 ad
909 932 1022 996 regem
1030 909 1138 996 ipsum
1150 910 1182 973 in
1199 909 1261 975 hiis
1277 918 1311 974 et
1327 908 1399 975 aliis
1411 910 1485 995 jura
1500 908 1669 995 sanguinis
1684 916 1721 973 et
1732 906 1876 973 debitum

520 1016 691 1082 fidelitatis
707 1019 897 1094 observent,
913 1024 948 1079 et
964 1022 1001 1079 ut
1016 1014 1059 1079 de
1074 1013 1137 1078 hiis
1154 1024 1241 1097 que⁶
1257 1013 1415 1099 predictis
1431 1013 1587 1080 omnibus
1596 1012 1774 1079 scribimus
1784 1010 1876 1077 infor-

520 1120 705 1186 mationem
730 1120 912 1207 plenariam
938 1118 1099 1199 lrabeatis,
1120 1126 1369 1203 transumptum
1394 1118 1579 1183 litterarum
1603 1137 1720 1183 eorum
1749 1115 1878 1201 singulis

519 1224 717 1290 directarum
734 1223 873 1290 fecimus
887 1222 1098 1308 presentibus
1114 1221 1301 1287 intercludi.
1318 1221 1387 1286 Vos
1402 1221 1501 1307 igitur
1515 1221 1688 1288 suasiones
1703 1228 1835 1287 nostras
1849 1220 1877 1283 in

519 1328 640 1394 eodem
655 1335 868 1414 transumpto
883 1334 1062 1393 contentas
1077 1325 1313 1411 perspicaciter
1335 1325 1560 1406 attendentes,
1576 1325 1620 1391 ad
1635 1324 1821 1410 parendum
1836 1324 1878 1387 eis

519 1432 621 1496 veluti
649 1431 841 1510 salubribus,
859 1452 980 1516 regem,
1007 1428 1238 1507 Flandrenses,
1263 1437 1506 1514 procuratores,
1531 1429 1673 1495 comites
1698 1448 1738 1495 ac
1764 1426 1877 1493 ducem

519 1534 697 1621 predictos,
713 1543 812 1621 prout
828 1534 967 1619 quilibet
983 1532 1103 1598 exinde
1126 1540 1292 1617 tangetur,
1306 1534 1401 1618 juxta
1424 1532 1538 1598 datam
1562 1532 1659 1599 vobis
1680 1552 1700 1597 a
1716 1532 1794 1596 Deo
1808 1551 1877 1617 pru·

518 1638 668 1704 dentiam
684 1637 866 1704 efficaciter
881 1636 1057 1703 inducatis
1074 1636 1254 1702 Scribimus
1276 1644 1428 1721 preterea
1443 1635 1568 1702 dilecto
1591 1634 1660 1702 filio
1683 1635 1789 1701 nobili
1811 1634 1876 1698 siro

520 1740 704 1822 Ludovic0,
715 1742 829 1807 comiti
843 1739 1037 1807 Ebroicensi
1049 1742 1106 1826 (¹),
1118 1740 1389 1819 commendando
1398 1761 1476 1805 eum
1487 1740 1587 1825 quod,
1598 1740 1683 1807 sicut
1694 1740 1806 1806 eidem
1815 1738 1875 1822 regi

518 1846 626 1911 astitit
643 1845 675 1910 in
692 1846 868 1932 prosperis,
885 1845 932 1911 sic
948 1866 1011 1911 nec
1026 1844 1161 1911 deficiat
1178 1844 1210 1908 in
1227 1844 1384 1925 adversis,
1395 1865 1435 1910 ac
1450 1843 1658 1929 suggerendo
1674 1843 1763 1909 inter
1772 1853 1876 1910 cetera

519 1950 580 2015 sibi
597 1949 697 2034 quod,
714 1958 878 2033 quantum
895 1949 928 2014 in
944 1970 986 2014 eo
1002 1949 1110 2030 fuerit,
1124 1970 1192 2014 non
1205 1949 1379 2034 permittat
1388 1950 1479 2033 quod
1490 1970 1531 2014 ex
1540 1948 1675 2015 defectu
1687 1948 1876 2014 sufficientis

520 2052 706 2118 securitatis
721 2053 763 2118 de
778 2073 862 2138 pace
878 2053 1041 2118 servanda
1056 2074 1116 2139 per
1131 2072 1244 2137 regem
1260 2052 1438 2137 prestande
1455 2051 1466 2087 l
1480 2051 1680 2137 predictum,
1690 2050 1781 2117 dicte
1791 2050 1875 2136 pacis

518 2158 645 2222 bonum
672 2156 896 2243 impediatur‘
916 2156 1126 2240 aliquatenus
1151 2157 1205 2220 vel
1238 2153 1398 2221 tardetur.
1429 2154 1597 2234 Tenorem
1634 2162 1750 2221 autem
1786 2154 1874 2238 hujus

517 2259 638 2339 littere,
654 2260 732 2343 quia
756 2281 834 2325 eum
845 2261 916 2345 jam
943 2259 1137 2326 summatim
1161 2259 1393 2345 expressimus,
1409 2258 1620 2346 presentibus
1644 2279 1714 2323 uon
1737 2256 1872 2323 ridimus

518 2361 739 2428 inserendum.
756 2363 861 2448 Porro
876 2362 1034 2448 quamdiu
1050 2362 1142 2428 dicto
1158 2362 1226 2446 regi
1237 2372 1272 2427 et
1288 2362 1424 2447 agendis
1434 2364 1504 2448 ejus
1520 2362 1618 2427 utiles
1634 2370 1692 2427 aut
1704 2360 1870 2427 necessarii

518 2485 591 2530 esse
615 2466 790 2552 potueritis
804 2466 827 2547 ³,
844 2469 999 2531 volumus
1015 2473 1051 2531 ut
1067 2466 1111 2531 ad
1134 2475 1252 2530 nutum
1280 2466 1365 2532 illius
1392 2467 1424 2531 in
1451 2466 1514 2531 illis
1538 2466 1687 2551 partibus
1708 2485 1871 2531 remanere

519 2569 652 2649 curetis,
669 2590 879 2654 quecumque
895 2570 928 2633 in
944 2568 1082 2653 agendis
1098 2569 1235 2649 eisdem,
1252 2570 1382 2634 utinam
1397 2591 1529 2656 semper
1540 2590 1700 2658 prospera
1715 2578 1752 2635 et
1767 2571 1872 2636 votiva

518 2672 746 2752 successerint,
762 2673 860 2738 nobis
882 2673 993 2758 sepius
1013 2672 1201 2758 rescripturi
1207 2696 1215 2752 ;
1232 2673 1378 2757 alioquin
1401 2673 1545 2740 redeatis
1565 2682 1610 2754 te,
1627 2674 1729 2738 stater
1753 2674 1871 2739 archie-

518 2775 666 2861 piscope,
690 2776 723 2840 in
739 2785 797 2841 tua
811 2797 1022 2843 remansurus
1037 2777 1218 2863 provincia,
1235 2787 1270 2843 te
1296 2798 1384 2858 vern,
1402 2778 1447 2842 fili
1472 2781 1589 2859 electe,
1606 2779 1649 2844 ad
1670 2777 1874 2844 referendum

521 2898 586 2961 que
601 2886 677 2944 acta
693 2878 823 2958 fuerint,
839 2889 988 2945 nostram
1004 2882 1209 2966 presentiam
1225 2880 1398 2965 petiturus.
1416 2881 1495 2946 Dat.
1514 2886 1542 2946 ό.
1558 2880 1624 2947 lral.
1641 2882 1874 2967 septembris.»

552 3014 611 3074 ch.
625 3015 682 3064 l'at.
694 3017 747 3074 110,
756 3030 815 3080 pars
827 3018 846 3065 1.
860 3018 877 3065 f.
890 3020 929 3077 75,
942 3032 966 3066 n.
976 3021 1031 3067 263.
1043 3047 1053 3052 -
1065 3047 1074 3052 -
1086 3018 1193 3068 Coulon.
1203 3033 1229 3067 n.
1245 3021 1292 3066 372
1304 3020 1409 3081 (texte).

562 3186 672 3269 415.
1579 3223 1671 3289 1317,
1688 3227 1731 3291 29
1748 3212 1832 3272 aoril.

560 3304 685 3370 Simoni
702 3304 744 3370 de
759 3306 925 3372 Archiaco
947 3307 1115 3373 confertur
1131 3309 1312 3375 decanatus
1328 3308 1467 3374 ecclesie
1485 3306 1744 3392 Xauctonensis,
1756 3328 1875 3376 vacans

517 3429 576 3493 per
591 3410 721 3475 obitum
738 3408 925 3495 Berengarii
944 3410 1053 3495 Regis,
1064 3415 1228 3498 capellani
1246 3434 1341 3499 pape,
1358 3434 1426 3478 non
1443 3416 1600 3477 obstante
1610 3413 1702 3497 quod
1712 3414 1746 3478 in
1760 3415 1875 3479 eadem

516 3508 746 3578 Xanctonensi
775 3523 809 3579 et
826 3513 1029 3578 Tornaceusi
1055 3517 1204 3582 ecclesiis
1229 3518 1446 3581 canonicatus
1471 3525 1505 3581 et
1529 3516 1728 3601 prebendas,
1745 3536 1871 3583 necnon

518 3615 556 3681 B.
573 3616 681 3683 Marie
705 3618 747 3683 de
773 3618 885 3684 Laelia
912 3626 946 3682 et
970 3617 1000 3682 S.
1027 3615 1155 3683 Macuti
1182 3640 1286 3705 prope
1312 3618 1465 3685 Narrcras
1491 3620 1668 3705 prioratuS,
1693 3620 1766 3686 sine
1791 3639 1870 3697 cura,
1906 3628 1907 3666 l

517 3717 766 3788 Xanctonensis
782 3723 933 3801 diocesis,
950 3722 1091 3787 obtinet.
1599 3749 1602 3754 ’

563 3824 653 3888 Dum
667 3825 919 3891 conditiones...

563 3928 640 3993 Dat.
654 3930 751 3995 Avin.
769 3954 788 4014 4
805 3930 870 3997 kal.
888 3932 1087 4016 septembris
1102 3954 1193 3999 anno
1214 3956 1240 3999 r.

564 4033 602 4098 ln
615 4057 643 4100 e.
657 4057 701 4100 m.
718 4034 931 4101 Bituricensis
946 4047 980 4103 et
998 4037 1029 4103 S.
1040 4038 1141 4104 Ylarii
1156 4040 1363 4107 Pictavensis
1375 4041 1509 4107 decanis
1524 4063 1564 4108 ac
1580 4042 1708 4108 cantori
1727 4041 1868 4126 Engolis·

519 4139 643 4204 mensis
658 4140 883 4206 ecclesiarum.

552 4277 611 4338 aeg.
625 4280 672 4325 xv.
683 4280 704 4335 r,
717 4279 735 4326 r.
748 4279 817 4327 aare
829 4279 885 4327 rat.
899 4282 936 4339 aa,
951 4280 1166 4339 scarabantia.

560 4444 672 4528 416.
1495 4478 1591 4546 1517,
1608 4483 1626 4525 ι
1644 4465 1833 4550 septembre.

561 4564 732 4650 Stephano
748 4564 789 4629 de
806 4564 999 4643 Vidallrac0,
1016 4564 1146 4629 decano
1162 4574 1196 4630 et
1220 4565 1383 4631 canonico
1407 4564 1547 4630 ecclesie
1564 4565 1756 4648 Fumensis,
1774 4566 1874 4633 Mori-

517 4669 628 4733 nensis
643 4668 794 4747 diocesis,
811 4668 1000 4752 indulgetur
1016 4679 1190 4752 quatenus,
1207 4668 1287 4733 dum
1304 4670 1446 4754 negotiis
1462 4690 1549 4756 pape
1566 4670 1736 4751 institerit,
1753 4671 1875 4737 fructus

516 4772 754 4839 beneficiorum
771 4793 904 4837 suorum
921 4775 1046 4856 absque
1064 4772 1244 4837 residentia
1259 4774 1429 4858 percipere
1446 4775 1566 4840 valeat.

548 4955 572 4987 a.
587 4939 631 4998 qui
646 4951 695 4998 req.
717 4964 746 4970 —
765 4936 787 4984 b.
799 4936 936 4997 prestanda
951 4951 999 4995 rep.
1021 4965 1049 4969 --
1067 4952 1088 4983 e.
1105 4951 1154 4982 mur
1168 4935 1324 4997 impediatur
1338 4951 1387 4997 rep.
1407 4964 1438 4971 —
1456 4936 1481 4985 d.
1496 4937 1611 4999 potueris
1623 4951 1674 4997 rep.

517 5079 650 5088 —-.
945 5079 1214 5086 ——.——.——.

550 5176 570 5222 l.
590 5174 651 5234 l'oy.
664 5184 694 5219 11⁰
707 5176 760 5222 ⁴13.
