4409 6017
418 727 506 797 LXIV
1010 720 1192 792 Fornulaire

420 891 489 944 tare,
510 892 599 931 unam
619 876 759 941 capellam
782 875 855 930 infra
875 876 994 931 alteram
1015 875 1228 941 parrochiarum
1247 877 1285 930 de
1304 873 1481 942 Hokinghen
1499 876 1546 933 vel
1562 875 1603 933 de
1621 876 1712 945 Oroir,
1729 876 1768 935 Ca

421 957 591 1011 meracensis
610 957 739 1020 diocesis,
758 974 844 1022 quam
862 957 1003 1019 malueris,
1023 959 1061 1012 ad
1077 955 1219 1013 honorem
1234 958 1266 1013 B.
1283 958 1374 1013 Marie
1390 958 1515 1023 Virginis
1530 968 1558 1013 et
1573 960 1608 1019 Β,
1624 960 1711 1015 Brixii
1722 960 1763 1015 edi

416 1039 507 1093 ficare
520 1041 655 1106 proponis
670 1039 706 1094 de
720 1041 803 1094 bonis
816 1040 936 1105 propriis
950 1041 1055 1107 pariter
1070 1050 1097 1094 et
1119 1040 1218 1094 dotare
1238 1058 1290 1106 pro
1307 1050 1355 1095 tue
1374 1060 1408 1096 ac
1426 1054 1579 1108 parentum
1596 1053 1708 1097 tuorum
1722 1039 1763 1097 tui

420 1138 530 1174 mamm
551 1120 676 1174 remedio
695 1122 820 1175 salutari.
843 1122 938 1185 Quare
957 1120 1040 1175 nobis
1058 1120 1206 1177 humiliter
1225 1122 1390 1188 supplicasti
1409 1133 1439 1177 ut
1459 1140 1546 1188 super
1563 1124 1621 1178 boc
1639 1124 1760 1181 licentiam

420 1202 471 1257 tibi
493 1203 651 1258 concedere
671 1204 708 1257 de
730 1202 846 1268 speciali
866 1202 958 1267 gratia
979 1203 1172 1267 dignaremur.
1670 1191 1675 1200 ’

457 1286 518 1338 Nos
534 1285 630 1350 itaque
647 1286 675 1339 in
693 1285 747 1339 hac
762 1295 842 1350 parte
858 1284 930 1338 votis
947 1285 1002 1338 tuis
1017 1284 1214 1340 favorabiliter
1244 1296 1410 1354 annuentes,
1442 1286 1496 1341 tuis
1528 1286 1757 1353 supplicationibus

421 1364 554 1431 inclinati,
568 1367 618 1422 tibi
632 1368 772 1421 fundandi
786 1384 837 1421 seu
849 1366 1030 1421 construendi
1044 1368 1080 1420 de
1102 1384 1176 1420 novo
1202 1367 1257 1421 tuis
1282 1369 1441 1432 sumptibus
1467 1376 1495 1421 et
1520 1367 1652 1432 expensis
1675 1366 1756 1432 predio

421 1461 480 1504 tam
499 1449 640 1514 capellam
658 1448 732 1501 iufra
751 1448 870 1502 alteram
889 1448 1029 1503 dictarum
1049 1448 1272 1512 parrochiarum,
1294 1448 1439 1513 assignata
1462 1458 1490 1503 et
1512 1449 1664 1504 constituta
1683 1458 1761 1503 tamen

421 1533 497 1597 prius
517 1532 585 1586 dote
605 1530 758 1584 sufficienti
779 1531 816 1584 ad
836 1530 982 1584 arbitrium
1002 1530 1150 1584 diocesani
1170 1548 1227 1595 que
1247 1548 1298 1597 pro
1319 1530 1453 1585 ministris
1474 1530 1605 1594 ejusdem
1624 1530 1721 1595 capelle
1735 1537 1768 1585 et

421 1611 483 1665 aliis
506 1612 672 1665 necessariis
694 1611 732 1665 ad
754 1612 862 1665 cultum
884 1612 1010 1665 divinum
1032 1612 1169 1665 sufficere
1195 1611 1366 1677 dinoscatur,
1394 1610 1457 1676 jure
1483 1610 1668 1679 presentandi
1691 1610 1768 1666 man

419 1694 456 1746 ad
479 1694 619 1761 capellam
641 1693 741 1759 ipsam,
768 1710 832 1747 cum
854 1703 1017 1748 constructa
1037 1692 1124 1747 fuerit
1145 1704 1173 1747 et
1192 1694 1297 1760 dotata,
1319 1709 1471 1759 personam
1490 1693 1641 1757 ydoneam,
1660 1708 1715 1746 cun
1728 1691 1768 1754 ip

421 1792 483 1829 sam
503 1793 605 1829 vacare
625 1775 782 1838 contigerit,
803 1774 854 1828 tibi
875 1785 903 1828 et
924 1775 1137 1829 successoribus
1162 1774 1216 1827 tuis
1241 1775 1270 1829 in
1294 1783 1463 1839 perpetuum
1488 1783 1641 1835 reservato,
1665 1772 1768 1837 pteram

422 1858 589 1912 auctoritate
615 1857 790 1922 presentium
816 1856 998 1910 concedimus
1025 1856 1201 1920 facultatem,
1219 1855 1280 1910 sine
1295 1855 1364 1919 juris
1381 1853 1537 1921 prejudicio
1554 1852 1649 1913 alieni.

458 1932 536 1986 Nulli
558 1942 609 1986 etc.
631 1944 725 1987 nostre
747 1934 937 1989 concessionis
957 1945 1010 1994 etc.

458 2013 566 2066 Datum
590 2014 730 2069 Avinione
752 2016 809 2069 V11
835 2016 890 2071 kal.
913 2016 983 2080 junii
1007 2034 1083 2071 anno
1103 2015 1210 2082 quinto.

1059 2294 1141 2377 26.

422 2543 667 2595 CONCESSION
681 2506 799 2595 D'UNE
812 2544 1069 2597 INDULGENCE
1085 2546 1189 2599 POUR
1204 2545 1256 2596 LA
1273 2544 1404 2596 VISITE
1422 2526 1541 2595 D'UNE
1557 2535 1768 2596 CHAPELLE

1045 2668 1081 2725 (u.
1104 2668 1175 2728 915).

459 2832 605 2896 Universis
628 2841 866 2897 Christifidelibus
888 2853 1035 2908 presentes
1058 2841 1166 2896 litteras
1188 2842 1364 2907 inspecturis.

456 2925 521 2978 Vite
549 2924 731 2989 perhempnis
757 2924 855 2990 gloria,
884 2942 941 2988 qua
965 2923 1037 2977 mira
1063 2924 1227 2987 benignitas
1257 2923 1409 2977 conditoris
1437 2923 1565 2976 omnium
1595 2923 1707 2977 beatam
1730 2933 1768 2976 on

421 3019 503 3061 ronat
533 3008 623 3061 aciem
653 3007 757 3060 civium
787 3023 982 3071 supernorum,
1012 3022 1030 3059 a
1050 3004 1205 3069 redemptis
1230 3006 1321 3069 pretio
1345 3004 1491 3068 sanguinis
1516 3002 1573 3057 fusi
1597 3003 1635 3057 de
1658 3000 1768 3066 pretiosi

420 3106 538 3153 corpore
559 3088 759 3152 Redemptoris
777 3089 942 3141 meritorum
963 3087 1048 3141 debet
1066 3087 1175 3151 acquiri
1203 3087 1313 3152 virtute,
1341 3087 1414 3141 inter
1441 3104 1497 3151 que
1524 3085 1595 3139 illud
1621 3078 1768 3151 pregrandt

421 3171 482 3225 fore
499 3170 662 3223 dinoscetur
678 3178 707 3222 ut
722 3170 836 3233 ubique,
854 3171 904 3222 sed
920 3167 1054 3234 precipue
1070 3168 1097 3222 in
1120 3178 1284 3223 sanctorum
1307 3169 1433 3222 ecclesiis
1456 3178 1483 3221 et
1507 3165 1624 3233 capellis
1646 3164 1768 3229 majestas

421 3250 558 3306 Altissimi
581 3251 764 3305 collaudetur.

455 3330 610 3397 Cupientes
632 3331 717 3395 igitur
736 3343 766 3384 ut
788 3332 898 3395 capella
918 3348 1004 3396 quam
1026 3331 1131 3385 dilecta
1156 3330 1184 3384 in
1206 3330 1319 3385 Christo
1342 3329 1409 3408 filia·
1425 3329 1556 3394 Johamta
1577 3328 1615 3383 de
1640 3326 1768 3381 Hanania

420 3414 560 3485 monacha
586 3412 751 3468 monasterii
777 3413 814 3466 de
843 3413 1023 3478 Fontenellis,
1051 3413 1250 3467 Cisterciensis
1271 3412 1388 3474 ordinis,
1415 3411 1629 3466 Cameracensis
1654 3406 1768 3465 diocesis

421 3493 449 3547 in
467 3494 587 3548 ecclesia
603 3494 690 3559 ipsius
706 3495 869 3550 monasterii
887 3495 1069 3551 inhonorem
1085 3506 1251 3549 sanctorum
1275 3494 1413 3558 Johannis
1440 3492 1567 3558 Baptiste
1594 3502 1622 3547 et
1646 3484 1768 3556 Johaunis

422 3573 607 3638 Evangeliste
623 3576 737 3630 fundari
754 3575 856 3631 iecisse
872 3595 907 3630 ac
923 3578 1037 3631 dotasse
1053 3576 1218 3642 dinoscitur,
1243 3577 1376 3640 congruis
1400 3576 1597 3640 frequentetur
1620 3572 1768 3628 honoribus

419 3656 456 3710 de
476 3655 678 3721 omnipotentis
699 3657 753 3710 Dei
773 3657 965 3714 misericordis
985 3667 1014 3712 et
1032 3658 1185 3712 beatomm
1213 3658 1288 3712 Petri
1317 3667 1344 3711 et
1374 3656 1461 3719 Pauli,
1491 3654 1683 3721 apostolorum
1708 3651 1767 3716 eius,

420 3737 587 3791 auctoritate
604 3738 712 3800 confisi,
730 3738 861 3792 omnibus
877 3756 944 3793 vere
960 3739 1157 3805 penitentibus
1180 3749 1206 3793 et
1228 3737 1365 3793 confessis
1386 3738 1434 3801 qui
1454 3736 1484 3791 in
1505 3735 1624 3800 singulis
1644 3736 1766 3790 dictorum

419 3826 582 3871 sanctorum
602 3818 801 3874 festivitatibus
820 3830 849 3875 et
866 3837 919 3886 per
937 3838 1035 3875 eorum
1053 3832 1170 3874 octavas
1190 3820 1295 3873 dictam
1315 3818 1455 3884 capellam
1474 3815 1674 3871 venerabiliter
1692 3810 1766 3868 visita

420 3898 510 3953 verint
528 3900 579 3951 XL
596 3900 657 3955 dies
675 3902 711 3955 de
730 3900 861 3965 injunctis
879 3902 919 3956 eis
936 3902 1098 3968 penitentiis
1120 3900 1340 3956 misericorditer
1366 3900 1534 3955 relaxamus.

457 3981 565 4034 Datum
585 3982 725 4037 Avinione
744 3984 785 4038 Vl
805 3984 862 4040 kal.
881 3984 947 4038 maii
966 3998 1043 4039 anno
1061 3984 1170 4049 quinto.

1052 4264 1137 4384 ι27.

477 4502 661 4565 rucuma
686 4494 884 4565 n’s‘rtsnua
910 4515 1014 4567 onus
1041 4516 1090 4568 uv
1117 4501 1358 4568 novisssime
1384 4514 1436 4564 ua
1460 4510 1719 4564 narremusss

697 4602 701 4609 '
983 4604 1215 4672 cuoirnsss.

1024 4743 1062 4801 (n.
1083 4743 1173 4802 1270).

455 4914 567 4970 Dilecte
591 4915 620 4969 in
643 4914 754 4969 Christo
778 4915 837 4970 filie
860 4917 947 4972 nobili
970 4918 1081 4973 mulieri
1103 4917 1244 4981 Mathildi,
1270 4915 1768 4988 comitisse·Atrebatensi.=salute11

456 4990 622 5048 Deuotionis
644 5006 694 5050 tue
714 4998 860 5054 sinceritas
881 5008 1059 5064 promeretur
1079 5009 1113 5053 ut
1132 5016 1225 5063 que-a
1245 4998 1326 5053 nobis
1346 4996 1510 5062 suppliciter
1527 4998 1657 5061 postulas
1676 4995 1768 5051 aflet:¹

420 5072 471 5126 tibi
488 5073 621 5131 benivolo
638 5076 837 5133 concedamus.

360 5184 363 5193 ι
421 5196 430 5220 ,
456 5150 533 5208 Hinc
551 5157 689 5222 estquod
706 5176 758 5214 nos
776 5161 830 5215 tuis
848 5160 1099 5226 supplicationibus
1112 5160 1246 5226 inclinati,
1268 5172 1298 5215 ut
1318 5178 1383 5215 cum
1404 5159 1518 5217 decenti
1537 5169 1565 5213 et
1586 5147 1711 5213 honestat
1726 5165 1768 5212 ιι]
