4409 6017
891 711 1037 778 Premitre
1058 712 1162 778 annae.
1680 719 1713 784 81

309 885 312 898 r
345 858 376 923 in
403 880 471 944 qna
496 863 558 927 sub
584 862 724 948 regulari
748 863 864 928 habitu
894 864 1003 927 valeat
1032 862 1181 927 Domino
1209 862 1382 942 famulari3
1407 864 1563 949 alioquin,
1592 867 1712 933 eodem

347 959 504 1037 Johanne
540 985 751 1050 perannum
786 974 821 1031 et
845 966 987 1052 amplius
1020 968 1062 1030 ab
1105 966 1288 1031 eorundem
1322 967 1474 1032 ordinum
1516 971 1714 1035 executione

348 1086 518 1152 suspenso,
552 1077 587 1133 et
621 1070 838 1155 postmodum
872 1091 949 1136 cum
981 1090 1032 1151 e0,
1059 1069 1195 1135 deiectu
1221 1070 1409 1154 hujusmodi
1448 1092 1515 1136 non
1549 1076 1715 1153 obstante,

349 1170 436 1253 quod
468 1172 577 1257 possit
608 1174 642 1237 in
685 1174 733 1239 sic
770 1174 932 1260 susceptis
967 1173 1136 1238 ordinibus
1163 1173 1350 1238 ministrare
1384 1182 1418 1239 et
1452 1176 1716 1242 ecclesiasticum

349 1274 549 1339 beneficium
579 1276 650 1341 sine
682 1278 868 1343 animarum
909 1297 988 1343 cura
1026 1276 1130 1341 etiam
1161 1276 1323 1358 obtinere,
1360 1278 1561 1344 auctoritate
1600 1290 1715 1345 nostra

350 1375 530 1462 dispenses,
556 1389 655 1465 prout
680 1382 863 1447 secundum
891 1382 1000 1446 Deum
1034 1380 1145 1445 anime
1180 1401 1238 1446 sue
1266 1380 1363 1445 saluti
1394 1381 1517 1446 videris
1547 1384 1715 1468 expedire.

350 1479 424 1546 Dat.
449 1483 552 1547 Asin.
581 1486 599 1549 8
626 1483 693 1549 kal.
717 1486 828 1551 martii
853 1506 944 1550 anno
975 1505 1036 1550 ι.»

377 1618 438 1677 neu.
452 1620 501 1669 Ar.
516 1624 539 1674 5,
552 1621 571 1667 i.
584 1623 643 1669 3thv
656 1638 662 1673 ;
676 1622 734 1671 l'ut.
744 1626 783 1681 δι’),
794 1624 813 1671 i.
826 1625 876 1683 w,
889 1638 914 1672 n.
927 1625 999 1673 2147.

386 1780 504 1872 258.
1369 1824 1462 1888 1317,
1479 1828 1519 1890 24
1529 1808 1669 1892 sevrier.

386 1907 539 1984 Johanni
565 1907 608 1972 de
631 1904 811 1988 Avalgoria
835 1905 1051 1970 conferuntur
1073 1907 1289 1972 canonicatus
1320 1916 1354 1973 et
1378 1910 1548 1993 prebenda
1572 1910 1711 1976 ecclesie

347 2011 515 2093 Dolensis,
543 2017 704 2076 vacantes
727 2029 786 2093 per
809 2008 1068 2092 resignationem
1085 2008 1265 2090 Guillelmi,
1291 2011 1437 2097 episcopi
1461 2012 1654 2096 LeonensiS,
1679 2015 1710 2078 in

343 2117 499 2181 manibus
514 2113 664 2193 Amaldi,
688 2114 719 2178 S.
738 2110 844 2177 Mario
868 2112 901 2176 in
927 2111 1060 2178 Porticu
1083 2113 1213 2179 diaconi
1237 2114 1421 2197 cardinalis,
1445 2118 1486 2181 ab
1507 2116 1655 2182 Oliverio
1671 2118 1713 2182 de

341 2219 438 2301 Lare,
467 2228 684 2307 procuratore
706 2217 785 2283 dicti
809 2217 966 2302 episcopi,
990 2218 1070 2282 olim
1094 2218 1227 2296 factam,
1251 2222 1393 2285 obtentu
1417 2218 1591 2302 Johannis,
1617 2221 1710 2288 ducis

339 2323 528 2403 Britannie,
545 2331 579 2389 et
596 2320 770 2402 Guidonis,
786 2320 995 2386 vicecomitis
1011 2320 1272 2402 Lemovicensis‚
1289 2322 1396 2388 fratris
1412 2324 1512 2409 ipsius
1527 2324 1630 2405 ducis,
1641 2346 1709 2391 non

336 2432 502 2493 obstante
523 2426 615 2512 quod
642 2426 675 2490 in
702 2424 978 2508 Rothomagensi,
995 2423 1238 2507 Cameracensi,
1256 2425 1431 2511 Bajocensi
1460 2436 1494 2493 et
1515 2427 1709 2494 Trecorensi

335 2532 561 2597 canonicatus
589 2538 624 2595 et
648 2528 844 2615 prebendas,
866 2549 905 2593 ac
930 2528 961 2592 in
987 2529 1105 2593 eadem
1131 2529 1325 2594 'l'reoorensi
1351 2531 1501 2596 ecclesiis
1526 2533 1710 2598 cantoriam

334 2634 487 2700 obtinet.

385 2737 529 2802 Generis
547 2746 581 2801 et
597 2756 771 2801 morum...

386 2842 467 2906 Dat.
484 2841 586 2905 Avin.
605 2846 622 2902 6
639 2840 704 2905 kal.
720 2839 829 2903 martii
846 2859 937 2903 anno
958 2859 983 2903 1.

384 2944 425 3010 In
448 2966 477 3010 e.
493 2966 540 3010 m.
565 2943 677 3008 abbati
702 2942 894 3007 monasterii
919 2942 961 3008 de
978 2940 1093 3025 Begar,
1110 2941 1323 3007 Treoorensis
1344 2943 1496 3026 diocesis,
1521 2955 1554 3009 et
1578 2946 1708 3011 decano

336 3049 532 3114 Briocensis
547 3068 587 3113 ac
603 3046 731 3113 cantori
748 3045 954 3112 Pictavensis
970 3046 1196 3110 ecclesiarum.
1485 3052 1488 3058 ’

375 3188 436 3247 lleg.
449 3190 497 3233 nv.
510 3189 533 3243 5,
546 3186 563 3233 i.
576 3187 622 3232 574
636 3201 642 3239 ;
655 3183 713 3231 l'at.
727 3186 764 3234 us.
778 3184 795 3230 i.
811 3186 863 3234 ltu,
877 3198 901 3229 n.
914 3185 985 3229 2405.

383 3340 1457 3435 259.1517,
1475 3375 1514 3436 24
1523 3353 1664 3439 scorrer.

383 3456 557 3524 Bemardo
580 3457 623 3522 de
645 3457 731 3521 Rivo
756 3456 924 3520 confertur
947 3456 1164 3521 canonicatus
1188 3457 1328 3521 ecclesie
1354 3456 1619 3542 Corisopitensis,
1648 3460 1707 3523 sub

339 3562 579 3649 expectatione
622 3560 801 3646 prebende,
845 3561 987 3624 obtentu
1024 3559 1135 3637 Alani,
1180 3560 1326 3644 episcopi
1366 3557 1633 3644 Corisopitensis,
1673 3571 1708 3625 et

339 3666 517 3745 Johannis,
542 3665 635 3729 ducis
665 3663 845 3743 Britannie,
871 3683 932 3748 pro
962 3663 1054 3747 cujus
1081 3662 1229 3748 episcopi
1259 3663 1400 3745 negotiis
1425 3664 1549 3727 inultos
1580 3664 1708 3728 labores

339 3770 507 3845 sustinuit,
524 3789 592 3832 non
618 3770 773 3832 obstante
798 3766 888 3851 quod
914 3767 946 3829 in
964 3766 1103 3830 Dolensi
1129 3776 1163 3830 et
1180 3766 1211 3829 S.
1229 3765 1317 3830 Petri
1335 3766 1377 3830 de
1394 3765 1567 3846 Muxeios,
1586 3766 1708 3850 Lingo-

339 3874 454 3939 nensis
469 3871 622 3950 diocesis
639 3870 855 3935 canonicatus
880 3879 913 3934 et
938 3868 1124 3954 prebendas
1149 3878 1183 3933 et
1209 3869 1241 3932 in
1265 3868 1383 3933 eadem
1406 3869 1544 3935 Dolensi
1562 3869 1708 3934 ecclesiis

340 3978 550 4044 scolastriam
580 3996 619 4040 ac
649 3982 864 4060 personatum
895 3973 936 4037 de
963 3972 1077 4052 Brece,
1110 3972 1362 4037 Cameracensis
1393 3972 1544 4053 diocesis,
1576 3975 1706 4037 obtinet

341 4078 715 4164 (mmmmm

382 4184 584 4250 Laudabilia
606 4190 708 4247 tue...

385 4289 466 4353 Dat.
482 4286 582 4350 Avin.
601 4291 618 4348 6
634 4284 700 4349 kal.
717 4284 825 4348 martii
842 4304 932 4347 anno
954 4304 978 4347 1.

385 4391 426 4456 In
458 4413 487 4455 e.
510 4411 554 4454 m.
579 4388 690 4453 abbati
715 4387 907 4452 monasterii
933 4386 970 4452 B.
999 4384 1107 4450 Marie
1134 4385 1176 4450 de
1202 4385 1411 4471 Kemperele,
1440 4385 1698 4471 Corisopitensis

340 4494 495 4574 diocesiS,
512 4503 546 4557 et
561 4493 691 4557 decano
707 4490 894 4555 Briocensis
906 4512 945 4555 ac
963 4491 1092 4554 cantori
1112 4489 1319 4554 Pictavensis
1335 4490 1560 4554 ecclesiarum.

374 4633 437 4693 Bog.
450 4633 498 4678 Av.
511 4634 533 4689 ῡ,
546 4631 564 4677 t.
577 4632 635 4676 dll9'
647 4645 652 4677 :
666 4628 723 4676 l'ut.
737 4630 775 4679 65.
789 4629 806 4675 f.
821 4630 885 4676 lli'.
899 4643 923 4674 u.
937 4629 1009 4674 2486.

386 4786 1380 4869 2601
1406 4816 1423 4859 r
1474 4817 1492 4858 2
1549 4796 1663 4859 darier.

390 4905 508 4990 Egidio
518 4903 611 4969 dicto
621 4901 748 4987 Begino
758 4901 924 4966 confertur
934 4900 1152 4965 canonicatus
1163 4900 1302 4965 ecclesie
1315 4899 1345 4963 S.
1355 4796 1705 4976 Mjadiniffodiensis,

349 5012 405 5073 sub
421 5007 658 5094 expectatione
673 5004 853 5090 prebende.

380 5164 404 5197 u.
419 5148 518 5195 lluxcio
532 5163 581 5207 rep.

399 5263 499 5302 Analecta
508 5258 707 5307 micam-belgica.
720 5258 749 5297 ll.
