4409 6017
501 702 562 772 574
1036 697 1193 770 Neuvilme
1214 698 1318 766 anuis.

545 847 690 932 1566.
1244 917 1246 920 .
1586 879 1696 946 1325,
1712 881 1740 945 5
1762 862 1830 928 mai

543 968 691 1049 Johanni
707 966 842 1032 Andree
858 966 900 1032 de
925 965 1038 1033 Halen
1067 975 1254 1034 reservatur
1273 967 1475 1033 beneficium
1494 967 1783 1036 ecclesiasticum
1804 987 1858 1033 cuu

500 1093 579 1139 cura
607 1074 662 1137 vel
686 1072 758 1137 sine
783 1091 861 1137 cura
888 1072 946 1156 (60
971 1073 1025 1136 vel
1051 1091 1091 1156 30
1119 1072 1175 1136 lib.
1196 1081 1259 1137 tur.
1285 1079 1397 1158 parv.)
1422 1071 1465 1137 ad
1488 1072 1728 1137 collationem
1752 1069 1858 1137 abbatis

499 1176 693 1244 monasterii
709 1175 740 1240 S.
756 1174 932 1255 Trudonis,
949 1174 992 1241 Ο.
1008 1175 1039 1240 S.
1057 1174 1107 1257 B,
1124 1174 1322 1241 Leodiensis
1336 1176 1487 1257 diocesis,
1511 1195 1585 1241 non
1601 1177 1778 1242 'obstante
1792 1171 1859 1260 quoi

500 1282 534 1348 in
558 1280 596 1347 B.
614 1278 722 1345 Marie
737 1278 963 1365 Trajectensis
986 1280 1047 1344 sub
1072 1279 1308 1364 expectatione
1336 1278 1506 1363 prebende
1534 1278 1575 1343 in·
1599 1279 1859 1346 canonicum&

499 1393 655 1471 receptus
686 1392 721 1448 et
751 1382 920 1467 quandam
950 1390 1148 1469 perpetuam
1175 1383 1397 1468 capellaniam
1421 1383 1492 1449 sine
1516 1402 1600 1448 cura
1635 1383 1673 1448 in
1704 1382 1739 1449 S.
1763 1379 1858 1460 Jacobi

501 1486 733 1568 LovaniensiS,
743 1486 834 1552 dicte
851 1485 1047 1553 Leodiensis
1062 1486 1215 1566 diocesis,
1229 1486 1378 1552 ecclesiis
1393 1487 1428 1571 (8
1445 1486 1501 1552 lib.
1513 1493 1579 1552 tur.
1597 1487 1721 1573 parv.l
1739 1485 1857 1567 obtinet

544 1593 638 1660 Sedis
653 1591 880 1678 apostolice...

545 1700 623 1766 Dat.
638 1699 740 1765 Avin.
759 1716 775 1781 3
792 1718 871 1763 non.
884 1696 962 1763 maii
974 1716 1064 1762 anno
1081 1716 1110 1776 9.

543 1803 584 1870 ln
599 1825 628 1870 e.
644 1824 689 1868 m.
701 1801 952 1886 Egidio,elect0
964 1799 1194 1879 Cremonensi,
1207 1808 1243 1864 et
1258 1800 1289 1865 S.
1307 1799 1400 1866 Pauli
1416 1799 1617 1866 Leodiensis
1627 1819 1672 1865 ac
1688 1799 1725 1865 S.
1733 1795 1854 1864 Servati

497 1906 721 1994 Trajectensis
734 1916 758 1987 ⁶,
775 1903 970 1971 Leodiensis
984 1904 1138 1986 diocesis,
1154 1904 1291 1971 decanis
1305 1905 1531 1971 ecclesiarum.

500 2089 506 2100 .
533 2052 595 2113 Reg.
607 2052 655 2100 Ar.
668 2052 737 2111 22,1.
752 2052 800 2099 578
813 2066 819 2108 ;
834 2051 891 2099 Vat.
907 2051 974 2108 79,1,
986 2052 1036 2109 57’,
1049 2065 1073 2098 n.
1088 2050 1158 2099 1381.

547 2240 686 2325 1567.
1228 2335 1230 2340 ⁴
1592 2271 1697 2336 1325,
1712 2271 1739 2335 5
1754 2251 1826 2317 mai.

542 2357 706 2445 Magistro
740 2358 876 2424 Andree
900 2357 942 2423 de
963 2344 1159 2437 Florentia,
1186 2357 1309 2423 clerico
1338 2365 1373 2422 et
1403 2354 1594 2423 consiliario
1627 2354 1760 2438 Caroli,
1789 2352 1857 2439 regis

499 2459 650 2541 Francie,
666 2460 884 2526 conferuntur
905 2460 1098 2541 decanatus,
1120 2461 1337 2527 canonicatus
1355 2468 1390 2526 et
1414 2457 1588 2547 prebenda
1613 2460 1768 2526 ecclesie
1793 2457 1857 2524 Fu·

497 2564 620 2644 nensis,
637 2563 842 2629 Morinensis
865 2563 1017 2645 diocesis,
1033 2572 1194 2630 vacantes
1214 2585 1273 2651 per
1295 2564 1424 2631 obitum
1451 2561 1602 2648 magistri
1633 2560 1655 2640 J
1658 2563 1808 2630 ohannis
1826 2560 1857 2627 de

500 2668 639 2748 Verulis,
655 2667 776 2733 notarii
792 2687 888 2753 pape,
905 2668 994 2755 apud
1010 2667 1132 2734 Sedem
1148 2669 1372 2755 apostolicam
1387 2666 1548 2735 defuncti.

545 2772 695 2857 Exigunt
709 2779 808 2837 tue...

545 2875 732 2941 Dat.Avin.
746 2896 764 2961 3
781 2895 860 2941 non.
875 2875 954 2941 maii
970 2896 1061 2942 anno
1078 2896 1107 2958 9.

544 2979 584 3045 ln
596 2999 626 3045 e.
641 2999 686 3044 m.
709 2978 962 3066 archiepiscopo
986 2979 1171 3046 Senoneusi
1195 3000 1236 3047 ac
1262 2980 1392 3048 decano
1417 2977 1610 3045 Parisiensis
1639 2988 1678 3046 et
1706 2979 1857 3047 archidia-

500 3104 589 3159 cono
604 3084 647 3151 de
662 3082 868 3164 Belvacinio,
884 3081 1099 3150 Belvacensis
1115 3084 1340 3151 ecclesiarum.
1445 3103 1447 3108 ⁴

534 3220 595 3281 Reg.
609 3221 657 3268 Av.
669 3221 708 3277 23,
719 3219 738 3268 1.
753 3221 781 3267 91
797 3234 802 3276 3
815 3219 875 3268 Vat.
890 3220 960 3277 79,1.
975 3221 1013 3278 91,
1026 3235 1051 3269 n.
1069 3222 1140 3272 1180.

547 3401 852 3487 1568-1569.
1595 3437 1697 3501 1325,
1714 3419 1736 3483 ό
1754 3422 1828 3485 mai.

544 3521 680 3586 Cantori
696 3521 727 3585 S.
742 3519 884 3585 Dionisii
898 3527 932 3584 et
945 3520 975 3584 S.
992 3518 1011 3596 J
1015 3520 1158 3585 ohannis
1174 3520 1370 3585 Leodiensis
1392 3540 1432 3586 ac
1448 3520 1687 3602 Scladinensis,
1705 3522 1859 3590 Leodien-

500 3625 544 3690 sis
559 3624 712 3704 diocesis,
728 3623 917 3689 scolasticis
929 3624 1144 3689 ecclesiarum
1157 3624 1335 3689 mandatur
1345 3634 1510 3708 quatenus
1527 3623 1742 3709 Hedwigim,
1759 3637 1859 3692 natam

500 3727 658 3811 Symonis
673 3727 716 3793 de
738 3726 944 3806 Julemonte,
962 3727 1086 3807 militis,
1110 3728 1257 3813 puellam
1282 3728 1466 3792 litteratam
1492 3726 1696 3794 Leodiensis
1719 3728 1860 3805 diocesis,

501 3829 604 3915 recipi
620 3830 744 3895 faciant
757 3830 789 3895 in
805 3829 1010 3896 monasterio
1027 3829 1192 3911 Blisiensi,
1209 3831 1251 3897 Ο.
1267 3830 1298 3896 S.
1310 3830 1360 3912 B,
1376 3831 1466 3896 dicte
1482 3830 1637 3897 diocesis.

547 3931 634 3999 Cum
650 3934 815 4000 dilecta...

547 4036 626 4103 Dat.
641 4037 741 4103 Avin.
756 4058 772 4103 2
789 4059 870 4105 non.
886 4038 964 4104 maii
981 4058 1072 4105 anno
1090 4060 1119 4120 9.

537 4182 597 4245 Reg.
610 4186 660 4234 Ar.
673 4186 711 4242 22,
724 4184 743 4233 1.
758 4187 818 4232 177)ν
831 4200 837 4242 ;
849 4185 908 4236 Vut.
924 4186 961 4244 79,
975 4186 993 4233 1.
1006 4187 1044 4246 54,
1057 4199 1083 4234 n.
1097 4186 1166 4234 1368.

546 4351 646 4412 1569.
669 4385 712 4397 -
729 4348 865 4415 Eisdem
878 4349 1046 4434 judicibus
1073 4349 1251 4416 mandatur
1266 4360 1431 4434 quatenus
1452 4353 1635 4436 Agnetem,
1651 4359 1772 4417 natam
1786 4351 1857 4435 ejus-

503 4451 580 4517 dem
605 4452 772 4536 SymoniS,
789 4454 935 4539 puellam
957 4455 1141 4519 litteratam
1167 4452 1364 4520 Leodiensis
1388 4456 1542 4536 diocesis,
1562 4455 1692 4521 faciant
1717 4453 1817 4541 recipi
1831 4452 1857 4516 in

504 4556 708 4622 monasterio
724 4557 766 4622 de
784 4556 1018 4638 Herkenrodo,
1036 4557 1267 4624 Cisterciensis
1283 4559 1418 4640 ordinis,
1435 4559 1524 4625 dicte
1539 4559 1698 4626 diocesis.

549 4658 635 4723 Cum
658 4659 820 4726 dilecta...

549 4761 628 4828 Dat.
644 4764 745 4830 Avin.
764 4786 780 4829 2
798 4786 878 4831 non.
895 4766 972 4831 maii
990 4787 1081 4831 anno
1099 4787 1128 4847 9.

539 4899 598 4961 Reg.
610 4902 658 4951 Av.
671 4904 709 4961 22,
721 4903 739 4953 1.
752 4906 810 4950 575v
821 4918 826 4960 ;
837 4903 895 4952 Vut.
908 4906 947 4964 79,
959 4905 977 4952 t.
990 4906 1029 4962 54,
1041 4918 1066 4951 u.
1080 4906 1143 4951 1389

536 5133 561 5167 α.
573 5116 745 5177 Traiecteusis
755 5134 863 5181 ruo-rtpue
876 5135 925 5182 rep.
