4409 6017
824 1071 998 1149 Errata
1034 1071 1082 1147 et
1119 1065 1363 1148 addenda.

416 1395 464 1461 N⁰
502 1418 555 1480 44,
571 1416 604 1481 p.
626 1416 661 1479 13
680 1396 806 1479 (note),
822 1416 867 1459 au
885 1395 948 1460 lieu
963 1397 1005 1460 de
1019 1403 1044 1459 t.
1061 1392 1139 1473 VII,
1243 1388 1538 1458 lisezanneevn.

485 1519 554 1584 104,
571 1520 603 1585 p.
622 1520 658 1583 31
679 1498 804 1584 (note),
1019 1500 1056 1564 18
1069 1497 1153 1584 juin,
1337 1517 1375 1582 14
1388 1495 1459 1582 juin
1476 1495 1535 1576 (cf.
1551 1516 1586 1562 n.
1605 1497 1697 1581 839).

485 1623 659 1688 139‚p·41
1012 1601 1103 1684 fin,
1336 1600 1448 1686 f·313·

483 1726 555 1790 315,
571 1727 605 1791 p.
623 1707 673 1787 98,
691 1704 819 1771 Robert
837 1704 876 1785 V,
893 1713 1007 1771 comte
1033 1705 1076 1773 de
1101 1707 1225 1786 Dreux,
1255 1712 1344 1772 mort
1358 1706 1391 1770 le
1409 1725 1448 1769 22
1471 1725 1561 1770 mars
1582 1725 1679 1790 1329,
1694 1706 1767 1770 asoit

721 1808 847 1895 e'pouse'
864 1807 972 1875 Marie
987 1809 1187 1897 d'Enghien,
1212 1809 1280 1875 fille
1303 1809 1346 1874 de
1369 1808 1532 1875 Gauthier
1558 1808 1608 1889 II,
1632 1809 1769 1895 seigneur

721 1913 920 2001 d'Enghien,
931 1921 966 1979 et
984 1913 1171 1981 d’Yolande
1186 1914 1228 1980 de
1246 1912 1388 1978 Flandre
1404 1913 1463 1997 (cf.
1483 1911 1625 1994 Moreri,
1639 1911 1768 1979 Diction·
1805 1928 1808 1935 ·

723 2019 817 2083 noire
832 2018 1022 2102 historique,
1039 2026 1074 2082 v⁰
1089 2017 1230 2102 Dreux).

485 2126 558 2208 348,
683 2121 906 2188 Tornacensis
929 2131 964 2188 et
989 2121 1213 2203 Belvacensis,
1234 2123 1311 2188 lisez
1332 2120 1586 2187 Cameracensis
1612 2129 1649 2187 et
1666 2119 1770 2186 Belva·

721 2246 839 2293 censis.

484 2351 557 2417 435,
682 2329 824 2397 ecclesia
840 2330 872 2396 S.
889 2329 979 2395 Petri
995 2329 1037 2395 de
1055 2327 1241 2411 Malbodio,
1258 2331 1334 2396 lisez
1357 2329 1499 2396 ecclesia
1521 2328 1554 2394 S.
1570 2327 1726 2413 Quintini
1739 2327 1773 2392 de

724 2430 910 2500 Malbodi0.

485 2540 559 2623 488,
575 2559 608 2623 p.
629 2539 687 2622 183
706 2538 804 2623 (note
819 2539 863 2623 c),
881 2536 914 2603 S.
931 2536 1049 2603 Maria
1068 2545 1119 2604 est
1134 2558 1219 2625 pour
1238 2539 1359 2604 Civitas
1376 2538 1495 2605 Sancte
1510 2536 1638 2619 Μανία,
1655 2536 1775 2604 c'est-a·

723 2641 793 2707 dire
809 2640 938 2708 Lucera
953 2641 1068 2726 (Italie
1083 2641 1228 2728 merim).

486 2748 559 2831 488,
575 2765 608 2831 p.
629 2747 700 2829 183,
716 2747 738 2810 l.
755 2766 807 2830 23.
830 2745 947 2827 Eubel,
972 2745 1178 2812 Hierarchia
1204 2746 1375 2828 catholica,
1398 2753 1424 2813 t.
1452 2747 1479 2829 1,
1505 2768 1539 2833 p.
1569 2765 1646 2833 277,
1673 2748 1777 2814 donne

727 2848 920 2938 Gausridus
946 2870 1080 2917 comme
1105 2850 1235 2936 eveque
1261 2851 1304 2917 de
1328 2850 1449 2918 Grasse
1473 2851 1514 2919 de
1540 2872 1624 2933 1299
1642 2855 1664 2918 a
1683 2872 1776 2937 13433

726 2952 932 3021 Laurentius
965 2954 1162 3022 Grassensis
1188 2957 1353 3044 episcopus
1379 2963 1431 3022 est
1454 2954 1545 3023 donc
1571 2957 1704 3038 errone',
1720 2956 1777 3022 soit

724 3065 830 3142 quant
845 3079 888 3124 au
901 3079 984 3125 nom
999 3058 1041 3126 de
1056 3059 1218 3145 leveque,
1241 3060 1306 3127 soit
1321 3067 1427 3146 quant
1441 3061 1461 3126 ὲ
1476 3061 1563 3128 celui
1578 3061 1625 3127 du
1641 3061 1777 3128 diocese.

487 3182 561 3248 495.
578 3162 642 3226 Cet
657 3169 732 3227 acte
748 3169 800 3227 est
816 3161 998 3249 identique,
1014 3165 1134 3231 sanila
1150 3165 1238 3247 date,
1255 3187 1297 3230 au
1309 3187 1342 3230 11.
1360 3170 1432 3250 556,
1449 3173 1483 3231 et
1499 3164 1582 3232 c’est
1599 3187 1640 3233 ce
1656 3165 1778 3232 dernier

726 3266 782 3350 qui
798 3274 851 3332 est
867 3277 966 3334 exact
979 3292 987 3349 ;
1006 3269 1037 3334 la
1052 3269 1134 3335 date
1149 3269 1194 3336 du
1211 3288 1252 3354 17
1269 3269 1338 3335 kal.
1354 3272 1470 3358 aprilis
1484 3269 1572 3337 n'est
1588 3291 1651 3357 pas
1665 3269 1776 3336 admis-

724 3370 817 3454 sible,
845 3372 1000 3458 puisqu'il
1027 3381 1078 3439 est
1102 3373 1162 3439 fait
1183 3373 1335 3440 mention
1352 3375 1396 3439 du
1416 3377 1456 3440 18
1471 3373 1540 3439 kal.
1557 3376 1643 3439 maii
1654 3374 1736 3440 dans
1750 3371 1775 3435 le

726 3484 830 3544 texte.

488 3607 561 3674 515,
577 3587 706 3670 ajoutez
719 3611 731 3652 .·
748 3585 831 3672 Reg.
848 3582 925 3649 Vat.
947 3603 1017 3663 110,
1033 3603 1112 3670 pars
1128 3582 1174 3664 II,
1191 3584 1212 3648 f.
1231 3604 1281 3668 54,
1298 3605 1331 3649 n.
1349 3604 1421 3669 259·

489 3713 561 3778 592,
578 3714 623 3757 au
641 3693 704 3756 lieu
720 3695 786 3756 de:
809 3689 947 3755 Amaldi
965 3688 1013 3772 (S.
1031 3686 1165 3754 Nicolai
1183 3688 1216 3752 in
1233 3687 1373 3754 Carcere
1389 3686 1547 3752 Tulliano
1563 3686 1652 3753 diac.
1668 3686 1774 3760 card),

1147 3793 1223 3858 lisez
1239 3791 1421 3857 Guillelmi.

490 3909 562 3986 603,
694 3897 888 3964 monasterii
906 3897 936 3963 S.
955 3896 1136 3979 Mansueti,
1236 3895 1428 3961 monasterii
1445 3895 1476 3959 S.
1494 3893 1649 3962 Martini.

488 4008 561 4087 806,
695 4001 873 4068 Parisiensi
1236 4000 1407 4065 Parmensi
1424 3999 1532 4084 (ofin.
1553 4001 1665 4084 1399).

490 4112 563 4195 842,
701 4124 781 4191 1317
1236 4125 1328 4189 1320.

490 4217 563 4297 883,
696 4212 866 4279 Bernardo
881 4209 924 4276 de
940 4209 972 4275 S.
989 4208 1136 4275 Genesio
1228 4208 1415 4276 Bertrando
1430 4207 1473 4274 de
1489 4208 1521 4274 S.
1537 4207 1697 4276 Genesio.

472 4322 563 4398 1028,
696 4316 961 4385 Cenomanensis
1226 4312 1453 4380 Carnotensis

471 4443 563 4507 1049,
579 4429 674 4510 apres
690 4419 923 4487 Atrebatensis
938 4416 1090 4497 diocesis,
1108 4415 1236 4498 ajouter.
1251 4421 1312 4482 sub
1329 4417 1566 4502 expectatione
1583 4417 1758 4504 prebende.

472 4528 562 4591 1108.
579 4525 627 4591 Le
644 4524 773 4614 prieur&
789 4524 831 4590 de
847 4525 879 4588 la
895 4520 1029 4588 Charite'
1046 4528 1097 4586 est
1113 4520 1158 4586 du
1173 4521 1307 4586 diocese
1322 4519 1514 4586 d’Auxerre.

977 4746 1207 4756 ————-·-.-
