4409 6017
895 708 1051 780 lle'uvibma
1071 713 1175 780 anuto.
1398 807 1401 813 Ι
1654 703 1719 775 563

400 865 540 949 1531.
690 862 694 871 ⁴
1104 857 1106 860 ’
1398 892 1493 956 1325,
1510 891 1552 959 29
1575 872 1672 937 avril.

399 982 645 1049 Executoribus
659 979 839 1047 mandatur
854 986 1019 1064 quatenus
1040 976 1166 1044 faciant
1177 977 1342 1064 justitiam
1358 977 1517 1064 episcopo
1538 975 1717 1040 Leodiensi
1819 991 1823 995 ’

350 1095 475 1153 contra
501 1085 665 1171 quosdam
681 1084 863 1150 canonicos
879 1081 1083 1147 Leodienses
1099 1081 1155 1166 qui
1168 1082 1243 1168 jura
1259 1081 1408 1168 episcopi
1431 1079 1615 1146 diminuere
1631 1086 1717 1144 sata-

350 1198 449 1277 gunt.

400 1373 419 1414 «
432 1349 685 1414 Venerabilibus
698 1346 849 1413 fratribus
862 1346 1145 1433 ..archiepiscopo
1158 1345 1316 1412 Remensi
1329 1354 1363 1411 et
1374 1397 1392 1412 ..
1406 1345 1638 1412 Cameracensi
1647 1366 1687 1411 ac
1699 1394 1717 1411 ..

352 1453 565 1539 Trajectensi
581 1451 757 1538 episcopis,
773 1451 926 1516 salutem.
943 1449 1152 1536 Significavit
1166 1450 1262 1516 nobis
1277 1450 1475 1516 venerabilis
1491 1450 1590 1516 frater
1605 1456 1719 1514 noster

352 1553 510 1634 Adolfus,
537 1553 715 1640 episcopus
741 1552 948 1634 Leodiensis,
965 1553 1056 1638 quod
1082 1552 1249 1619 Gerardus
1276 1553 1420 1635 Hubins,
1445 1553 1583 1638 Egidius
1598 1552 1718 1632 Surles,

356 1658 504 1723 Helinus
519 1656 561 1722 de
576 1657 739 1736 Antonin,
754 1656 773 1734 J
776 1657 927 1724 ohannes
941 1657 1051 1723 dictus
1066 1657 1197 1739 Gillars,
1210 1657 1460 1724 Godefridusde
1472 1657 1609 1737 Davelz,
1625 1655 1719 1720 Wer·

353 1762 444 1828 ricus
459 1760 501 1826 de
517 1760 602 1826 Gras
616 1768 652 1825 et
667 1760 805 1845 quidam
819 1761 875 1826 alii
891 1761 1044 1828 canonici
1061 1760 1275 1841 Leodienses,
1288 1763 1362 1847 jura
1377 1770 1411 1827 et
1420 1760 1667 1847 jurisdictiones
1679 1778 1720 1825 ac

354 1865 504 1931 honores
513 1863 556 1929 ad
571 1864 680 1949 ipsum
695 1865 891 1951 episcopum
906 1872 942 1930 et
957 1865 1136 1931 ecclesiam
1148 1864 1374 1932 Leodiensem
1390 1868 1431 1931 ab
1447 1864 1587 1949 antiquo
1596 1862 1639 1929 de
1647 1864 1720 1948 jure

355 1967 548 2055 spectantia
563 1967 757 2048 diminuere,
774 1976 810 2034 et
826 1968 916 2055 ipsos
931 1969 1127 2056 episcopum
1143 1977 1179 2035 et
1201 1969 1378 2035 ecclesiam
1400 1967 1609 2056 possessione
1633 1966 1719 2052 ipso-

355 2092 431 2137 rum
455 2071 509 2135 vel
537 2070 629 2155 quasi
645 2071 789 2156 spoliare
805 2079 922 2138 contra
933 2072 1125 2157 juramenta
1140 2093 1199 2138 sua
1215 2093 1254 2138 ac
1269 2094 1329 2159 per
1343 2070 1589 2159 ingratitudinis
1600 2070 1720 2137 vitium

354 2187 486 2242 temere
511 2182 711 2258 satagentes,
735 2175 769 2239 in
793 2176 961 2261 quandam
985 2176 1232 2242 ordinationem
1248 2177 1295 2262 (¹)
1319 2177 1550 2242 continentem
1576 2174 1720 2259 quedam

355 2287 485 2346 statuta
498 2278 685 2365 perniciosa
701 2280 861 2366 episcopo
876 2288 912 2346 et
927 2281 1069 2347 ecclesie
1090 2281 1250 2368 predictis
1272 2301 1312 2346 ac
1333 2281 1455 2366 jurium
1472 2287 1506 2344 et
1519 2277 1720 2365 jurisdictio-

355 2402 439 2448 num
455 2383 602 2469 ipsorum
627 2382 886 2449 diminutionem
909 2394 945 2450 et
970 2384 1184 2470 dispendium
1206 2385 1433 2465 manifestum,
1448 2390 1526 2470 post
1548 2390 1583 2447 et
1604 2389 1722 2447 contra

356 2483 636 2573 provocationem
661 2495 812 2573 exparte
839 2487 988 2573 ejusdem
1004 2488 1152 2575 episcopi
1179 2488 1222 2556 ad
1244 2488 1464 2574 apostolicam
1487 2486 1608 2551 Sedem
1623 2485 1720 2550 emis-

356 2610 441 2670 sam,
457 2589 648 2655 consentire
667 2599 702 2655 et
726 2591 834 2675 ipsam
860 2593 921 2657 sub
946 2592 1083 2657 nomine
1111 2592 1248 2678 capituli
1271 2591 1421 2677 ejusdem
1445 2589 1587 2656 ecclesie
1614 2588 1721 2672 sigillo

357 2693 462 2778 ipsius
478 2691 626 2778 capituli,
642 2693 791 2779 pluribus
801 2695 973 2760 canonicis
983 2694 1084 2782 ipsius
1094 2696 1236 2762 ecclesie
1248 2694 1564 2775 contradicentibus,
1577 2693 1721 2778 sigillare

358 2815 539 2882 perperam
567 2805 852 2883 presumpserunt.
887 2798 1028 2885 Propter
1051 2799 1142 2884 quod
1173 2799 1262 2865 idem
1293 2799 1472 2886 episcopus
1502 2798 1649 2862 sentiens
1679 2817 1720 2860 ex

358 2899 529 2987 premissis
544 2919 580 2964 se
596 2907 630 2964 et
645 2899 773 2966 dictam
789 2901 965 2967 ecclesiam
980 2923 1074 2968 suam
1090 2903 1273 2969 enormiter
1286 2902 1363 2984 ledi,
1379 2901 1422 2967 ad
1437 2900 1559 2966 Sedem
1575 2901 1724 2990 appella¹

357 3003 408 3069 vit
423 3002 578 3068 eandem.
595 3002 760 3086 Quocirca
777 3005 975 3071 fraternitati
991 3015 1100 3072 vestre
1116 3026 1176 3092 per
1190 3006 1377 3093 apostolica
1387 3005 1510 3091 scripta
1525 3003 1723 3069 mandamus

358 3114 524 3192 quatenus
546 3126 608 3171 vos
622 3109 677 3172 vel
692 3108 760 3173 duo
775 3117 832 3174 aut
857 3130 942 3175 unus
956 3118 1116 3191 vestrum,
1131 3131 1191 3197 per
1214 3130 1273 3175 vos
1293 3111 1346 3174 vel
1362 3129 1421 3196 per
1436 3108 1539 3173 alium
1555 3127 1612 3172 seu
1628 3107 1726 3189 alios,

356 3209 489 3276 vocatis
504 3209 560 3295 qui
575 3209 699 3277 fuerint
714 3213 888 3296 evocandi,
904 3215 1093 3295 summarie,
1110 3214 1305 3301 simpliciter
1319 3221 1355 3279 et
1370 3213 1412 3278 de
1427 3213 1540 3299 plano,
1553 3210 1625 3276 sine
1640 3218 1721 3276 stre·

354 3314 435 3401 pitu‘
445 3322 481 3378 et
496 3313 599 3398 figura
610 3313 736 3398 judicii,
752 3315 795 3381 de
806 3317 976 3402 premissis
991 3318 1114 3383 curetis
1126 3317 1319 3404 diligentius
1331 3315 1501 3382 informari
1514 3322 1558 3395 et,
1572 3314 1598 3378 si
1610 3313 1720 3381 dictos

354 3416 538 3485 canonicos
562 3416 746 3502 culpabiles
766 3421 956 3505 repereritis
980 3421 1013 3486 in
1038 3422 1215 3507 premissis,
1234 3441 1293 3486 eos
1308 3421 1404 3507 penis
1427 3417 1550 3486 debitis
1574 3418 1721 3504 puniatis

352 3523 450 3608 juxta
466 3523 646 3589 canonicas
661 3524 863 3606 sanctiones,
888 3525 1155 3592 contradictores
1177 3546 1237 3612 per
1263 3545 1438 3591 censuram
1455 3523 1720 3590 ecclesiasticam

354 3625 585 3713 appellatione
600 3628 790 3714 postposita
805 3628 1064 3715 compescendo.
1080 3628 1115 3695 N
1118 3651 1162 3695 on
1178 3629 1423 3697 obstantibus..
1439 3630 1559 3692 Testes
1574 3637 1721 3693 autem...

357 3731 438 3796 Dat.
454 3729 554 3795 Avin.
572 3750 590 3814 3
607 3729 675 3796 kal.
692 3732 769 3796 maii
786 3753 876 3798 anno
893 3754 921 3809 9.
936 3756 954 3795 r>

391 3879 454 3939 Reg.
475 3880 524 3929 Av.
538 3880 578 3938 22,
592 3878 610 3928 f.
623 3880 671 3926 679
682 3893 688 3936 ;
700 3876 760 3927 vat.
776 3880 816 3937 79,
830 3878 849 3928 f.
863 3879 913 3937 ὅθ’,
926 3893 952 3927 n.
970 3880 1041 3928 1400.

405 4047 549 4133 1532.
1449 4084 1543 4146 1325,
1561 4086 1578 4129 r
1595 4065 1677 4130 mai.

400 4166 668 4254 Archiepiscopo
684 4167 883 4234 Bituricensi
909 4176 945 4235 et
970 4169 1130 4255 episcopo
1158 4167 1332 4235 Parisiensi
1357 4169 1536 4235 mandatur
1558 4176 1724 4254 quatenus

355 4273 534 4338 absolvant
551 4270 732 4352 Matildim,
748 4272 954 4338 comitissam
970 4275 1242 4354 Atrebatensem,
1259 4293 1278 4337 a
1294 4273 1507 4357 quisbusdam
1525 4272 1724 4358 juramentis

356 4379 399 4441 ab
417 4395 458 4440 ea
473 4376 633 4462 prestitis.

405 4536 694 4603 «Venerabilibus
730 4537 924 4604 fratribus..
950 4539 1207 4626 archiepiscopo
1238 4539 1436 4605 Bituricensi
1463 4547 1538 4605 et..
1563 4540 1724 4626 episcopo

361 4641 552 4708 Parisiensi.
570 4640 686 4707 Habet
702 4642 825 4708 dilecte
838 4642 872 4707 in
884 4642 1017 4708 Christo
1033 4644 1100 4708 filie
1117 4643 1237 4709 nobilis
1254 4644 1399 4709 mulieris
1417 4641 1604 4724 Mathildis,
1622 4645 1724 4709 comi-

397 4886 417 4931 l.
436 4883 556 4930 Allusiou
568 4885 584 4930 a
596 4884 621 4931 ln
637 4884 724 4932 Lettre
739 4883 781 4932 das
799 4885 873 4947 l'inqt
884 4888 911 4946 (l
925 4885 1064 4932 novembre
1076 4885 1160 4946 1324),
1181 4885 1225 4944 qui
1243 4881 1409 4932 determinait
1421 4883 1446 4932 lu
1458 4882 1598 4945 procedure
1610 4885 1624 4931 a
1641 4885 1727 4932 suivre

364 4970 453 5012 contre
465 4963 581 5026 l'evtnue
592 4979 623 5013 en
636 4980 679 5013 cas
690 4965 723 5014 de
742 4965 802 5013 deni
815 4965 847 5013 dc
858 4965 959 5028 justice.
975 4966 1013 5016 Cf.
1029 4967 1161 5026 Burmann,
1174 4964 1279 5012 Itecrreil
1291 4965 1333 5012 dev
1352 4963 1533 5013 Ordounaneea
1544 4963 1575 5012 de
1592 4964 1617 5011 lu
1627 4965 1727 5027 prinei·

363 5046 439 5108 souti
450 5045 483 5094 de
498 5045 581 5108 braye,
594 5047 719 5110 premiere
729 5047 801 5107 serie,
816 5062 841 5111 p.
863 5050 915 5108 173,
933 5052 959 5097 et
980 5047 1154 5111 chapeaville,
1170 5047 1245 5096 Gesta
1263 5048 1432 5110 episcoporum
1453 5046 1637 5104 Leodicnvirnn,
1657 5051 1675 5095 t.
1691 5047 1726 5106 ll,

365 5143 380 5158 n
401 5130 448 5158 '270
