4409 6017
958 699 1105 767 Huitibms
1126 699 1228 766 annio.
1718 703 1781 767 497

416 847 586 914 attentius
612 849 808 934 cogitamus,
835 851 988 937 prolecto
1014 851 1121 931 vobis,
1146 849 1238 937 pacis
1261 849 1401 935 gaudiis,
1428 851 1515 917 sicut
1545 858 1655 917 vestre
1685 852 1782 935 nobis

414 950 597 1018 innotuere
623 952 745 1035 littere,
772 954 1025 1040 perfruentibus,
1051 954 1173 1021 merito
1199 953 1458 1039 congaudemus.
1479 953 1566 1020 Sane
1581 954 1660 1040 quia
1675 954 1782 1022 hostis

416 1056 522 1141 pacis,
532 1056 680 1124 caritatis
695 1059 835 1139 emulus,
847 1058 985 1124 humani
1001 1058 1134 1143 generis
1149 1057 1313 1137 inimicus,
1326 1057 1420 1141 quasi
1436 1058 1492 1123 leo
1507 1057 1624 1124 circuit
1641 1078 1782 1142 querens

416 1160 453 1224 in
470 1161 577 1242 vobis,
592 1161 680 1226 inter
695 1181 757 1228 vos
772 1181 812 1227 ac
827 1161 988 1228 dilectum
1012 1162 1117 1227 filium
1140 1161 1291 1228 nobilem
1313 1161 1421 1226 vimm
1445 1160 1663 1244 Ludovicum,
1680 1162 1783 1229 comi·

416 1271 491 1328 tem
508 1262 677 1345 Flandrie,
692 1265 896 1331 zizaniorum
909 1267 1020 1351 jacere
1039 1265 1178 1347 semina,
1194 1284 1255 1331 vos
1269 1265 1425 1331 duximus
1447 1265 1685 1348 exhortandos,
1701 1287 1783 1334 sano

415 1367 516 1433 vobis
530 1367 767 1434 nichilominus
782 1370 922 1435 consilio
938 1368 1110 1436 suadendo
1126 1375 1290 1455 quatenus
1306 1370 1376 1454 ejus
1392 1369 1519 1436 insidiis
1541 1369 1679 1436 obviare
1701 1370 1782 1456 vigi-

417 1470 507 1536 lanti
523 1472 635 1538 studio
649 1473 812 1544 studeatis
824 1494 864 1541 ac
876 1473 964 1541 circa
977 1474 1203 1553 concordiam,
1219 1475 1253 1538 in
1270 1494 1335 1559 qua
1350 1494 1403 1540 res
1417 1494 1522 1560 parve
1538 1481 1784 1540 consueverunt

422 1595 583 1659 crescere,
609 1577 823 1643 nutriendam
846 1599 886 1645 ac
908 1579 1081 1646 vitandam
1104 1578 1315 1660 discordiam,
1332 1578 1366 1643 in
1383 1598 1449 1663 qua
1464 1598 1517 1643 res
1532 1579 1679 1643 maxime
1701 1577 1784 1642 dila·

422 1682 559 1762 buntur,
586 1681 710 1747 curetis
736 1682 849 1747 sedule
876 1682 1061 1749 studiosam
1085 1703 1223 1769 operam
1249 1681 1418 1749 adhibere.
1449 1682 1504 1748 Ad
1530 1681 1594 1748 hec
1623 1682 1784 1748 dilectum

424 1783 530 1848 lilium
544 1834 567 1849 ..
583 1786 742 1850 abbatem
759 1784 1057 1868 Verzeliacensem,
1082 1787 1139 1870 qui
1164 1786 1206 1852 ad
1230 1794 1355 1852 statum
1379 1787 1471 1872 pacis
1497 1785 1687 1872 hujusmodi
1710 1806 1786 1872 pro·

424 1887 621 1970 curandum,
636 1896 675 1954 ut
689 1897 800 1955 vestre
815 1897 982 1956 testantur
1008 1891 1131 1972 littere,
1159 1889 1368 1956 laudabiliter
1391 1889 1567 1972 laboravit,
1591 1890 1786 1956 meritorum

424 1989 575 2076 ejusdem
585 1991 709 2057 intuitu
721 2001 897 2078 vestreque
907 1993 1165 2059 interventionis
1174 1995 1327 2074 obtentu,
1338 1993 1461 2059 habere
1472 1992 1786 2063 recommendatum

425 2093 631 2160 intendimus
649 2098 726 2161 loco
742 2103 776 2160 et
792 2104 945 2182 ternpore
969 2097 1154 2183 oportunis.
1180 2097 1233 2162 De
1256 2097 1439 2163 devotione
1465 2105 1589 2179 autem,
1617 2117 1718 2182 quam
1744 2095 1789 2162 ad

424 2218 490 2264 nos
516 2206 551 2263 et
574 2208 725 2266 sanctam
754 2199 945 2266 Romanam
971 2201 1147 2267 ecclesiam
1172 2200 1297 2286 geritis,
1323 2209 1423 2287 prout
1447 2209 1634 2267 vestrarum
1650 2200 1789 2267 asseruit

425 2303 559 2388 gerulus
573 2302 768 2384 litterarum,
796 2303 893 2370 vobis
916 2304 1097 2390 gratiarum
1123 2303 1296 2370 referimus
1322 2306 1440 2370 uberes
1463 2306 1626 2386 actiones,
1642 2312 1789 2370 vestram

425 2405 693 2472 benivolentiam
718 2407 948 2493 deprecantes,
973 2415 1011 2473 ut
1026 2408 1061 2472 in
1078 2407 1197 2473 eadem
1214 2415 1409 2474 constanter
1423 2408 1536 2475 velitis
1551 2409 1728 2495 persistere
1751 2427 1791 2474 ac

427 2509 527 2576 nobis
542 2519 578 2576 et
593 2509 655 2575 sibi
671 2511 824 2578 assistere
839 2517 956 2578 contra
965 2511 1117 2597 ejusdem
1126 2512 1267 2579 rebelles
1276 2513 1419 2579 ecclesie
1429 2512 1559 2579 auxiliis
1574 2518 1609 2578 et
1624 2512 1791 2578 favoribus

428 2613 605 2699 oportunis
619 2636 628 2693 ;
646 2634 708 2680 nos
725 2615 815 2680 enim
831 2615 939 2701 parati
963 2637 1078 2682 sumus
1101 2624 1137 2683 et
1161 2637 1233 2683 esse
1259 2615 1474 2700 intendimus,
1491 2617 1571 2683 dum
1587 2617 1621 2681 in
1637 2615 1792 2682 humanis

430 2739 530 2806 agere
545 2719 659 2787 divina
674 2720 887 2808 providentia
901 2741 964 2787 nos
979 2721 1164 2807 permittet,
1180 2721 1286 2803 vobis,
1302 2730 1415 2814 preter
1426 2730 1542 2788 eterne
1563 2720 1792 2788 retributionis

429 2825 598 2911 premium
614 2824 704 2910 quod
719 2846 761 2891 ex
776 2825 842 2892 hoc
856 2826 1037 2913 promereri
1049 2825 1213 2913 poteritis,
1229 2834 1321 2912 grata
1337 2825 1566 2892 vicissitudine
1580 2825 1792 2913 respondere.

432 2929 513 2993 Dat.
528 2929 628 2994 Avin.
648 2948 686 3013 17
702 2928 768 2996 kal.
780 2929 865 3015 junii
881 2950 970 2996 anno
987 2932 1016 2995 8.
1030 2951 1047 2992 »

467 3064 529 3127 neg.
541 3064 601 3114 vat.
618 3067 671 3125 112,
683 3065 786 3129 parsu,
797 3066 815 3114 f.
829 3068 868 3124 as,
881 3080 906 3114 n.
920 3067 974 3113 aas.

483 3252 626 3339 1338·
1505 3288 1600 3353 1324,
1617 3267 1659 3332 16
1671 3265 1749 3331 anai.

477 3375 662 3455 Ludovico,
686 3374 801 3441 comiti
827 3373 994 3459 Flandrie,
1018 3383 1053 3442 et
1076 3376 1227 3443 Roberto
1249 3375 1292 3442 de
1316 3374 1343 3440 F
1346 3373 1484 3456 landria,
1500 3371 1639 3439 domino
1654 3370 1696 3436 de
1713 3367 1794 3432 Cas-

433 3482 529 3562 sello,
546 3478 700 3546 scribitur
714 3487 751 3544 ut
767 3478 809 3543 ad
824 3499 945 3566 pacem
962 3479 1163 3546 servandam
1179 3478 1327 3546 studium
1343 3478 1535 3544 adhibeant.

479 3670 498 3712 u
515 3646 618 3713 Dicto
647 3646 854 3734 [Ludovico]
881 3648 998 3715 comiti
1015 3648 1182 3716 Flandrie‚
1212 3648 1263 3713 Ex
1290 3656 1424 3714 tuarum
1440 3666 1508 3711 non
1525 3645 1652 3729 absque
1668 3639 1797 3725 ingenti

433 3751 557 3838 gaudio
579 3751 790 3839 percepimus
820 3751 904 3817 serie
934 3751 1133 3834 litterarum,
1164 3752 1255 3838 quod
1285 3750 1532 3837 quiescentibus
1561 3743 1798 3814 discordiamm

434 3855 601 3936 fluctibus,
613 3875 696 3940 quos
712 3855 798 3921 iuter
809 3864 845 3921 te
857 3865 893 3921 et
904 3855 1046 3923 dilectos
1057 3856 1144 3924 filios
1153 3856 1334 3923 nonnullos
1344 3854 1568 3921 Flandrenses
1576 3850 1637 3917 tibi
1649 3845 1802 3915 subditos

434 3958 545 4026 hostis
559 3959 651 4046 pacis
666 3968 702 4025 et
727 3959 876 4026 caritatis
906 3962 1036 4026 emulus
1062 3961 1234 4043 excitavit,
1259 3961 1294 4026 in
1320 3960 1411 4047 pacis
1437 3953 1661 4046 pulcritudine
1684 3950 1804 4016 sedere

434 4063 587 4130 nosceris
598 4071 633 4129 et
648 4063 761 4147 requie
788 4066 949 4150 opulenta
973 4066 1079 4132 letari.
1105 4066 1202 4148 Sane,
1230 4065 1288 4149 lili,
1313 4066 1391 4150 quia
1414 4062 1520 4128 hostis
1546 4060 1612 4138 ille,
1636 4055 1693 4140 qui
1708 4053 1805 4119 mille

435 4168 559 4236 modos
574 4168 718 4236 nocendi
734 4169 858 4235 habere
868 4170 1019 4237 noscitur
1029 4172 1152 4256 quique
1165 4180 1222 4237 tue
1235 4181 1270 4238 et
1282 4170 1429 4256 ipsorum
1442 4165 1651 4233 subditorum
1667 4169 1807 4225 tuorum

436 4272 567 4339 invidet
583 4271 724 4353 caritati,
740 4272 938 4339 zizaniarum
955 4273 1041 4340 inter
1056 4280 1092 4339 te
1108 4295 1148 4340 ac
1163 4275 1252 4361 ipsos
1263 4274 1375 4359 jacere
1391 4270 1532 4347 semina,
1544 4266 1571 4331 si
1588 4262 1727 4351 poterit,
1737 4280 1810 4326 non

436 4377 594 4459 cessabit,
610 4385 703 4442 tuam
718 4377 931 4464 prudentiam
956 4378 1177 4466 deprecamur
1192 4387 1229 4444 ut
1245 4377 1395 4462 ejusdem
1410 4372 1517 4440 hostis
1539 4369 1696 4435 resistere
1712 4383 1814 4432 cures

438 4480 568 4547 insidiis
583 4489 618 4546 et
633 4480 677 4546 ad
691 4501 811 4567 pacem
838 4482 1105 4548 conservandam
1129 4480 1318 4567 hujusmodi
1344 4496 1524 4566 operosum
1548 4471 1700 4538 studium
1715 4466 1816 4534 adhi-

437 4588 532 4651 bere.
549 4584 594 4650 Et
610 4585 687 4670 quia
703 4584 847 4652 dilectus
862 4586 949 4651 filius
962 4636 987 4651 ..
1003 4589 1107 4652 abbas
1132 4585 1392 4651 Verzeliacensis
1416 4582 1459 4649 ad
1483 4575 1672 4645 sedandam
1688 4573 1819 4639 discor-

438 4690 533 4757 diam
548 4699 582 4754 et
599 4690 845 4775 procurandam
861 4690 1078 4756 concordiam
1104 4690 1270 4756 antelatas
1294 4688 1418 4769 sedule,
1436 4690 1540 4772 prout
1563 4689 1623 4746 tue
1646 4682 1821 4743 testantur

439 4794 565 4875 littere,
590 4794 766 4876 laboravit,
781 4795 905 4860 habere
930 4794 1035 4875 illum,
1062 4803 1119 4861 tue
1145 4792 1400 4859 interventionis
1431 4792 1583 4855 obtentu
1613 4795 1821 4860 suorumque

439 4897 640 4964 meritorum
666 4899 799 4980 intuitu,
816 4900 893 4965 loco
909 4907 944 4963 et
959 4907 1114 4985 tempore
1141 4898 1347 4964 intendimus
1372 4879 1821 4993 commendatum‘hdhec

437 5001 486 5069 de
502 5001 668 5089 personali
684 5001 886 5084 visitatione,
902 5022 1001 5090 super
1018 5023 1083 5087 qua
1107 5023 1142 5068 se
1166 5001 1260 5067 duxit
1285 5021 1327 5065 ex
1349 4990 1572 5064 habundanti
1597 4996 1657 5054 tua
1681 4987 1821 5097 heruvo

437 5103 548 5173 lentia
563 5106 799 5186 excusandam,
815 5104 887 5192 ipsa
910 5126 979 5171 non
1004 5105 1139 5192 indigne
1163 5104 1316 5183 admissa,
1342 5101 1384 5166 de
1409 5093 1600 5165 oblatione
1623 5089 1719 5153 nobis
1734 5083 1821 5146 lact:

493 5240 598 5282 Analecta
606 5240 800 5293 vaticanobelgica
814 5241 843 5283 11.
1752 5229 1779 5266 ³²
