4409 6017
309 561 311 624 l

308 641 320 852 d
917 729 1074 796 Troisleme
1094 729 1198 796 annm.
1662 729 1722 796 289

309 859 310 876 ’
371 882 583 962 subsecutus,
598 887 637 945 tu
661 878 732 967 ipse
754 878 876 946 videris
889 901 897 959 ;
923 879 1020 945 nobis
1044 878 1136 944 enim
1151 898 1268 964 parum
1284 886 1342 945 aut
1357 878 1459 945 nichil
1475 878 1586 963 quoad
1601 887 1636 944 te
1652 879 1739 945 utili-

372 984 454 1051 tatis
469 983 640 1049 videretur
654 982 806 1049 attulisse
830 984 984 1064 comoda,
1000 991 1052 1050 set
1066 983 1179 1070 potius
1205 984 1360 1066 obfuisse,
1373 1003 1449 1049 cum
1471 1003 1541 1049 non
1558 984 1666 1049 solum
1683 1004 1740 1051 cor

373 1096 473 1154 tuum
497 1096 616 1153 contra
641 1087 712 1173 ipsa
737 1087 917 1154 obdurasse
943 1087 1072 1169 dicaris,
1096 1088 1156 1154 sed
1180 1088 1282 1154 etiam
1312 1087 1356 1154 ad
1385 1087 1617 1154 obdurandum
1640 1090 1740 1155 corda

374 1190 537 1277 genitoris
550 1191 600 1257 tui
616 1191 747 1279 prefati,
763 1191 816 1259 cui
832 1192 953 1257 saltem
968 1191 1108 1259 deberes
1122 1212 1242 1279 pacem
1257 1192 1291 1256 in
1306 1191 1376 1257 vite
1393 1212 1450 1257 sue
1465 1212 1604 1279 vespere
1625 1193 1739 1258 sedule

374 1314 564 1382 procurare,
575 1315 707 1362 necnon
723 1302 759 1360 et
774 1295 914 1361 aliorum
931 1294 1196 1378 Flandrensium,
1218 1315 1359 1380 quorum
1374 1294 1529 1382 periculis
1544 1296 1739 1379 animarum,

374 1398 560 1485 dispendiis
573 1419 683 1465 rerum
707 1407 742 1464 et
769 1419 947 1486 corporum
969 1407 1005 1464 te
1020 1399 1156 1465 deceret
1170 1399 1361 1465 humaniter
1377 1399 1536 1485 compati,
1552 1408 1611 1466 tua
1626 1400 1739 1466 videa·

376 1502 420 1568 ris
434 1502 547 1569 studia
565 1503 782 1584 convertisse,
799 1503 899 1589 ipsos,
915 1511 953 1568 ut
969 1502 1081 1585 fertur,
1097 1502 1140 1569 ad
1155 1523 1345 1588 guerrarum
1361 1502 1495 1569 dissidia
1510 1513 1741 1590 provocanset

376 1606 552 1672 retrahens
575 1626 596 1671 a
620 1606 796 1673 dulcedine
820 1606 1070 1691 tranquillitatis
1095 1614 1130 1672 et
1154 1606 1256 1693 pacis.
1283 1606 1449 1687 Profect0,
1471 1607 1528 1688 fili,
1552 1609 1616 1674 hec
1645 1608 1741 1673 nobis

376 1710 595 1797 probabiliter
610 1698 794 1778 suaderent
804 1709 964 1796 deinceps
980 1710 1091 1795 quoad
1108 1717 1142 1775 te
1157 1732 1177 1776 a
1192 1710 1434 1777 monitionibus
1450 1718 1485 1775 et
1500 1711 1740 1778 exhortationi-

309 1877 310 1884 ,
375 1817 438 1881 bus
464 1834 566 1901 super
590 1814 655 1881 hiis
678 1814 856 1896 abstinere,
872 1813 931 1880 sed
946 1822 1085 1900 patema
1109 1815 1226 1901 pietas,
1242 1814 1286 1880 ad
1309 1814 1402 1899 cujus
1426 1814 1573 1881 officium
1597 1816 1743 1902 pertinet

309 1915 313 1930 '
376 1919 484 1985 etiam
507 1917 729 1984 renitentibus
752 1928 766 1954 ⁰
790 1917 867 1984 liliis
890 1917 1075 2003 providere,
1099 1918 1227 1984 instans
1252 1926 1287 1983 et
1313 1917 1487 1984 stimulans
1510 1927 1548 1984 ut
1574 1919 1683 1985 adhuc
1708 1919 1741 1983 in

309 2047 310 2070 t
376 2021 669 2087 continuationem
685 2031 850 2107 oportune
867 2021 1130 2108 importunitatis
1145 2022 1327 2088 debeamus
1347 2021 1534 2107 persistere,
1549 2023 1740 2089 reluctatur.

378 2124 546 2209 Quocirca
561 2123 774 2190 nobilitatem
789 2133 885 2191 tuam
900 2146 942 2191 eo
957 2125 1172 2192 affectuosius
1188 2146 1255 2211 quo
1270 2125 1381 2211 sepius
1391 2146 1577 2206 monemus
1588 2147 1742 2212 rogamus

377 2237 413 2293 et
428 2222 647 2295 exhortamur
662 2229 696 2294 in
713 2229 864 2295 Domino
880 2249 920 2295 ac
948 2232 1161 2296 obsecramus
1185 2228 1384 2316 perviscera
1399 2229 1622 2296 misericordie
1638 2231 1743 2310 Jhesu

378 2330 517 2412 Christi,
533 2332 593 2398 tihi
608 2332 846 2399 nichilominus
861 2353 943 2400 sano
959 2333 1099 2401 consilio
1126 2333 1304 2401 suadentes
1328 2332 1493 2418 quatinus,
1509 2335 1668 2418 premissa
1689 2357 1743 2402 co-

377 2435 483 2502 moda
508 2456 549 2501 ex
576 2436 754 2503 concordia
781 2446 815 2502 et
840 2438 1019 2505 incomoda
1043 2459 1085 2504 ex
1109 2437 1274 2505 discordia
1299 2444 1503 2522 proventura
1529 2439 1680 2525 cogitans
1710 2448 1745 2505 et

309 2559 311 2566 ’
378 2539 570 2626 recogitans
584 2538 769 2626 diligenter,
786 2540 829 2607 ad
844 2541 1084 2629 perficiendam
1099 2561 1219 2629 pacem
1234 2540 1431 2628 predictam,
1439 2550 1602 2627 quantum
1617 2550 1651 2608 te
1671 2552 1746 2608 tan·

379 2642 440 2728 git,
457 2651 494 2709 et
509 2642 552 2710 ad
568 2642 794 2710 inducendum
809 2644 997 2730 genitorem
1012 2652 1119 2727 tuum,
1135 2645 1265 2711 nobiles
1281 2653 1316 2711 et
1331 2644 1554 2711 comunitates
1577 2647 1746 2731 predictos

380 2756 418 2813 ut
435 2767 514 2813 eam
529 2746 707 2833 perficiant
721 2768 760 2814 ac
776 2747 972 2814 securitates
987 2748 1154 2835 predictas
1167 2750 1262 2833 juxta
1277 2748 1415 2814 modum
1434 2756 1469 2813 et
1484 2749 1625 2814 formam
1641 2751 1745 2815 nostri

381 2851 502 2939 prefati
527 2851 657 2918 consilii
683 2859 835 2938 prestent
858 2859 894 2917 et
908 2852 1056 2938 recipere
1072 2852 1230 2918 studeant
1246 2851 1334 2917 otius
1359 2852 1544 2917 accelerare
1561 2854 1696 2919 studeas
1712 2862 1747 2919 et

309 3043 311 3050 Ι
381 2956 524 3023 festinus
540 2956 690 3038 accedas,
706 2956 847 3022 sciturus
863 2956 964 3042 quod,
980 2957 1006 3022 si
1023 2958 1057 3022 in
1072 2958 1136 3023 hac
1151 2963 1246 3042 parte
1262 2954 1384 3020 nostris
1403 2954 1691 3023 exhortationibus
1707 2980 1746 3025 ac

314 3045 316 3052 ¹
380 3060 623 3127 monitionibus
635 3067 754 3145 utpote
766 3059 916 3145 ejusdem
928 3059 1088 3145 genitoris
1100 3050 1136 3126 et
1145 3068 1238 3126 tuam
1254 3059 1484 3144 dicturumque
1501 3062 1746 3127 comunitatum

380 3165 565 3232 utilitatem
587 3164 865 3250 prosequentibus
887 3165 1089 3249 acquiescas,
1113 3184 1175 3228 nos
1198 3163 1349 3229 invenies
1380 3163 1413 3228 in
1443 3164 1509 3231 tuis
1536 3166 1744 3251 oportunita-

381 3269 471 3335 tibus
486 3268 650 3355 gratiosos
665 3291 673 3348 ;
697 3268 845 3353 alioquin
868 3268 979 3335 eidem
1002 3268 1080 3353 regi,
1101 3266 1282 3333 auxiliante
1299 3267 1383 3348 Deo,
1400 3268 1591 3334 assistemus
1606 3270 1746 3336 viriliter

382 3394 421 3439 ac
436 3380 508 3438 tam
528 3371 749 3458 dispendiosis
761 3372 923 3459 periculis,
946 3394 1010 3458 que
1025 3392 1142 3458 guerre
1158 3370 1308 3458 predicte
1325 3372 1549 3438 comminatur
1563 3374 1745 3457 dissidium,

309 3487 322 3554 ’,1,
382 3475 539 3543 remediis
554 3476 742 3542 curabimus
758 3476 932 3543 salubriter
948 3477 1092 3543 obviare.
1111 3476 1237 3541 Datum
1254 3475 1313 3560 (¹).
1331 3496 1348 3537 n

309 3567 336 3659 ι’
415 3639 476 3702 Reg.
487 3638 547 3687 vat.
563 3640 617 3698 llll,
629 3652 689 3701 paru
701 3640 720 3699 I,
734 3641 752 3688 f.
765 3641 815 3697 clv,
828 3654 853 3688 n.
867 3641 962 3689 luu-
974 3641 1079 3700 Oonlon,
1091 3655 1115 3688 u.
1129 3642 1176 3688 833
1189 3641 1294 3703 (texte).

425 3832 545 3917 697.
1430 3867 1490 3910 rr
1547 3868 1581 3912 'r
1599 3870 1701 3916 murs.

325 4031 332 4044 ‚
426 3949 575 4017 Domine
592 3947 634 4014 de
663 3946 830 4014 Couciaco
849 3948 906 4032 (2),
932 3946 1079 4025 Johanni
1104 3946 1147 4013 de
1178 3947 1343 4030 Flandria,
1372 3865 1745 4037 comdi9dfamncensi,

385 4075 422 4122 ac
441 4052 598 4120 Henrico
612 4050 654 4116 de
672 4049 838 4133 Flandria,
855 4052 971 4117 comiti
999 4050 1177 4134 Laudensi,
1194 4052 1261 4117 filie
1286 4061 1320 4118 et
1347 4052 1421 4118 filiis
1439 4053 1588 4138 Roberti,
1615 4059 1747 4126 comitis

322 4167 333 4232 l
387 4158 553 4238 Flandrie,
570 4153 722 4222 scribitur
737 4163 775 4221 ut
791 4163 921 4241 patrem
937 4176 1033 4222 suum
1049 4155 1092 4221 ad
1108 4176 1227 4242 pacem
1244 4156 1414 4222 inducant.

315 4275 329 4404 .'
428 4366 445 4407 c
472 4340 606 4407 Dilecte
630 4338 663 4403 in
694 4338 829 4404 Christo
849 4338 916 4404 filie
936 4340 1039 4404 nobili
1067 4339 1196 4405 mulieri
1217 4339 1355 4406 domine
1379 4340 1421 4406 de
1440 4340 1607 4412 Couciaco
1622 4345 1642 4429 ⁶,
1668 4357 1746 4414 nate

312 4433 321 4534 1
384 4445 505 4512 nobilis
530 4443 591 4508 viri
612 4442 761 4525 Roberti,
783 4443 915 4509 comitis
943 4442 1108 4509 Flandrie.
1137 4443 1315 4529 Ingentem
1331 4445 1484 4513 desiderii
1509 4451 1613 4516 nostri
1638 4453 1746 4518 zelum

309 4575 320 4650 q·
384 4570 485 4635 quem
512 4547 556 4613 ad
579 4567 698 4633 pacem
719 4554 896 4612 tractatam
923 4545 1009 4611 inter
1032 4546 1238 4613 carissimum
1258 4548 1290 4613 in
1314 4548 1447 4615 Christo
1468 4551 1573 4618 filium
1596 4564 1746 4622 nostrum

310 4721 317 4798 ,ι
386 4651 588 4737 Philippum,
602 4670 714 4734 regem
729 4648 868 4716 Francie
884 4657 919 4714 et
935 4648 1086 4715 Navarre
1101 4650 1274 4731 illustrem,
1291 4673 1331 4716 ex
1347 4661 1441 4738 parte
1458 4675 1533 4736 una,
1549 4665 1584 4720 et
1599 4658 1746 4723 nobilem

418 4851 443 4884 a.
454 4834 667 4884 reviiiscoutibus
679 4849 729 4894 req.
741 4860 774 4867 -
786 4832 807 4881 l.
820 4834 942 4881 Cocciacu
955 4849 1005 4895 req.

421 5070 442 5116 l.
456 5069 525 5116 Pour
536 5067 562 5116 la
572 5068 640 5128 date,
653 5081 711 5130 roy.
727 5082 752 5116 n.
765 5069 819 5128 695,
832 5072 899 5118 note.
911 5071 977 5116 -1,
989 5069 1132 5117 Joonnedc
1145 5069 1263 5129 Flandrc,
1276 5072 1320 5131 qui
1333 5074 1404 5119 avait
1415 5070 1507 5136 epouse
1520 5075 1690 5136 Engucrrand
1705 5078 1748 5139 lv,

387 5152 507 5213 seigneur
517 5149 661 5214 decoucy.
1174 5164 1176 5167 ·

439 5265 544 5307 Analecta
552 5264 750 5316 variano-belgica.
764 5265 795 5307 ll.
1678 5289 1701 5324 ω
