4409 6017
836 724 994 791 Troisieme
1015 724 1117 789 annea.
1593 718 1653 783 269

311 880 435 967 petita
453 877 653 964 conquestio
668 876 758 961 quod
774 877 894 941 nobilis
909 877 959 940 vir
972 875 1148 954 Rohertus,
1161 893 1275 939 comes
1288 870 1453 953 Flandrie,
1467 893 1525 936 seu
1539 880 1657 955 gentes

308 984 398 1062 sius,
428 984 506 1069 ipso
530 982 656 1047 sciente
680 990 715 1045 et
734 989 846 1045 ratum
873 980 1031 1058 habente,
1056 978 1213 1064 precipue
1240 997 1259 1042 a
1284 982 1425 1061 quatuor
1446 973 1541 1040 annis
1565 975 1656 1055 citra,

308 1108 448 1173 :mpore
472 1106 590 1171 guerre
616 1084 702 1149 inter
725 1085 813 1150 clare
843 1082 1004 1147 memorie
1032 1080 1253 1160 Ludovicum,
1280 1078 1420 1145 Francie
1447 1088 1481 1144 et
1506 1077 1657 1143 Navarre

308 1212 414 1276 gem,
425 1199 463 1255 et
480 1188 638 1255 eumdem
654 1188 814 1254 comitem
831 1186 1025 1271 ingruentis,
1041 1206 1175 1250 necnon
1200 1193 1279 1249 ante
1295 1192 1330 1248 et
1345 1192 1423 1269 post
1438 1203 1556 1268 pacem
1572 1182 1658 1247 inter

308 1298 376 1360 lare
393 1292 562 1359 memorie
579 1291 772 1377 Philippum
787 1310 911 1375 regem,
927 1299 1058 1375 patrem
1074 1289 1155 1355 dicti
1172 1287 1344 1368 Ludovici,
1361 1295 1395 1351 et
1410 1285 1539 1352 dictum
1555 1285 1658 1352 comi-

308 1419 356 1463 em
380 1398 505 1462 initam
532 1395 697 1480 variisque
726 1394 823 1480 penis
847 1395 1007 1459 vallatam
1035 1394 1069 1458 in
1094 1393 1276 1458 violatores
1302 1390 1394 1477 pacis
1416 1389 1576 1475 ejusdem,
1599 1410 1658 1475 per

308 1501 413 1567 edem
439 1500 661 1586 apostolicam
686 1498 824 1564 diversis
851 1497 1028 1563 sententiis
1051 1517 1169 1581 graves
1194 1496 1382 1582 spirituales
1397 1501 1432 1560 et
1455 1496 1658 1579 temporales

308 1626 395 1670 enas
411 1603 666 1669 continentibus
688 1602 908 1689 promulgatis
923 1611 958 1666 et
973 1599 1331 1668 excommunicationis
1346 1618 1385 1663 ac
1401 1597 1569 1663 interdicti
1586 1618 1658 1663 sen-

308 1708 408 1774 entiis
423 1727 486 1794 per
501 1708 651 1773 locorum
668 1706 800 1771 illorum
815 1705 1001 1771 ordinarios
1025 1705 1059 1769 in
1083 1704 1175 1790 ipsos
1189 1703 1371 1768 violatores
1386 1700 1535 1787 prolatis,
1552 1708 1586 1765 et
1601 1721 1660 1785 per

308 1812 416 1879 iedem
432 1810 656 1897 apostolicam
673 1831 715 1874 ex
731 1817 822 1875 certa
838 1809 977 1876 scientia
994 1808 1199 1876 confimratis
1215 1826 1348 1873 necnon
1359 1813 1394 1871 et
1409 1804 1571 1870 similibus
1586 1825 1659 1869 sen-

310 1915 411 1981 entiis
427 1917 470 1979 ab
487 1913 608 1979 eadem
624 1912 709 1978 Sede
725 1911 759 1977 in
775 1911 884 1978 dictos
899 1914 1092 1994 violatores,
1109 1912 1188 1999 ipsis
1205 1909 1463 1976 Flaudrensibus
1478 1909 1532 1973 vel
1544 1929 1659 1973 eorum

308 2018 567 2084 ›rocuratoribus
590 2016 782 2082 volentibus
807 2024 842 2082 et
868 2018 1165 2097 consentientibus,
1192 2015 1278 2095 latis,
1299 2033 1418 2100 pacem
1444 2013 1549 2099 ipsam
1579 2033 1661 2077 ausu

308 2122 459 2206 actilego
475 2119 645 2199 violand0,
662 2130 808 2186 castrum
824 2119 867 2185 de
887 2120 1016 2202 Alechi,
1044 2120 1134 2206 quod
1149 2120 1192 2186 ad
1209 2121 1460 2184 Tomacensem
1484 2116 1659 2183 ecclesiam

308 2225 445 2308 ¹pertinet
469 2225 571 2310 pleno
583 2223 666 2308 jure,
691 2224 882 2290 invaserunt
906 2224 1072 2289 hostiliter
1086 2234 1122 2290 et
1135 2245 1197 2310 per
1220 2220 1416 2288 violentiam
1443 2230 1660 2306 occuparunt,

309 2348 362 2395 rec
384 2329 451 2394 hiis
477 2327 628 2394 contenti
655 2327 779 2394 adalia
804 2331 904 2407 bona,
920 2329 994 2393 loca
1018 2339 1053 2394 et
1076 2336 1185 2394 castra
1210 2326 1360 2413 ejusdem
1386 2324 1527 2389 ecclesie
1542 2344 1660 2388 manus

308 2433 469 2519 improbas
484 2432 718 2514 extendentes,
734 2435 897 2499 nonnulla
912 2433 1077 2514 debonis,
1092 2433 1174 2499 locis
1189 2441 1224 2498 et
1240 2435 1354 2499 castris
1376 2428 1575 2516 hujusmodi,
1590 2437 1661 2492 tam

308 2534 381 2621 ipse,
396 2558 499 2622 quam
513 2545 632 2621 gentes
643 2537 794 2623 predicte
809 2538 976 2603 hostiliter
992 2537 1184 2602 invaserunt
1200 2547 1234 2602 et
1249 2540 1338 2603 bona
1354 2538 1387 2602 in
1403 2534 1530 2600 eisdem
1546 2533 1661 2597 inven-

308 2647 465 2707 tasecum
480 2639 635 2725 nequiter
650 2649 875 2726 asportarunt,
900 2662 965 2725 que
981 2662 1084 2725 usque
1109 2642 1151 2708 ad
1177 2643 1326 2707 valorem
1348 2641 1506 2707 undecim
1531 2638 1661 2703 milium

308 2742 359 2809 lib.
375 2744 474 2830 paris.
495 2752 530 2809 et
545 2742 688 2828 amplius
712 2743 893 2809 ascendere
913 2743 1133 2810 dinoscuntur
1149 2744 1343 2831 dictumque
1365 2753 1510 2810 castrum
1524 2741 1567 2807 de
1582 2742 1662 2805 Ale-

309 2846 359 2913 chi
385 2856 509 2913 extunc
543 2845 687 2911 detinuit
716 2854 751 2911 et
779 2846 888 2913 adhuc
922 2847 1053 2913 detinet
1082 2856 1294 2933 occupatum,
1329 2849 1362 2913 in
1391 2867 1550 2932 magnum
1580 2843 1661 2910 dicti

312 2953 451 3038 episcopi
467 2959 503 3017 et
527 2949 668 3016 ecclesie
684 2951 907 3016 Tomacensis
930 2951 1149 3037 prejudicium
1166 2961 1200 3017 et
1225 2972 1416 3037 gravamen.
1440 2949 1535 3016 Idem
1560 2947 1662 3015 etiam

311 3077 426 3138 comes,
442 3055 602 3143 predictis
629 3056 819 3121 excessibus
836 3077 904 3122 non
930 3065 1121 3136 contentus
1137 3061 1198 3124 suh
1214 3066 1305 3125 certa
1328 3077 1415 3143 pena
1430 3055 1497 3121 suis
1523 3051 1664 3118 subditis

309 3160 501 3243 generaliter
517 3158 699 3224 inhibuisse
715 3158 836 3224 dicitur
851 3168 886 3224 et
903 3160 1005 3225 etiam
1022 3160 1212 3246 injunxisse,
1229 3182 1271 3225 ne
1287 3160 1361 3245 quis
1375 3180 1491 3225 eorum
1507 3158 1540 3221 in
1557 3154 1663 3222 causis

312 3265 349 3330 ad
363 3265 467 3330 sorum
492 3263 756 3329 ecclesiasticum
782 3265 1011 3348 spectantibus
1035 3265 1077 3330 de
1105 3264 1348 3332 consuetudine
1375 3266 1428 3328 vel
1451 3263 1493 3329 de
1506 3263 1589 3348 jure,
1605 3258 1663 3324 ali-

315 3388 404 3452 quem
419 3367 463 3433 de
478 3366 619 3432 subditis
634 3365 784 3451 ejusdem
797 3368 930 3432 comitis
940 3368 983 3433 ad
998 3370 1260 3436 ecclesiasticam
1273 3369 1398 3434 curiam
1409 3368 1510 3434 faciat
1520 3363 1664 3431 evocari.

315 3469 352 3537 Et
364 3472 443 3538 licet
458 3472 563 3536 etiam
587 3490 701 3535 comes
716 3469 874 3555 prefatus,
893 3472 989 3556 juxta
1011 3481 1166 3539 tenorem
1191 3473 1446 3559 compositionis
1469 3471 1548 3537 olim
1576 3470 1664 3535 lacte

314 3595 364 3661 per
385 3577 548 3643 dilectum
573 3574 677 3639 filium
701 3576 850 3641 nobilem
870 3578 1022 3644 virum..
1047 3578 1208 3645 comitem
1224 3578 1398 3657 Sabaudie,
1422 3595 1484 3662 pro
1510 3572 1664 3659 dampnis

314 3681 391 3748 datis
404 3701 465 3768 per
480 3701 557 3745 eum
573 3680 735 3765 episcopo
750 3680 955 3747 Tornacensi
972 3674 1127 3767 predicto
1142 3683 1175 3746 in
1191 3682 1310 3748 decem
1326 3682 1473 3747 millibus
1496 3680 1551 3745 lib.
1567 3678 1664 3765 paris.

315 3786 351 3850 sit
363 3785 495 3872 prelato
511 3783 671 3869 episcopo
686 3781 901 3866 Tornacensi,
919 3795 955 3849 ut
971 3786 1101 3867 dicitur,
1126 3786 1301 3870 obligatus,
1317 3795 1433 3851 tamen
1450 3784 1492 3850 de
1515 3783 1665 3869 predicta

316 3888 448 3973 pecunia
464 3886 525 3972 ipsi
541 3886 732 3952 satisfacere
749 3887 896 3953 indebite
920 3890 1095 3971 recusavit,
1120 3890 1271 3975 quamvis
1292 3911 1390 3976 super
1405 3890 1470 3954 hoc
1485 3887 1607 3973 pluries
1626 3887 1666 3950 ab

317 3992 428 4057 eodem
444 3989 544 4055 fuerit
571 3990 718 4074 legitime
743 3992 929 4075 requisitus.
955 3992 1050 4057 Idem
1074 3993 1175 4058 etiam
1191 4014 1251 4079 per
1266 4015 1301 4059 se
1317 3995 1371 4058 vel
1391 4001 1509 4077 gentes
1524 4011 1609 4069 suas,
1631 3997 1667 4052 ut

317 4094 437 4175 dicitur,
455 4095 529 4179 ipso
545 4102 659 4157 tamen
683 4094 810 4159 sciente
827 4104 861 4160 et
883 4105 992 4160 ratum
1014 4097 1170 4178 habente,
1194 4099 1236 4162 de
1262 4098 1359 4163 bonis
1375 4104 1409 4162 et
1425 4099 1522 4161 rebus
1541 4093 1584 4160 ad
1600 4094 1669 4158 dic-

317 4208 380 4263 tum
396 4197 581 4284 capitulum
597 4195 811 4263 Tomacense
834 4199 1082 4284 pertinentibus
1110 4222 1214 4285 usque
1237 4201 1280 4267 ad
1303 4204 1451 4266 valorem
1474 4200 1592 4264 decem
1607 4197 1668 4261 mi·

317 4301 389 4366 lium
404 4301 461 4365 lib.
476 4299 576 4384 paris.
593 4302 765 4384 usurpavit
780 4322 839 4366 seu
855 4302 958 4368 etiam
974 4305 1152 4389 occupavit
1168 4325 1352 4388 omnesque
1370 4304 1505 4384 fructus,
1521 4300 1669 4368 redditus

318 4418 346 4469 et
368 4411 553 4491 proventus
579 4404 793 4469 ecclesiarum
820 4414 854 4469 et
881 4408 1160 4472 monasteriorum
1192 4407 1418 4493 predictorum
1446 4409 1478 4471 in
1507 4405 1670 4472 comitatu

320 4503 465 4574 Flandrie
480 4506 714 4587 consistentes,
732 4510 787 4593 qui
798 4529 859 4594 pro
871 4511 970 4574 certis
982 4511 1077 4575 annis
1087 4512 1264 4596 preteritis,
1274 4507 1672 4576 videlicetM⁰CCC⁰Xl⁷0

321 4619 349 4675 et
367 4609 476 4691 XVl0,
502 4609 604 4695 recipi
630 4613 672 4675 ab
694 4612 821 4676 eisdem
841 4614 989 4678 ecclesiis
1004 4623 1038 4678 et
1055 4614 1267 4679 monasteriis
1290 4614 1485 4696 debuerant,
1509 4613 1672 4678 ucetiam

323 4724 437 4779 certam
464 4722 595 4798 partem
619 4715 848 4802 predictorum
873 4717 1040 4783 fructuum
1067 4729 1101 4783 et
1133 4718 1323 4783 reddituum
1353 4719 1495 4804 proximi
1523 4716 1671 4803 preteriti

325 4814 418 4882 Xllll
435 4818 525 4899 anni,
542 4820 668 4885 levavit
683 4841 743 4886 seu
758 4841 817 4906 per
833 4831 951 4906 gentes
967 4844 1042 4887 suas
1058 4824 1159 4888 levari
1182 4822 1272 4888 fecit.
1296 4822 1414 4888 Eidem
1436 4821 1672 4887 nichilominus

329 4915 497 4987 llorinensi
514 4944 576 5008 pro
603 4924 752 5008 quolibet
769 4946 868 5004 anno,
896 4926 1062 4991 dictorum
1078 4927 1235 4992 videlicet
1259 4924 1323 4990 XV
1344 4936 1378 4991 et
1393 4924 1474 4990 XVI
1499 4944 1672 5004 annorum,

332 5020 486 5090 duomilia
501 5026 556 5091 lib.
572 5028 680 5112 paris..
705 5049 744 5092 ac
760 5028 888 5113 prefate
910 5030 1022 5095 Sancti
1038 5030 1221 5095 Andomari
1252 5031 1410 5108 ecclesiis,
1437 5050 1497 5115 pro
1524 5028 1674 5112 quolibet

336 5128 498 5194 eorundem
512 5150 686 5212 annornm,
704 5148 847 5215 quatuor
862 5134 953 5197 milia
970 5134 1024 5197 lib.
1041 5135 1148 5218 paris,
1159 5134 1300 5198 ecclesie
1317 5154 1448 5217 quoque
1461 5130 1674 5196 Atrebatensi
