4409 6017
509 718 543 782 16
1050 717 1199 782 Promitte
1220 717 1322 781 annea.

550 865 629 950 52.
1493 884 1587 966 1316,
1606 901 1625 966 7
1640 884 1832 971 septembre.

554 983 719 1049 Riccardo
743 983 786 1048 de
814 982 1042 1069 Montenigro,
1070 984 1186 1069 nepoti
1211 983 1329 1061 Jacobi
1354 984 1397 1049 de
1425 984 1624 1073 Colunrpna,
1649 987 1782 1054 diaconi
1806 1009 1874 1054 car-

508 1088 636 1168 dinalia,
665 1087 834 1154 confertur
867 1088 1082 1153 canonicatus
1116 1089 1255 1154 ecclesie
1285 1088 1516 1173 Lingonensis,
1547 1093 1607 1156 sub
1638 1092 1876 1178 expectatione

509 1191 678 1278 prebende
704 1213 771 1256 uon
798 1192 1011 1257 sacerdotalis
1036 1200 1070 1256 et
1095 1192 1266 1276 dignitatis
1290 1214 1348 1257 seu
1373 1202 1571 1279 personatus
1594 1196 1649 1260 vel
1673 1195 1786 1279 officii,
1806 1218 1874 1262 non

508 1298 665 1360 obstante
695 1296 785 1379 quod
816 1296 848 1360 in
875 1295 1101 1377 Lateranensi,
1133 1295 1376 1377 Cameracensi,
1408 1296 1634 1364 Lincolniensi
1665 1306 1700 1364 et
1731 1299 1875 1366 Saresbi-

508 1400 605 1464 riensi
630 1399 776 1465 ecclesiis
798 1400 1014 1466 canonicatus
1038 1410 1072 1465 et
1095 1401 1292 1486 prebendas,
1308 1422 1347 1467 ac
1371 1403 1546 1468 ecclesiam
1568 1403 1598 1469 S.
1616 1402 1808 1468 Patemiani
1832 1404 1875 1470 de

510 1504 694 1589 Ceparano,
721 1504 885 1569 Vemlane
908 1505 1058 1584 diocesis,
1080 1506 1152 1570 sine
1175 1526 1262 1586 cura,
1287 1513 1321 1571 et
1345 1507 1506 1591 quosdam
1531 1527 1661 1573 annuos
1683 1507 1834 1574 redditus
1854 1529 1874 1573 a

508 1608 712 1673 monasterio
729 1607 900 1673 Casinensi
918 1609 946 1672 ei
964 1609 996 1672 iu
1014 1609 1213 1675 beneficium
1229 1610 1423 1694 assignatos,
1440 1611 1581 1676 obtinet.

552 1712 606 1778 Ad
624 1733 801 1797 personam
818 1722 952 1778 tuam..

553 1817 630 1882 Dat.
649 1815 801 1901 Lugduni
820 1834 837 1900 7
855 1816 897 1881 id.
914 1816 1111 1901 septembris
1126 1838 1216 1882 anno
1237 1838 1262 1883 1.

554 1920 594 1985 In
623 1943 651 1987 e.
669 1942 712 1987 nr.
730 1921 927 1986 Sanctorum
951 1919 1170 1985 Geminorum
1195 1942 1300 2008 prope
1324 1921 1484 2006 Lingonis
1502 1930 1537 1988 et
1562 1923 1871 1990 3963166616-

507 2024 665 2107 goncnsis
680 2025 842 2110 prioribus
857 2046 896 2089 ac
912 2025 1083 2110 preposito
1100 2026 1239 2090 ecclesie
1257 2024 1482 2091 Massiliensis.

542 2161 603 2220 lup.
617 2163 663 2210 av.
677 2163 699 2222 1,
712 2163 729 2210 r.
742 2165 784 2208 rur
797 2177 803 2218 ;
817 2162 875 2209 vai.
888 2163 926 2220 aa,
939 2162 957 2210 r.
971 2163 1036 2221 aaa,
1049 2175 1074 2209 n.
1088 2164 1142 2210 rra.

549 2331 630 2416 53.
1490 2344 1586 2428 1316,
1604 2361 1623 2427 7
1638 2346 1829 2432 septembre.

557 2452 759 2537 Syrnonetto
776 2449 817 2513 de
834 2447 862 2509 l'
865 2448 956 2529 illari,
967 2447 1088 2513 clerico
1105 2447 1139 2513 N
1142 2446 1248 2529 icolai,
1260 2447 1405 2533 episcopi
1422 2446 1586 2513 Ostiensis
1600 2455 1635 2512 et
1646 2446 1870 2531 velletrensis,

507 2555 677 2620 confertur
711 2553 927 2620 canonicatus
960 2552 1099 2618 ecclesie
1125 2551 1155 2617 S.
1182 2550 1348 2616 Vincentii
1378 2550 1598 2635 Senogiensis,
1622 2550 1871 2619 Cameracensis

508 2658 658 2740 diocesis,
688 2660 748 2723 sub
789 2656 1023 2742 expectatione
1061 2655 1241 2740 prebende,
1278 2676 1346 2718 non
1386 2657 1541 2720 obstante
1579 2655 1670 2739 quod
1702 2656 1870 2741 quandam

507 2762 737 2848 capellaniam,
762 2761 833 2826 sine
857 2780 944 2841 cura,
970 2760 1002 2823 in
1028 2759 1232 2824 monasterio
1252 2758 1435 2840 Corbieusi,
1459 2759 1695 2825 Ambianensis
1719 2760 1869 2843 diocesis

507 2875 541 2931 et
557 2866 731 2933 ecclesiam
746 2866 789 2931 de
807 2864 948 2946 Freung,
964 2863 1195 2929 Atrebateusis
1210 2862 1361 2944 diocesis,
1377 2884 1453 2928 cunr
1471 2883 1557 2946 cura,
1574 2862 1716 2929 obtinet.

551 2969 669 3056 Nuper
684 2978 861 3056 propter...

551 3074 630 3140 Dat.
646 3073 798 3157 Lugduni
818 3092 834 3155 7
852 3071 895 3137 id.
912 3070 1108 3157 septembris
1123 3091 1213 3135 anno
1234 3090 1260 3135 1.

550 3177 591 3243 ln
607 3198 636 3243 e.
652 3199 697 3242 m.
713 3176 823 3242 abbati
840 3174 1031 3240 monasterii
1049 3173 1255 3240 Viconiensis
1280 3182 1314 3238 et
1338 3173 1436 3259 priori
1454 3172 1556 3238 Vallis
1577 3173 1759 3239 Scolariurn
1776 3176 1872 3261 juxta

508 3280 657 3362 Montes,
688 3279 935 3345 Cameracensis
965 3279 1115 3359 diocesis,
1146 3300 1184 3344 ae
1217 3277 1393 3343 Francisco
1431 3278 1473 3342 de
1506 3276 1669 3360 Moliano,
1704 3279 1870 3345 canonico

506 3384 731 3451 Laudunensi.

538 3525 600 3586 llog.
614 3526 661 3572 Ar.
674 3525 696 3582 3,
709 3523 727 3571 f.
741 3524 785 3570 ⁴31
799 3538 804 3572 ε
818 3521 877 3569 Vnt..
890 3524 928 3580 63,
941 3522 959 3568 l.
972 3522 1038 3581 alar,
1051 3535 1076 3568 n.
1090 3523 1144 3568 776.

548 3680 630 3763 54.
1091 3687 1094 3694 ’
1487 3692 1581 3774 1316,
1600 3709 1619 3774 7
1633 3694 1825 3778 septembre.

550 3798 644 3877 Pino,
662 3797 730 3861 filio
747 3796 911 3861 Francisci
937 3796 979 3861 de
1005 3795 1238 3878 Carmignano,
1260 3796 1434 3879 capellano
1460 3793 1636 3875 Francisci,
1652 3794 1684 3860 S.
1702 3793 1812 3861 Marie
1835 3795 1868 3860 in

505 3900 685 3966 Cosmedin
716 3900 846 3965 diaconi
878 3900 1061 3979 cardinalis,
1092 3899 1260 3965 confertur
1289 3898 1505 3963 canonicatus
1536 3898 1675 3963 ecclesie
1706 3898 1737 3963 S.
1755 3898 1868 3966 Crucis

506 4004 764 4083 Cameracensis,
790 4006 850 4068 sub
877 4003 1112 4089 expectatione
1136 4002 1315 4088 prebende,
1341 4023 1409 4066 nou
1434 4004 1591 4066 obstante
1616 4002 1707 4086 quod
1731 4004 1868 4068 canoni-

505 4119 618 4177 catum
635 4109 774 4175 ecclesie
791 4107 818 4172 F
819 4108 995 4189 lorentine,
1012 4111 1071 4172 sub
1088 4107 1323 4192 expectatione
1338 4107 1518 4191 prebende,
1535 4107 1677 4173 obtinet.

548 4213 666 4299 Nuper
681 4216 724 4279 ob
740 4221 840 4280 tue...

548 4317 627 4383 Dat.
644 4316 796 4401 Lugduni
816 4335 833 4401 7
850 4317 893 4381 id.
909 4315 1107 4402 septembris
1122 4336 1211 4379 anno
1232 4335 1258 4381 1.

550 4421 588 4485 ln
618 4443 646 4486 e.
673 4443 717 4486 m.
734 4421 968 4486 archidiacono
994 4419 1153 4484 Annonie
1173 4427 1207 4483 et
1232 4417 1381 4496 Jordano
1406 4419 1448 4483 de
1476 4418 1580 4500 Pileo,
1607 4417 1866 4500 Cameracensis,

505 4547 545 4592 ac
562 4524 693 4590 Buxolo
709 4526 751 4590 de
768 4525 896 4606 Pamra,
913 4524 1134 4590 Tomacensis
1149 4523 1318 4588 canonicis
1334 4523 1556 4589 ecclesiarum.

540 4663 599 4724 ch.
614 4665 660 4710 Av.
673 4663 695 4722 i,
708 4662 727 4710 i.
741 4664 788 4714 41ὶ;
803 4662 859 4710 Vnt.
873 4665 911 4712 133.
924 4664 941 4709 l.
955 4667 1009 4714 2⁸0,
1022 4677 1046 4709 n.
1059 4665 1115 4710 aar.

546 4820 626 4903 55.
1485 4832 1580 4914 1316,
1599 4850 1617 4914 7
1633 4833 1822 4918 sipternbre.

550 4936 729 5002 Francisco
744 4937 786 5002 de
811 4935 1016 5015 Mediolano,
1033 4936 1197 5000 canonico
1222 4934 1408 5015 Leodiensi,
1433 4935 1614 5000 camerario
1637 4945 1671 5000 et
1692 4937 1867 5022 capellano

507 5040 687 5118 Guillelmi,
711 5041 742 5104 S.
766 5039 898 5105 Nicolai
923 5040 955 5104 in
980 5039 1121 5104 Carcere
1144 5038 1301 5103 Tulliano
1323 5037 1454 5103 diaconi
1480 5039 1664 5121 cardinalis,
1680 5046 1867 5105 reservatur

504 5144 674 5231 prebenda
697 5165 763 5208 non
788 5144 1001 5209 sacerdotalis
1025 5144 1057 5207 in
1081 5143 1223 5208 ecclesia
1245 5141 1433 5222 Leodiensi,
1449 5162 1516 5207 non
1540 5146 1696 5208 obstante
1718 5144 1810 5228 quod
1833 5144 1864 5207 in
