4409 6017
511 701 550 765 58
1065 699 1212 764 Premiere
1234 698 1335 764 annea.

510 859 624 915 tamen
641 850 759 936 ingrati
774 849 816 915 de
831 850 945 936 gratia,
961 850 1227 937 dampnabiliter,
1244 850 1328 916 sicut
1345 849 1456 928 fertur,
1466 846 1678 913 rediistis⁶ad
1694 846 1866 922 vomitum,

510 964 545 1020 et
560 975 677 1039 pacem
694 954 799 1040 ipsam
815 955 999 1020 temerariis
1023 956 1155 1021 ausibus
1179 954 1365 1039 infregistis,
1388 951 1507 1038 spretis
1529 950 1704 1016 sententiis
1727 959 1763 1015 et
1784 950 1867 1035 jura·

509 1069 698 1124 mentorum
709 1060 1098 1145 transgressionibusnon
1110 1059 1257 1125 attentis
1269 1057 1461 1125 Novissime
1473 1075 1562 1135 ver0,
1578 1061 1654 1139 post
1670 1055 1796 1119 multos
1805 1062 1868 1119 tur-

510 1164 605 1228 bines
621 1163 894 1248 vespertinosque
910 1184 1064 1244 merores,
1081 1186 1123 1229 ex
1145 1164 1341 1243 lustratione
1363 1160 1530 1226 rutilantis
1553 1180 1670 1226 aurore
1685 1159 1729 1225 de
1744 1158 1869 1245 superis

494 1266 634 1332 -sactum
658 1266 730 1347 suit,
754 1267 838 1332 sicut
861 1267 1045 1351 gaudenter
1066 1268 1261 1349 audivimus,
1285 1267 1375 1351 quod
1397 1266 1483 1331 inter
1504 1262 1684 1330 recolende
1708 1262 1869 1327 memorie

511 1367 729 1445 Ludovicum,
747 1370 887 1436 Francie
903 1379 937 1435 et
954 1370 1104 1436 Navarre
1119 1393 1242 1456 regern,
1258 1380 1292 1437 et
1315 1392 1385 1452 vos,
1401 1370 1443 1436 de
1458 1390 1541 1455 pace
1565 1368 1711 1433 invicem
1726 1365 1871 1432 ineunda

510 1483 544 1539 et
561 1474 732 1555 firmanda,
750 1475 811 1540 fuit
827 1485 943 1561 ceptus
959 1483 1052 1540 certo
1067 1476 1169 1541 modo
1185 1483 1354 1556 tractatus
1370 1475 1464 1557 cujus
1479 1472 1611 1537 felicem
1634 1471 1763 1536 exitum
1782 1491 1871 1535 mors

510 1579 598 1663 regia
614 1579 851 1665 superveniens
874 1579 1056 1665 impedivit,
1074 1601 1172 1664 quem
1197 1589 1310 1645 tamen
1334 1600 1410 1645 cum
1433 1577 1557 1643 dilecto
1581 1575 1649 1642 filio
1672 1575 1777 1641 nobili
1800 1575 1872 1639 viro

510 1682 674 1768 Philippo,
690 1683 769 1749 dicti
793 1683 877 1767 regis
899 1704 1067 1768 germano,
1084 1705 1185 1768 regna
1200 1684 1349 1769 predicta
1364 1691 1510 1769 regente,
1525 1681 1670 1745 letanter
1684 1680 1871 1746 audivimus

508 1808 569 1852 vos
593 1787 747 1873 prosequi
770 1787 954 1873 diligenter.
972 1787 1074 1853 Porro
1098 1788 1141 1853 ad
1165 1788 1230 1854 hoc
1254 1788 1409 1873 antiquus
1431 1784 1536 1850 hostis
1560 1785 1720 1865 innititur,
1739 1785 1784 1851 ad
1806 1786 1871 1850 hoc

509 1888 772 1975 frequentissime
791 1913 866 1957 suas
881 1892 989 1957 tendit
1005 1891 1147 1973 insidias,
1164 1892 1287 1958 adhoc
1303 1915 1338 1959 se
1354 1891 1538 1978 periculose
1555 1890 1724 1956 interdum
1740 1889 1774 1955 in
1790 1890 1872 1955 lucis

509 1996 664 2079 angelum
688 1996 908 2080 transfigurat,
940 2004 976 2060 ut
1006 2000 1177 2081 perturbet
1207 1998 1299 2084 pacis
1329 1996 1475 2077 consilia,
1507 1995 1707 2060 zizaniorum
1738 2003 1872 2080 spargat

509 2098 635 2163 semina
659 2107 693 2164 et
717 2120 828 2184 sparsa
850 2100 963 2164 foveat
986 2109 1020 2165 et
1044 2110 1230 2166 conservet.
1256 2101 1395 2187 Propter
1417 2100 1508 2186 quod
1527 2120 1597 2175 nos,
1622 2097 1723 2183 Regis
1738 2097 1870 2184 pacifici

510 2202 601 2288 cujus
625 2204 658 2268 in
683 2224 766 2289 pace
791 2204 897 2269 factus
921 2213 972 2270 est
997 2207 1099 2285 locus,
1125 2206 1204 2271 licet
1229 2206 1394 2286 immeriti,
1420 2226 1478 2271 sua
1505 2202 1722 2289 permissione
1746 2201 1870 2280 vicarii,

509 2307 637 2372 cunctis
660 2307 920 2373 christicolarum
944 2309 1052 2394 regnis
1074 2330 1113 2375 ac
1137 2309 1212 2374 fidei
1237 2310 1413 2376 christiane
1437 2307 1626 2386 cultoribus
1654 2313 1690 2370 et
1712 2304 1872 2391 precipue

510 2412 570 2497 ipsi
585 2433 687 2497 regno
703 2412 745 2477 ad
761 2414 850 2497 quod
866 2413 998 2496 originis
1013 2414 1098 2480 ratio
1114 2435 1174 2480 nos
1190 2415 1377 2500 specialiter
1392 2414 1506 2494 afficit,
1523 2410 1669 2477 aedicto
1691 2409 1821 2494 regenti
1838 2409 1870 2473 in

428 2591 430 2593 ¹
509 2536 576 2599 quo
593 2515 745 2582 Romana
761 2527 868 2581 mater
885 2516 1034 2583 Ecclesia
1050 2518 1221 2602 singularis
1237 2519 1424 2585 devotionis
1439 2514 1751 2605 promptitudinem,
1763 2522 1799 2578 et
1811 2534 1872 2579 nos

509 2620 667 2685 affectum
689 2622 874 2686 reverentie
897 2621 1004 2687 filialis
1026 2623 1199 2689 evidenter
1220 2624 1379 2709 reperisse
1395 2622 1635 2708 cognoscimus,
1652 2626 1687 2684 et
1702 2617 1754 2684 ad-
1769 2617 1871 2703 cujus

509 2729 585 2809 post
601 2722 723 2800 Deum,
740 2725 903 2808 singulare
920 2724 1110 2811 suffragium
1134 2725 1237 2791 Terra
1252 2727 1383 2806 Sancta,
1400 2723 1643 2813 expectationis
1665 2722 1764 2788 anxie
1780 2721 1872 2788 tedio

511 2825 658 2911 fatigata,
683 2826 835 2912 suspirat,
865 2827 955 2913 pacis
979 2830 1106 2895 bonum
1133 2840 1166 2895 et
1192 2831 1311 2914 quietis
1335 2830 1546 2897 dulcedinem
1570 2828 1677 2917 plenis
1701 2826 1872 2894 desideriis

510 2930 682 3016 cupientes
698 2930 868 3015 exquirere
886 2942 920 2997 ct
935 2931 1014 2998 dicti
1032 2932 1137 2999 hostis
1153 2934 1289 3000 humani
1304 2935 1442 3021 generis,
1454 2934 1560 3000 litium
1573 2933 1740 3014 amatoris,
1751 2932 1871 3019 iniquis

510 3034 542 3099 in
558 3035 621 3101 hac
636 3044 730 3122 parte
747 3036 930 3115 conatibus,
954 3058 997 3102 ne
1019 3058 1078 3123 per
1093 3037 1343 3106 distractionem
1359 3039 1504 3124 regentis
1519 3038 1619 3125 ipsius
1630 3038 1673 3104 ad
1687 3037 1778 3103 bella
1793 3036 1872 3103 ciri·

509 3138 562 3220 lia,
578 3138 666 3205 dicte
683 3138 784 3205 Terre
801 3139 921 3206 Sancte
937 3141 1117 3208 subsidium
1140 3143 1261 3209 nostris
1277 3165 1344 3209 non
1361 3142 1572 3209 mediocriter
1586 3140 1762 3207 affectibus
1779 3139 1871 3206 inhe-

508 3262 593 3323 rens,
619 3242 787 3330 impediat,
820 3245 973 3311 volentes
996 3246 1077 3311 totis
1100 3246 1223 3313 viribus
1253 3248 1411 3333 omnique
1435 3247 1565 3314 cautele
1589 3242 1700 3311 studio
1724 3242 1869 3321 obviare,

508 3346 717 3413 nobilitatem
743 3357 777 3413 et
802 3348 1034 3416 universitates
1059 3359 1186 3419 vestras
1212 3372 1397 3431 monemus,
1413 3370 1567 3436 rogamus
1590 3356 1625 3414 et
1648 3347 1822 3414 hortamur
1838 3346 1870 3412 in

508 3450 666 3532 Domino,
683 3472 765 3517 sano
781 3452 874 3519 vobis
897 3453 1036 3519 consilio
1059 3455 1237 3522 suadentes
1258 3456 1423 3542 quatinus
1447 3453 1613 3541 premissis
1636 3452 1793 3519 omnibus
1807 3451 1870 3518 dis-

509 3563 599 3622 crete
615 3557 771 3641 pensatis,
793 3557 1016 3624 rectificantes
1040 3559 1072 3623 in
1089 3571 1272 3644 conspectu
1296 3560 1432 3625 Domini
1449 3560 1517 3625 vias
1534 3565 1670 3638 vestras,
1687 3563 1870 3622 tractatum

508 3660 695 3745 predictum
731 3662 778 3726 sic
813 3661 993 3746 prudenter
1022 3664 1135 3747 sicque
1165 3663 1339 3747 diligenter
1374 3665 1528 3750 prosequi
1559 3663 1705 3747 taliaque
1741 3662 1869 3747 regenti

508 3763 625 3829 offerre
650 3763 821 3849 predictot
846 3766 976 3846 curetis,
1002 3768 1091 3850 quod
1119 3768 1187 3852 ipse
1218 3768 1390 3834 vobiscum
1416 3770 1599 3833 clementer
1624 3787 1723 3851 agere
1749 3785 1871 3831 aeros

508 3868 685 3933 admittere
701 3868 743 3933 ad
759 3890 816 3933 sue
831 3870 1059 3935 benivolentie
1069 3872 1231 3954 gremium
1243 3872 1420 3937 inclinetur
1436 3881 1470 3937 et
1482 3872 1619 3937 demum
1635 3870 1710 3955 ipso
1725 3875 1870 3935 tractatu

508 3970 630 4036 effectu
653 3982 875 4056 prosequente
898 3976 1077 4058 completo,
1094 3996 1160 4060 pax
1177 3976 1269 4041 vobis
1292 3977 1376 4041 sicut
1400 3976 1618 4041 honorificata
1640 3981 1751 4038 mater
1773 3993 1869 4039 occu·

508 4095 592 4154 renS,
609 4096 732 4140 nomen
748 4087 893 4142 vestrum
917 4077 959 4142 de
976 4078 1152 4163 impiorum
1177 4079 1345 4145 consortio
1366 4079 1476 4144 deleat
1499 4086 1533 4142 et
1557 4078 1589 4141 in
1609 4077 1776 4163 justorum
1792 4095 1870 4142 con·

508 4178 582 4244 silio
596 4189 630 4243 et
647 4180 903 4263 congregatione
924 4182 1134 4265 diligentium
1157 4182 1340 4248 Dominum
1364 4183 1470 4266 dignis
1493 4182 1645 4247 laudibus
1667 4201 1729 4246 vos
1751 4182 1868 4246 attolat

509 4302 636 4366 nosque
661 4285 715 4367 qui
742 4284 805 4350 hoc
830 4285 938 4370 ipsum
963 4295 1092 4370 gratum
1118 4286 1313 4352 habebimus
1335 4287 1515 4352 admodum
1540 4296 1574 4352 et
1598 4293 1788 4370 acceptum,
1812 4303 1869 4370 pro

509 4385 694 4465 hujusmodi
712 4397 824 4452 nostre
840 4388 1082 4454 exhortationis
1098 4390 1312 4454 exauditione
1328 4391 1461 4471 devota,
1479 4412 1538 4455 vos
1554 4388 1729 4474 apostolici
1753 4387 1867 4453 favoris

508 4490 613 4573 gratia
633 4492 785 4575 prosequi
808 4492 842 4555 in
864 4493 980 4557 vestris
1002 4493 1282 4578 oportunitatibus
1304 4495 1507 4560 inducamur.
1523 4492 1694 4577 Alioquin,
1711 4491 1737 4557 si
1761 4492 1868 4577 hujus·

509 4592 599 4670 modi
623 4603 736 4658 nostra
759 4595 899 4659 salubria
922 4596 1059 4676 monita,
1084 4596 1173 4681 qnod
1195 4599 1290 4676 absit,
1315 4598 1580 4685 presumpseritis
1603 4595 1774 4676 obaudire,
1790 4595 1867 4661 scire

508 4717 569 4760 vos
584 4698 736 4761 volumus
753 4698 841 4781 quod
857 4699 898 4764 ad
915 4701 1154 4764 relevationem
1171 4710 1203 4765 et
1220 4703 1507 4787 recuperationem
1523 4722 1621 4767 cause
1633 4700 1697 4765 Dei
1711 4721 1777 4786 que
1787 4700 1867 4765 circa

509 4799 689 4864 subsidium
705 4800 806 4864 Terre
823 4803 943 4868 Sancte
959 4813 1094 4888 propter
1112 4815 1219 4869 vestre
1244 4808 1480 4872 commotionis
1503 4827 1614 4871 amare
1637 4804 1810 4871 dissidium
1830 4825 1867 4868 ex

510 4924 574 4987 qua
590 4902 791 4968 Gallicorum
810 4907 973 4971 laudanda
988 4908 1135 4985 devotio,
1153 4910 1258 4974 crucis
1270 4910 1311 4974 ad
1328 4911 1361 4974 id
1371 4911 1541 4995 signaculo
1552 4910 1717 4995 insignita,
1729 4913 1869 4974 subven-

543 5144 568 5179 α.
581 5129 710 5179 reddiistis
721 5147 772 5189 rep.
828 5132 848 5180 h.
862 5133 976 5195 predicta
990 5150 1039 5196 rep.
