4409 6017
507 704 547 769 90
1050 708 1196 775 Premiere
1217 711 1319 777 annae.

551 854 631 921 Dat.
647 857 746 922 Avin.
764 877 780 941 5
798 857 863 922 kal.
880 857 991 943 aprilis
1006 878 1096 923 anno
1117 880 1143 925 1.

552 957 591 1023 In
605 981 633 1023 e.
647 980 690 1025 m.
705 969 741 1024 ut
755 967 867 1046 supra,
887 983 917 1025 n.
935 964 1008 1044 289.

541 1112 601 1170 nep.
617 1116 663 1161 xv.
677 1116 699 1170 a,
711 1114 729 1161 r.
742 1116 806 1162 rari:
821 1114 880 1161 rar.
894 1118 932 1169 aa,
946 1115 962 1162 r.
977 1116 1030 1173 :na
1044 1129 1069 1164 n.
1085 1117 1156 1164 raris.

553 1321 660 1403 291.
1582 1359 1677 1425 1317,
1694 1362 1712 1405 1
1730 1342 1827 1406 aurii.

552 1439 571 1516 J
574 1443 690 1523 acobo,
711 1442 764 1506 SS.
786 1439 951 1519 Jolrannis
967 1452 1001 1507 et
1019 1443 1111 1509 Pauli
1128 1445 1312 1530 presbitero
1325 1444 1494 1525 cardinali,
1510 1444 1701 1528 indulgetur
1717 1454 1869 1528 utusque

507 1544 550 1609 ad
566 1545 830 1629 quinquennium
855 1547 1023 1626 ecclesias,
1045 1548 1249 1612 monasteria
1276 1557 1310 1613 et
1335 1548 1399 1613 alia
1422 1549 1498 1614 loca
1524 1567 1564 1614 ac
1585 1568 1749 1633 personas
1770 1548 1871 1614 eccle-

507 1648 654 1714 siasticas
670 1649 959 1715 archidiaconatus
975 1651 1023 1715 sni
1042 1649 1265 1717 Bruxeliensis
1281 1652 1314 1716 in
1330 1652 1469 1717 ecclesia
1492 1650 1726 1717 Cameraceusi
1743 1670 1804 1737 per
1818 1651 1874 1716 ali·

507 1772 608 1836 quarn
625 1751 780 1818 idoneam
796 1774 973 1838 personam
990 1755 1125 1819 visitare
1141 1756 1256 1841 possit.

551 1854 688 1938 Quanto
705 1856 937 1922 Romanam...

551 1958 629 2022 Dat.
645 1959 745 2024 Avin.
762 1959 827 2024 kal.
845 1961 957 2046 aprilis
973 1981 1063 2026 anno
1084 1983 1110 2026 1.

551 2060 590 2125 Iu
615 2083 644 2126 e.
670 2083 714 2126 m.
739 2063 868 2128 decano
884 2064 915 2128 S.
933 2064 1107 2149 Gangetici
1135 2074 1168 2131 et
1193 2066 1328 2153 maioris
1345 2065 1599 2132 Cameracensis
1625 2073 1660 2131 et
1677 2064 1874 2131 Claromon-

508 2165 610 2231 tensis
626 2166 803 2251 prepositis
818 2168 1042 2233 ecclesiarum.

541 2321 602 2380 Ηυξ.
616 2324 661 2369 ΑΝ.
675 2325 696 2372 2,
710 2322 726 2370 i'.
740 2325 763 2367 ε’»
778 2338 783 2379 ;
799 2322 856 2371 vat.
869 2326 906 2380 133,
919 2325 937 2372 l.
950 2326 1004 2382 358,
1017 2340 1070 2374 cnr.
1084 2340 1109 2373 u.
1126 2328 1177 2373 luo.

554 2537 666 2620 292.
1580 2571 1677 2637 1317,
1693 2576 1713 2637 4
1732 2554 1831 2618 avril.

555 2655 694 2736 Jacobo,
722 2657 775 2721 SS.
800 2656 965 2733 Johannis
988 2666 1022 2721 et
1049 2657 1141 2723 Pauli
1167 2658 1352 2743 presbitero
1379 2657 1547 2737 cardinali,
1577 2656 1750 2722 confertur
1780 2664 1869 2722 motu

512 2761 647 2844 proprio
663 2760 826 2844 prioratus
842 2761 883 2824 de
896 2763 1072 2845 illapraco,
1089 2783 1164 2826 cum
1181 2762 1347 2827 decanatu
1363 2761 1405 2827 de
1422 2759 1587 2845 Moyraco
1603 2760 1715 2825 eidem
1731 2781 1869 2834 annexu,
1906 2811 1907 2854 3

512 2863 636 2928 ordinis
674 2863 911 2945 cluniacensis,
949 2864 992 2930 ad
1030 2864 1251 2930 Cluuiacense
1289 2865 1539 2944 monasterium,
1583 2864 1799 2949 Agennensis
1841 2873 1870 2929 et
1906 2863 1907 2869 ’

514 2965 772 3032 Matisconeusis
806 2968 986 3048 rliocesum,
1016 2969 1196 3053 pertinens,
1222 2990 1289 3034 non
1315 2971 1471 3034 obstante
1498 2967 1588 3053 quod
1672 2967 1706 3032 iu
1735 2967 1871 3034 ecclesia

511 3070 740 3222 edmeraoemi
753 3072 988 3137 canonicatum
999 3080 1033 3136 et
1043 3072 1248 3156 prebendam
1261 3082 1295 3137 et
1304 3071 1555 3137 Bruxellensem
1564 3069 1870 3137 archidiaconatum

514 3179 535 3222 o
559 3159 655 3224 tinet.

560 3262 720 3347 Exposcit
736 3272 880 3327 tuorum.
890 3313 912 3326 ..

556 3367 634 3431 Dat.
651 3365 749 3430 Asin.
765 3387 781 3429 2
800 3387 876 3432 uon.
893 3368 1004 3452 aprilis
1020 3389 1110 3432 anno
1131 3389 1156 3432 1.

558 3469 595 3533 In
613 3491 641 3533 e.
658 3492 702 3534 m.
719 3470 878 3554 episcopo
895 3468 1127 3537 Lemovicensi
1153 3480 1187 3537 et
1206 3473 1378 3557 preposito
1395 3468 1634 3536 Arinionensis
1649 3489 1689 3535 ac
1707 3468 1810 3534 Petro
1832 3469 1872 3534 de

513 3574 708 3654 Savinhaco,
725 3575 889 3639 canonico
905 3574 1118 3640 Caturcensis
1134 3576 1359 3641 ecclesiarum.

547 3729 607 3790 neg.
621 3729 667 3776 Ar.
680 3731 701 3781 2.
716 3729 732 3776 l.
747 3730 803 3776 ivel
819 3729 836 3775 i.
851 3731 891 3775 lll
907 3745 912 3778 :
928 3729 986 3776 l'at.
999 3733 1036 3783 liti,
1051 3731 1067 3778 i.
1081 3733 1147 3784 lllll,
1161 3746 1214 3778 cur.
1227 3746 1252 3778 n.
1266 3733 1319 3778 339.

558 3944 671 4030 293.
1585 3976 1680 4042 1317,
1696 3977 1717 4037 5
1734 3956 1834 4021 avril.

557 4062 738 4128 Godesrido
764 4064 805 4128 de
831 4063 992 4129 Willerais
1033 4065 1202 4129 confertur
1233 4063 1448 4128 canonicatus
1475 4062 1617 4127 ecclesie
1643 4060 1676 4126 S.
1700 4058 1876 4125 Gertrudis

514 4166 727 4239 Nivelleusis.
741 4167 934 4231 Leodiensis
949 4167 1100 4248 diocesis,
1118 4171 1177 4234 sub
1194 4167 1428 4252 expectatione
1438 4165 1618 4251 prebende,
1634 4185 1703 4230 nou
1720 4165 1877 4229 obstante

514 4270 603 4354 quod
620 4269 653 4334 iu
669 4271 809 4335 ecclesia
820 4271 850 4335 S.
863 4270 950 4335 Petri
965 4271 997 4335 in
1011 4280 1121 4337 castro
1132 4270 1351 4336 Namurcensi
1369 4269 1602 4335 canonicatum
1613 4276 1648 4333 et
1659 4265 1879 4353 prebendam,

514 4395 554 4440 ac
569 4374 810 4459 parrochialem
827 4375 1001 4439 ecclesiam
1017 4375 1059 4440 de
1075 4375 1217 4453 Archiis,
1235 4373 1431 4438 Leodiensis
1448 4380 1483 4437 et
1500 4371 1677 4437 Remeusis
1692 4370 1880 4438 diocesum.

516 4478 657 4542 obtinet.

560 4579 632 4645 Tue
648 4580 809 4645 merita...

561 4683 639 4747 Dat.
655 4684 755 4747 Avin.
772 4704 851 4749 non.
867 4685 978 4768 aprilis
994 4706 1083 4749 anno
1104 4706 1129 4748 1.

561 4784 601 4849 In
623 4807 651 4849 e.
673 4807 717 4851 m.
738 4787 897 4868 magistro
928 4786 1087 4853 Gauirido
1118 4788 1160 4853 de
1192 4786 1338 4868 Plexei0,
1364 4787 1528 4851 canonico
1561 4782 1764 4858 Parisiensis,
1792 4801 1879 4866 pape

518 4890 660 4971 notario,
683 4897 717 4955 et
743 4890 773 4955 S.
791 4891 910 4955 Albani
928 4890 1167 4956 Namurcensis
1193 4912 1233 4956 ac
1251 4890 1454 4972 RosetensiS,
1472 4886 1668 4955 Leodiensis
1691 4893 1726 4951 et
1746 4881 1878 4952 Laudu·

519 4994 630 5059 nensis
644 4993 826 5073 diocesum,
843 4994 979 5059 decanis
995 4996 1220 5060 ecclesiarum.

553 5148 612 5210 ch.
625 5151 672 5196 Ar.
685 5151 706 5207 li,
720 5149 737 5196 l.
750 5152 825 5204 23:1⁸3
840 5149 897 5196 l'at.
910 5152 947 5199 tis».
962 5151 978 5197 l.
991 5151 1057 5205 llll,
1071 5164 1095 5198 n.
1109 5151 1179 5198 2721.
