4409 6017
507 726 569 790 308
1045 725 1202 790 Troisieme
1223 726 1324 791 annea.

551 875 606 941 Ad
621 875 686 940 hoc
702 896 804 940 nos..

552 980 629 1043 Dat.
642 979 741 1043 Avin.
758 979 824 1044 kal.
840 978 968 1063 augusti
985 1000 1075 1044 anno
1093 999 1122 1063 3.

538 1142 599 1203 Reg.
612 1143 659 1189 Av.
673 1144 709 1199 12,
723 1141 741 1189 f.
754 1145 801 1189 969
812 1157 818 1197 ;
831 1140 890 1190 Vnt.
904 1142 942 1200 69,
957 1142 974 1190 f.
990 1143 1045 1201 399,
1054 1156 1079 1190 u.
1090 1143 1160 1190 lato.

550 1347 657 1430 751.
1574 1379 1670 1445 1319,
1694 1380 1714 1423 2
1738 1364 1825 1425 oortt.

548 1463 729 1530 Guillelmo
755 1464 797 1530 de
823 1464 944 1545 Auxiu,
961 1463 1076 1549 nepoti
1092 1464 1243 1545 Arnaldi,
1261 1463 1408 1549 episcopi
1425 1463 1637 1545 Albanensis,
1654 1463 1865 1529 conferuntur

506 1568 722 1634 canonicatus
747 1576 782 1632 et
806 1567 976 1653 prebenda
1008 1568 1148 1633 ecclesie
1186 1567 1435 1634 Cameracensis
1464 1575 1624 1633 vacantes
1649 1588 1709 1654 per
1740 1568 1864 1634 obitum

505 1671 681 1738 Michaelis
707 1672 749 1738 de
776 1671 982 1757 Cloquettes,
999 1693 1086 1757 pape
1102 1672 1278 1758 capellani,
1302 1673 1335 1735 in
1359 1671 1508 1757 partibus
1531 1673 1594 1738 illis
1616 1672 1776 1753 defuncti,
1800 1694 1864 1738 nou

505 1780 660 1842 obstante
676 1776 767 1860 quod
783 1777 815 1840 in
834 1776 1029 1842 Bituricensi
1041 1776 1277 1841 canonicatum
1294 1786 1328 1840 et
1340 1776 1554 1861 prebendam,
1567 1784 1602 1842 et
1614 1776 1864 1863 archipresbite-

504 1890 612 1945 ratum
628 1880 671 1946 de
684 1879 777 1964 Faya
788 1880 922 1960 Vinosa,
938 1900 1014 1946 cum
1027 1900 1115 1959 cura,
1133 1887 1167 1945 et
1183 1880 1402 1965 capellaniam
1418 1880 1460 1946 de
1477 1880 1644 1965 Scylliaco
1661 1880 1752 1966 apud
1768 1879 1865 1946 Mira·

503 1985 638 2065 bellum,
655 1983 863 2050 Pictavensis
886 1984 1038 2065 diocesis,
1064 1992 1098 2050 et
1120 1984 1355 2050 canonicatum
1371 1987 1431 2050 sub
1448 1986 1684 2070 expectatione
1699 1985 1864 2071 prebende

503 2087 536 2151 in
553 2087 693 2153 ecclesia
709 2086 746 2152 B.
765 2086 872 2152 Marie
890 2086 1028 2171 Majoris
1044 2087 1251 2154 Pictavensis
1267 2087 1408 2155 obtinet.
1571 2073 1575 2081 ¹

547 2190 640 2257 Sedis
655 2190 881 2276 apostolice...

547 2297 625 2363 Dat.
641 2296 739 2360 Asin.
757 2319 776 2379 4
793 2316 871 2361 non.
888 2295 1017 2380 augusti
1034 2316 1124 2361 anno
1142 2316 1170 2379 3.

546 2401 586 2466 ln
616 2422 645 2466 e.
669 2422 713 2464 in.
737 2399 929 2464 monasterii
964 2398 1006 2464 de
1040 2398 1167 2480 Niolio,
1202 2397 1436 2466 Malleacensis
1467 2400 1618 2482 diocesis,
1651 2410 1686 2466 et
1709 2401 1864 2468 secularis

500 2504 640 2570 ecclesie
664 2502 701 2569 B.
720 2500 827 2568 Marie
852 2500 991 2587 Majoris
1015 2501 1223 2570 Pictavensis
1249 2504 1426 2570 abbatibus
1449 2524 1489 2570 ac
1512 2503 1753 2572 archidiacono
1768 2504 1862 2572 Nan·

504 2608 645 2672 netensi.

535 2771 595 2831 ch.
608 2771 655 2816 nv.
671 2771 706 2820 12.
719 2769 736 2816 i.
752 2770 813 2824 laa;
827 2767 884 2817 Vat..
894 2772 932 2827 99,
945 2771 962 2818 f.
976 2772 1041 2828 312',
1055 2784 1080 2819 n.
1093 2773 1148 2819 997.

544 2983 654 3067 752·
1565 3018 1583 3061 1
1610 3019 1626 3060 1
1730 3003 1821 3065 aurit.

542 3100 560 3178 J
564 3099 687 3166 ohanni
704 3098 747 3164 de
763 3098 890 3177 Stratis
907 3098 1000 3165 dicto
1016 3099 1182 3180 Vannerii,
1196 3100 1319 3165 clerico
1335 3108 1370 3165 et
1386 3099 1537 3165 familiari
1555 3016 1674 3181 Minici,
1686 3014 1865 3169 {omitisse

499 3206 530 3270 S.
558 3203 662 3282 Pauli,
694 3201 862 3266 confertur
893 3203 1111 3268 canonicatus
1141 3203 1282 3269 ecclesie
1314 3204 1342 3267 S.
1361 3203 1450 3269 Petri
1480 3204 1640 3284 Ariensis,
1659 3202 1867 3271 Morinensis

500 3307 652 3387 diocesis,
670 3308 730 3370 sub
757 3306 994 3390 expectatione
1018 3308 1198 3392 prebende,
1214 3329 1283 3374 non
1309 3310 1465 3372 obstante
1488 3308 1577 3392 quod
1608 3308 1641 3373 in
1667 3310 1813 3375 ecclesia
1831 3310 1867 3375 B.

500 3410 607 3476 Marie
622 3410 664 3476 de
681 3409 829 3473 Castello
845 3408 887 3474 de
903 3410 1133 3490 Abbatisvilla,
1150 3411 1384 3477 Anibianensis
1400 3411 1552 3490 diocesis,
1564 3412 1734 3496 quandam
1753 3416 1866 3500 capel·

498 3516 622 3581 laniam
637 3520 835 3600 perpetuam
852 3515 910 3598 (ιο
926 3515 981 3579 lib.
998 3515 1113 3601 paris.)
1130 3515 1271 3581 obtinet.

542 3616 762 3704 suffragantia
778 3615 878 3684 tibi...

542 3722 620 3787 Dat.
636 3722 737 3789 Avin.
755 3744 772 3808 7
797 3724 840 3790 id.
856 3722 984 3808 augusti
1001 3743 1091 3788 anno
1109 3744 1138 3806 3.

542 3825 581 3890 In
597 3848 626 3891 e.
643 3847 687 3892 m.
699 3827 797 3912 priori
814 3828 845 3893 S.
856 3827 990 3892 Andree
1002 3828 1098 3910 juxta
1113 3824 1263 3911 blagure,
1282 3824 1485 3892 Morinensis
1497 3826 1649 3906 diocesis,
1663 3836 1697 3892 et
1709 3826 1864 3898 Xancto·

498 3930 609 3995 nensis
626 3951 664 3994 ac
683 3929 885 3996 Morinensis
901 3930 1117 3997 ecclesiarum
1133 3929 1279 3995 decanis,

531 4092 591 4153 llcg.
606 4097 651 4140 Ax.
667 4096 702 4153 12,
717 4096 733 4141 l',
749 4097 821 4151 lltiv;
836 4094 893 4144 Vat.
906 4098 944 4142 99,
959 4096 976 4142 l'.
991 4096 1044 4152 tut,
1059 4109 1082 4141 n.
1097 4097 1165 4141 [296.

542 4285 783 4367 753-754.
1543 4323 1633 4387 rzip.
1659 4325 1701 4367 ao
1725 4315 1814 4371 troiia.

544 4399 710 4485 lipiscopo
729 4400 990 4466 triadislaviensi
1006 4402 1182 4466 mandatur
1199 4419 1363 4485 quatenus
1380 4404 1516 4487 recipiat
1534 4409 1723 4490 arnagistro
1734 4410 1860 4487 Johan-

499 4524 539 4567 ne
555 4504 597 4568 de
616 4503 752 4584 Verulis,
769 4526 855 4590 pape
872 4507 1014 4586 notario,
1042 4515 1076 4570 et
1101 4504 1135 4570 N
1138 4507 1282 4571 auchero
1309 4506 1515 4573 lnnuiammi
1531 4511 1773 4595 resignationes
1790 4537 1859 4601 pre-

495 4606 679 4672 bendarum
696 4630 777 4693 quas
790 4610 823 4673 in
834 4609 1195 4675 ecclesiaCracoviensi
1207 4609 1362 4675 obtinent
1375 4621 1409 4675 et
1420 4612 1546 4678 eisdem
1556 4615 1663 4682 dictas
1673 4620 1859 4704 prebendas

492 4711 587 4794 juxta
604 4711 690 4777 hanc
707 4714 988 4798 permutationem
1015 4714 1176 4793 conferat,
1193 4735 1261 4779 non
1283 4718 1438 4781 obstante
1454 4719 1544 4802 quod
1559 4721 1717 4805 magister
1732 4722 1752 4801 J
1756 4723 1859 4790 ohan·

497 4834 556 4879 nes
571 4814 716 4881 decanus
733 4817 873 4882 ecclesie
896 4816 1085 4898 Furnensis,
1105 4816 1306 4883 Morinensis
1333 4818 1485 4902 diocesis,
1502 4823 1615 4889 existit
1637 4825 1724 4890 etin
1741 4827 1857 4892 eadem

496 4920 592 4984 acin
621 4921 783 5007 Principis
807 4924 1037 5007 apostolorum
1061 4923 1104 4986 de
1136 4922 1239 5004 Urbe,
1267 4923 1479 4991 Laudunensi
1514 4937 1548 4992 et
1582 4928 1856 5017 Conrpostellana

496 5024 644 5089 ecclesiis
669 5028 885 5090 canonicatus
912 5035 945 5089 et
973 5027 1168 5111 prebendas,
1196 5049 1235 5093 ac
1261 5028 1293 5091 in
1319 5028 1466 5111 civitate,
1483 5032 1606 5098 diocesi
1627 5044 1661 5098 et
1682 5035 1854 5121 provincia

496 5125 654 5212 Capuana
671 5132 815 5214 quedam
831 5131 994 5195 beneficia
1010 5131 1174 5217 simplicia
1190 5135 1330 5198 obtinet.
