4409 6017
868 719 1015 784 Preniere
1037 720 1140 785 annio.
1151 691 1163 740 ⁵
1635 727 1683 790 101

313 868 491 935 admiserit
523 869 566 933 ad
601 889 661 935 sue
689 868 965 935 reconsiliationis
994 869 1135 954 gratiam
1167 891 1226 956 per
1255 847 1469 949 conc’oidirtm
1506 881 1684 940 tractatam

316 975 485 1060 utrinque,
503 994 604 1060 quam
617 983 652 1039 et
673 994 733 1040 vos
748 982 783 1039 et
797 994 858 1059 per
870 975 1060 1059 juramenta
1082 996 1180 1060 super
1196 975 1261 1041 hoc
1283 957 1421 1062 prestita
1440 965 1580 1073 servare,
1592 979 1684 1069 ,sicut

319 1078 517 1160 audivimus,
541 1076 722 1143 efficaciter
747 1077 953 1164 promisistis
978 1087 1011 1143 et
1033 1098 1101 1143 non
1128 1082 1344 1146 observantes
1367 1083 1451 1147 latas
1473 1067 1683 1170 ard-vestram

320 1182 516 1249 instantiam
541 1181 726 1267 apostolica
746 1182 958 1261 auctoritate}
970 1182 1155 1249 sententias
1173 1185 1531 1252 excommunicationis
1551 1163 1732 1278 ih'''p'qi3.·3'
1764 1242 1788 1274 ·.

321 1306 427 1366 sonas,
445 1294 481 1351 et
497 1285 667 1351 interdicti
684 1286 717 1349 in
733 1286 1005 1351 terrasvoluistis
1022 1287 1197 1367 incurrere,
1219 1287 1453 1354 nichilominus
1476 1299 1589 1354 tamen
1613 1285 1684 1371 vos‘,
1837 1327 1858 1367 ‚-

321 1390 437 1475 ingrati
455 1390 499 1455 de
521 1390 637 1474 gratia,
654 1387 881 1476 postmodum,
898 1390 983 1455 sicut
1006 1390 1119 1471 fertur,
1135 1390 1283 1457 rediistis
1305 1392 1348 1457 ad
1370 1392 1547 1474 vomitum,
1563 1414 1682 1479 pacem
1765 1390 1771 1401 “

321 1496 424 1582 ipsam
440 1495 632 1581 nephandis
646 1495 779 1560 ausibus
796 1494 1023 1579 infringentes,
1040 1486 1160 1581 spretis
1176 1495 1353 1571 sententiis
1369 1505 1405 1562 et
1418 1497 1682 1582 juramentorum

322 1600 638 1686 transgressionibus
647 1620 716 1665 non
726 1598 1002 1666 attentis.Verum
1012 1599 1181 1684 quoniam,
1192 1600 1276 1666 sicut
1287 1600 1470 1685 gaudenter
1481 1601 1679 1683 audivimus,

321 1728 377 1772 vos
402 1714 588 1772 tractatum
613 1705 780 1790 quendam
806 1707 848 1770 ab
871 1704 952 1768 olim
975 1711 1185 1790 assumptum
1211 1725 1287 1769 cum
1313 1706 1491 1771 recolende
1518 1706 1680 1771 memorie

321 1809 504 1890 Ludovico,
520 1830 598 1895 rege
616 1808 755 1875 Francie
778 1818 813 1874 et
829 1808 864 1874 N
866 1829 991 1889 avarre,
1007 1808 1050 1874 de
1065 1830 1151 1893 pace
1174 1808 1280 1874 solida
1303 1807 1447 1875 invicem
1469 1809 1681 1875 reformanda

320 1916 450 1982 solicite
477 1922 717 2001 prosequentes
741 1935 816 1980 cum
844 1913 1016 1979 carissimo
1051 1914 1085 1977 in
1111 1912 1246 1978 Christo
1274 1912 1343 1977 filio
1375 1921 1492 1979 nostro
1518 1912 1684 1999 Philippo,

319 2045 499 2110 regnorum
523 2027 670 2112 ipsorum
685 2049 763 2113 rege
785 2030 914 2108 illustri,
929 2053 991 2117 pro
1014 2032 1117 2118 ipsius
1139 2033 1346 2119 perfectione
1369 2042 1532 2101 tractatus
1552 2031 1686 2100 habetis

319 2152 435 2197 coram
451 2131 526 2217 ipso
542 2152 619 2218 rege
635 2141 726 2199 certa
745 2133 800 2200 die
821 2135 964 2202 Parisios
979 2158 1183 2222 comparere,
1204 2158 1276 2219 nos,
1292 2147 1386 2202 tarn‘
1406 2137 1448 2204 de
1472 2138 1573 2223 ipsius
1589 2136 1680 2220 regni

319 2236 472 2318 Francie,
484 2238 527 2303 ad
542 2239 633 2323 quod
648 2239 782 2323 originis
797 2241 883 2306 ratio
898 2263 960 2307 nos
975 2242 1164 2327 specialiter
1179 2242 1293 2324 afficit,
1307 2263 1408 2328 quam
1431 2242 1512 2308 dicti
1536 2242 1633 2325 regis,
1651 2243 1683 2307 in

319 2362 386 2426 quo
403 2340 559 2408 Romana
571 2352 678 2409 mater
693 2345 834 2410 ecclesia
849 2346 1022 2430 singularis
1037 2346 1228 2413 devotionis
1252 2342 1553 2430 promptitudinem
1571 2352 1606 2410 et
1621 2364 1683 2408 nos

319 2448 480 2514 affectum
496 2450 684 2515 reverentie
700 2451 808 2516 filialis
823 2451 996 2518 evidenter
1011 2452 1172 2537 reperisse
1194 2453 1349 2527 letamur,
1365 2448 1480 2513 votiva
1496 2448 1680 2533 tranquilli-

319 2563 391 2621 tate
416 2577 552 2623 necnon
578 2558 621 2623 de
645 2567 755 2625 vestra
775 2559 882 2623 salute
905 2557 1037 2638 soliciti,
1053 2567 1088 2625 et
1112 2556 1349 2624 nichilominus
1374 2556 1620 2641 compatientes
1643 2575 1684 2619 ex

321 2659 450 2727 intimis
465 2659 568 2726 Terre
588 2661 721 2750 Sancte,
737 2684 803 2749 que
818 2664 861 2731 ad
880 2664 961 2730 dicti
977 2663 1062 2745 regis
1077 2673 1154 2749 post
1171 2664 1282 2729 Deum
1302 2662 1468 2746 singulare
1492 2659 1683 2745 suffragium

321 2764 570 2851 expectationis
578 2767 676 2832 anxie
687 2766 780 2834 tedio
791 2768 929 2854 fatigata
937 2768 1090 2854 suspirat,
1103 2766 1337 2835 universitates
1348 2774 1476 2834 vestras
1487 2764 1684 2845 monendas,

321 2868 490 2955 rogandas
515 2870 669 2937 duximus
695 2881 728 2938 et
755 2873 937 2940 hortandas
964 2873 995 2937 in
1023 2871 1173 2938 Domino
1188 2871 1292 2950 Jhesu
1317 2871 1461 2953 Christ0,
1483 2892 1565 2937 sano
1589 2868 1685 2935 vobis

323 2973 466 3041 consilio
491 2974 670 3042 suadentes
702 2977 866 3061 quatinus
893 2976 1061 3062 premissis
1091 2976 1247 3043 omnibus
1272 2976 1414 3043 discrete
1444 2974 1592 3062 pensatis
1622 2993 1685 3039 nec

323 3077 435 3145 minus
449 3087 584 3146 attento
599 3080 689 3165 quod
704 3081 797 3166 pacis
808 3084 945 3163 bonurn,
954 3084 1044 3147 bona
1059 3081 1237 3149 continens
1251 3081 1417 3162 universa,
1433 3088 1561 3165 quanto
1572 3077 1684 3145 utilius

323 3191 356 3249 et
386 3182 600 3251 commodius
625 3184 799 3262 indicatur,
824 3194 923 3252 tanto
945 3185 1105 3252 sincerius
1131 3194 1182 3252 est
1207 3185 1424 3272 querendum,
1451 3191 1486 3252 et
1510 3184 1684 3249 inventum

322 3288 454 3355 cautius
470 3289 745 3370 conservandum,
762 3291 849 3357 circa
865 3290 1107 3377 perfectionem
1134 3297 1297 3358 tractatus
1313 3289 1415 3377 ipsius
1431 3289 1478 3356 sic
1494 3310 1555 3355 vos
1570 3287 1684 3355 lauda·

321 3391 432 3459 biliter
447 3412 561 3476 gerere
577 3403 698 3460 ettam
713 3403 808 3479 grata
819 3404 955 3480 tamque
968 3395 1187 3483 acceptabilia
1199 3394 1309 3463 eidem
1325 3394 1393 3480 regi
1409 3394 1528 3461 offerre
1550 3392 1682 3471 curetis,

321 3496 410 3581 quod
434 3497 507 3583 ipse
530 3498 702 3564 vobiscum
719 3499 772 3585 pie
788 3521 885 3582 agere
902 3521 941 3566 ac
957 3522 1018 3566 vos
1040 3501 1219 3567 admittere
1234 3499 1340 3566 solide
1356 3499 1398 3565 ad
1414 3499 1532 3580 regalis
1546 3498 1683 3562 benivo-

322 3601 424 3667 lentie
442 3603 604 3687 gremium
622 3604 809 3669 inclinetur.
826 3605 858 3669 Si
875 3604 965 3670 enim
981 3627 1050 3670 non
1067 3614 1200 3671 tantum
1218 3605 1251 3670 in
1267 3606 1377 3670 verbis
1393 3613 1427 3669 et
1444 3604 1531 3668 fictis
1545 3603 1683 3688 applau-

322 3706 420 3786 sibus,
437 3705 499 3772 sed
514 3727 573 3791 per
588 3706 768 3773 efficatiam
785 3730 921 3793 operum
939 3731 978 3775 ea
994 3731 1058 3794 que
1075 3710 1166 3795 pacis
1181 3716 1258 3775 sunt
1280 3708 1492 3773 ostenderitis
1509 3708 1541 3771 in
1564 3706 1684 3771 vestris

322 3830 392 3876 esse
408 3810 567 3876 cordibus
582 3812 740 3892 radicata,
757 3834 821 3897 pax
839 3813 909 3897 ipsa
925 3835 990 3897 que
1013 3811 1122 3878 solum
1138 3814 1202 3878 illis
1218 3813 1426 3898 promittitur
1441 3812 1497 3895 qui
1512 3815 1600 3876 bone
1623 3831 1683 3895 per

322 3914 435 3979 omnia
450 3915 635 3979 voluntatis
650 3917 807 3993 existunt,
824 3917 920 3981 vobis
935 3917 1021 3983 sicut
1037 3916 1260 3982 honorificata
1275 3924 1383 3980 rnater
1393 3924 1543 3980 occurret
1554 3935 1681 3998 nosque

323 4018 372 4099 qui
390 4018 460 4082 hoc
476 4018 585 4102 ipsum
600 4028 730 4099 gratum
746 4020 942 4085 habebimus
958 4021 1139 4085 admodum
1156 4029 1190 4085 et
1206 4029 1393 4106 acceptum,
1410 4040 1470 4103 pro
1493 4018 1681 4101 hujusmodi

322 4131 433 4187 nostre
458 4122 702 4188 exhortationis
726 4124 939 4190 exauditione
971 4125 1107 4200 devota,
1142 4146 1203 4189 vos
1233 4124 1407 4208 apostolici
1433 4123 1554 4188 favoris
1578 4122 1683 4204 gratia

322 4227 477 4310 prosequi
499 4227 532 4290 in
555 4228 673 4292 vestris
694 4229 977 4312 oportunitatibus
999 4228 1204 4294 inducentur.
1227 4229 1385 4314 Alioquin
1413 4228 1449 4304 si,
1472 4227 1562 4311 quod
1586 4226 1682 4299 absit,

322 4328 475 4395 indurata
491 4330 538 4395 sic
554 4330 675 4396 hierint
691 4333 791 4397 corda
807 4341 917 4397 vestra
933 4340 968 4396 ut
986 4354 1045 4417 per
1059 4333 1162 4397 nimie
1184 4320 1408 4398 indevotionis
1430 4332 1537 4396 zelum
1554 4331 1585 4395 in
1604 4351 1683 4395 con·

323 4434 449 4500 tinuata
466 4434 594 4500 tamdiu
609 4435 736 4501 malitia
752 4437 943 4520 persistatis,
960 4446 1036 4521 post
1057 4436 1247 4517 huiusmodi
1269 4445 1407 4521 paterna
1429 4443 1543 4500 nostra
1566 4436 1682 4499 huma·

324 4557 428 4622 naque
447 4539 588 4615 monita,
604 4540 686 4605 scire
702 4562 762 4605 vos
783 4542 936 4605 volumus
952 4540 1042 4624 quod
1059 4540 1102 4605 ad
1118 4540 1358 4605 relevationem
1379 4546 1413 4604 et
1435 4539 1681 4625 reparationem

325 4661 417 4707 cause
447 4642 595 4720 Domini,
622 4665 686 4726 que
713 4665 781 4709 non
809 4644 927 4709 leviter
954 4644 1075 4709 leditur
1099 4644 1186 4710 circa
1213 4643 1395 4709 subsidium
1419 4642 1521 4707 Terre
1552 4642 1681 4716 Sancte,

326 4746 442 4811 nostris
458 4767 527 4810 non
552 4748 763 4812 mediocriter
779 4748 961 4813 inherentis
976 4748 1161 4825 affectibus,
1178 4748 1270 4827 cuius
1293 4769 1377 4813 onus
1398 4767 1564 4812 assumere
1581 4745 1683 4809 Galli-

328 4869 436 4914 corum
456 4850 623 4915 laudanda
638 4850 786 4928 devotio,
803 4853 909 4917 crucis
928 4852 970 4917 ad
986 4852 1018 4917 id
1034 4853 1204 4933 signaculo
1228 4852 1391 4931 insignita,
1413 4860 1551 4937 propter
1572 4859 1682 4915 vestre

330 4954 561 5018 commotionis
584 4975 695 5018 amare
717 4955 887 5020 dissidium
911 4956 1099 5041 impeditur,
1116 4977 1192 5020 cum
1208 4955 1219 4988 r
1238 4956 1351 5020 divine
1372 4958 1523 5041 potentie
1546 4952 1683 5019 brachio

356 5186 377 5216 u.
396 5177 449 5221 tarn
465 5189 574 5235 urrruqu·
594 5190 644 5234 rvp,
687 5203 695 5207 -
714 5175 735 5222 le,
749 5175 951 5237 imp-ualiturum
966 5191 1015 5237 cup.
