4409 6017
928 735 1085 801 Deuxilme
1107 734 1209 798 annee.
1693 740 1748 801 195

439 888 473 953 ln
488 910 517 954 e.
533 910 578 953 m.
595 887 707 953 abbati
723 885 917 951 monasterii
934 885 966 949 S.
984 882 1122 949 Martini
1139 882 1361 949 Tornacensis
1377 892 1411 948 et
1426 884 1555 949 decano
1572 885 1602 949 S.
1619 885 1749 970 Gange-

407 992 450 1057 rici
464 990 713 1056 Cameracensis
728 1010 767 1055 ac
782 990 954 1075 preposito
972 987 1191 1053 Massiliensis
1206 987 1431 1053 ecclesiarum.

428 1132 481 1191 aeg.
494 1134 541 1178 nv.
554 1133 577 1189 s,
590 1132 609 1177 r.
618 1132 664 1187 2⁵3
677 1130 736 1177 va.
749 1130 788 1187 cr,
800 1128 819 1175 r.
832 1130 899 1185 arar,
908 1142 933 1175 n.
948 1129 1003 1175 aas.

433 1310 551 1395 506.
1417 1325 1511 1403 1318,
1535 1343 1577 1404 23
1602 1344 1705 1387 mara.

432 1428 561 1506 Jacobo
575 1426 618 1492 de
635 1425 731 1492 Valle
755 1426 925 1492 confertur
947 1424 1164 1491 canonicatus
1187 1424 1326 1490 ecclesie
1342 1424 1374 1489 S.
1392 1423 1481 1489 Petri
1497 1425 1655 1505 Ariensis,
1674 1425 1749 1490 Mo-

403 1532 527 1596 rinensis
558 1530 710 1610 diocesis,
735 1532 796 1595 sub
823 1528 1060 1615 expectatione
1091 1526 1274 1612 prebende,
1302 1528 1569 1593 consideratione
1595 1529 1749 1615 Philippi,

403 1637 472 1721 regis
488 1634 641 1714 Francie,
656 1654 726 1698 non
742 1635 899 1699 obstante
915 1632 1006 1716 quod
1022 1632 1055 1696 in
1072 1632 1104 1696 S.
1122 1631 1305 1697 Pharaildis
1321 1630 1518 1710 Gandensis,
1530 1632 1750 1698 Tomacensis

403 1739 541 1817 diocesis,
557 1737 794 1803 canonicatum
810 1746 844 1802 et
861 1735 1066 1821 prebendam
1084 1735 1226 1800 obtinet.

434 1842 509 1908 Vite
532 1861 613 1906 ac...

435 1947 511 2011 Dat.
528 1945 629 2009 Arm.
649 1964 686 2009 10
702 1943 768 2009 kal.
784 1943 896 2032 aprilis
912 1963 1003 2008 anno
1022 1963 1051 2007 2.

437 2047 474 2112 ln
489 2069 519 2114 e.
536 2068 582 2113 m.
600 2052 763 2133 utsupra,
782 2070 813 2112 n.
830 2065 906 2127 505.

427 2193 483 2253 lteri.
496 2195 544 2240 Av.
557 2193 580 2242 9.
592 2192 611 2240 f.
624 2195 683 2243 25':
698 2190 755 2239 Vat.
768 2193 807 2250 67,
819 2192 837 2239 f.
850 2193 906 2250 254,
918 2206 943 2239 n.
952 2192 1007 2239 850.

438 2374 550 2456 507.
1421 2389 1516 2469 1318,
1539 2406 1582 2467 23
1605 2410 1708 2453 mars.

440 2490 581 2557 Nicolao
601 2489 694 2555 dicto
716 2490 806 2576 Pape
827 2490 996 2555 confertur
1023 2490 1240 2555 canonicatus
1263 2490 1402 2555 ecclesie
1418 2488 1453 2553 B.
1473 2489 1582 2555 Marie
1597 2492 1753 2556 Antwer-

408 2594 526 2678 piensis,
537 2593 787 2659 Cameracensis
802 2593 952 2673 diocesis,
969 2596 1029 2658 sub
1045 2593 1282 2679 expectatione
1294 2593 1475 2678 prebende,
1486 2594 1753 2661 consideratione

410 2695 548 2784 Philippi,
563 2698 651 2782 regis
667 2695 817 2775 Francie,
834 2718 903 2762 non
925 2699 1082 2761 obstante
1098 2697 1189 2781 quod
1205 2697 1372 2781 quandam
1388 2705 1585 2782 perpetuam
1609 2700 1753 2783 capella-

410 2801 481 2865 niam
497 2803 530 2866 in
547 2800 688 2866 ecclesia
704 2800 735 2865 S.
752 2798 771 2877 J
774 2799 915 2865 ohannis
931 2798 1130 2880 Gandensis,
1146 2798 1368 2865 Tomacensis
1383 2800 1535 2879 diocesis,
1552 2801 1693 2866 obtinet.
1773 2874 1778 2883 ,

444 2905 509 2969 Tue
532 2904 750 2990 probitatis...

443 3008 514 3073 Dat.
529 3008 633 3073 Avin.
654 3028 691 3072 10
707 3007 772 3071 kal.
789 3007 900 3091 aprilis
916 3027 1007 3072 anno
1025 3028 1053 3072 2.

442 3110 475 3177 ln
505 3134 535 3176 e.
564 3132 608 3175 m.
635 3112 665 3175 S.
691 3110 842 3194 Quintini
870 3111 903 3174 in
927 3109 1048 3191 Insula,
1072 3108 1322 3191 Novionrensis,
1346 3118 1381 3175 et
1406 3110 1436 3174 S.
1461 3109 1639 3176 Michaelis
1660 3114 1755 3197 juxta

410 3216 636 3301 Antu'erpiam,
653 3214 903 3279 Cameracensis
919 3215 1101 3295 diocesum,
1118 3214 1395 3279 monasteriorum
1418 3214 1595 3279 abbatibus
1621 3236 1660 3282 ac
1682 3238 1755 3302 pre-

409 3321 503 3401 posito
518 3318 661 3384 ecclesie
675 3317 903 3383 Massiliensis.

434 3466 486 3528 fleg.
499 3468 547 3513 Ar.
561 3468 582 3517 ll,
597 3466 614 3511 f.
628 3467 675 3514 ab:
689 3465 747 3512 l'at.
761 3467 799 3522 67,
812 3465 830 3512 f.
844 3466 897 3522 254,
912 3479 936 3511 n.
950 3465 1004 3510 851.

439 3645 558 3729 508.
1425 3660 1520 3740 1318,
1544 3679 1586 3740 23
1610 3680 1713 3723 mars,

439 3762 621 3827 Guillelmo
644 3758 687 3823 de
710 3758 918 3844 Colenghem
945 3759 1115 3824 confertur
1142 3760 1359 3824 canonicatus
1395 3760 1535 3825 ecclesie
1561 3760 1592 3825 S.
1616 3758 1755 3824 Martini

405 3864 603 3941 leodiensis,
635 3865 694 3926 sub
729 3863 967 3947 expectatione
994 3863 1176 3948 prebende,
1202 3863 1470 3927 consideratione
1496 3863 1651 3948 Philippi,
1675 3863 1761 3947 regis

406 3968 548 4048 Francie,
567 3987 634 4030 non
653 3968 809 4030 obstante
825 3967 914 4048 quod
931 3966 1100 4049 quandam
1114 3976 1311 4051 perpetuam
1329 3967 1550 4051 capellaniam
1568 3967 1599 4030 in
1617 3968 1757 4032 ecclesia

405 4072 430 4136 S.
444 4070 564 4151 Jacobi
582 4069 781 4147 Gandensis,
799 4069 1019 4133 Tornacensis
1035 4069 1189 4147 diocesis
1207 4070 1348 4134 obtinet.

440 4173 624 4241 laudabile
649 4173 922 4236 testimonium...

440 4280 518 4346 Dat.
535 4277 636 4342 Avin.
658 4297 695 4340 10
711 4275 776 4340 kal.
793 4276 905 4360 aprilis
921 4298 1011 4340 anno
1030 4297 1058 4341 2.

441 4383 480 4447 ln
506 4404 536 4446 e.
559 4402 604 4444 m.
636 4380 806 4465 preposito
836 4379 1054 4444 Massiliensis
1081 4391 1116 4443 et
1141 4380 1270 4444 decano
1295 4380 1325 4445 S.
1357 4379 1498 4444 Dionisii
1523 4400 1563 4444 ac
1587 4380 1763 4446 scolastico

407 4485 432 4550 S.
448 4485 542 4550 Pauli
560 4482 795 4548 Leodiensiunr
812 4467 1052 4547 ecclesiarum(

435 4633 492 4694 neg.
506 4634 553 4679 ΑΥ.
567 4635 589 4680 fl.
602 4632 620 4678 f.
634 4634 678 4678 2²6:
693 4632 750 4678 Vnt,
764 4633 802 4679 lli,
814 4632 830 4677 l.
844 4633 898 4688 '2:3l,
912 4646 937 4677 n.
951 4633 1005 4677 852.

450 4816 567 4897 509.
1432 4832 1527 4911 1318,
1551 4851 1593 4913 23
1617 4852 1720 4894 niara.

449 4932 571 5017 Sigerio
587 4934 680 4998 dicto
698 4932 787 4995 Paris
809 4932 978 4996 confertur
1009 4932 1226 4997 canonicatus
1248 4933 1388 4997 ecclesie
1414 4933 1444 4997 S.
1462 4933 1619 4998 Rumoldi
1648 4932 1765 4997 Maeli-

419 5034 961 5114 niensis,Cameracensisdiocesis,
973 5038 1032 5099 sub
1050 5036 1287 5121 expectatione
1304 5036 1483 5120 prebende,
1500 5036 1766 5100 consideratione

424 5129 563 5222 Philippi,
580 5139 665 5222 regis
684 5137 832 5202 Francie.
