4409 6017
904 692 1061 759 Deuxieme
1081 695 1184 760 annia
1670 697 1727 762 165

404 842 520 926 451.
1293 858 1406 944 [1317,
1423 879 1464 923 10
1481 859 1683 944 novembre}

400 960 564 1040 Scabinis,
580 961 851 1046 burgemagistris
878 970 913 1025 et
940 960 1205 1027 comunitatibus
1226 960 1384 1027 Flandrie
1411 963 1565 1028 scribitur
1589 964 1623 1027 in
1648 985 1728 1029 eun-

356 1063 434 1128 dem
451 1064 593 1130 modum
609 1065 652 1129 de
667 1064 792 1150 treugis
808 1065 895 1129 inter
912 1063 1109 1145 Robertum,
1126 1065 1286 1131 comitem
1301 1065 1467 1147 Flandrie,
1480 1075 1514 1132 et
1526 1067 1727 1153 Philippum,

358 1186 472 1252 regem
491 1166 520 1231 F
521 1169 643 1234 rancie.

401 1380 577 1446 «Dilectis
593 1380 668 1446 filiis
682 1381 837 1460 scabinis,
853 1382 1123 1466 burgemagistris
1143 1402 1276 1447 necnon
1305 1383 1568 1449 comunitatibus
1593 1392 1628 1449 et
1654 1385 1727 1449 nni-

359 1484 573 1549 versitatibus
587 1486 741 1550 villarum
757 1492 793 1549 et
808 1486 961 1551 locorum
977 1485 1159 1551 comitatus
1177 1484 1344 1552 Flandrie.
1370 1485 1498 1567 Nostis,
1516 1488 1581 1565 filii,
1598 1508 1674 1553 cum
1692 1496 1727 1553 et

359 1585 388 1650 in
405 1587 503 1652 vobis
521 1590 633 1653 locum
648 1588 775 1654 latendi
793 1609 860 1653 non
877 1589 1002 1654 habeat
1017 1597 1114 1653 tante
1132 1590 1282 1655 veritatis
1298 1590 1452 1671 essentia,
1465 1599 1590 1675 quante
1606 1592 1727 1658 sollici·

358 1692 481 1757 tudinis
496 1694 611 1759 studio
627 1704 822 1779 quantaque
849 1715 909 1780 per
936 1715 998 1759 nos
1019 1694 1116 1761 fuerit
1144 1697 1333 1761 laboratum
1358 1696 1528 1776 instantia,
1544 1703 1582 1760 ut
1607 1696 1726 1781 dirige-

358 1806 470 1860 rentur
486 1797 522 1861 in
539 1798 594 1862 via
610 1798 750 1883 pacifica
765 1819 896 1883 gressus
922 1799 1025 1864 vestri
1037 1808 1061 1879 ⁰,
1085 1799 1298 1864 dissidiorum
1323 1798 1566 1863 incomoditate
1591 1801 1725 1884 rejecta.

357 1899 584 1967 Attendentes
621 1909 678 1967 etc.
710 1910 747 1967 ut
778 1908 892 1988 supra,
928 1903 1035 1966 verbis
1069 1908 1282 1990 competenter
1311 1903 1458 1981 mutatis,
1496 1924 1600 1986 usque
1630 1903 1725 1969 Licet

358 2011 467 2068 autem
484 2004 709 2070 verisimiliter
734 2026 942 2092 speraremus
966 2006 1057 2091 quod
1084 2005 1157 2071 Rex
1184 2006 1240 2070 ille
1271 2004 1439 2090 pacificus,
1465 2007 1558 2092 cujus
1582 2008 1615 2071 in
1641 2029 1724 2093 pace

360 2103 462 2171 lactus
486 2117 539 2172 est
563 2110 666 2189 locuS,
690 2109 737 2174 sic
759 2109 860 2174 corda
883 2118 993 2174 vestra
1016 2110 1072 2194 pio
1096 2129 1157 2174 suo
1180 2108 1284 2193 digito
1300 2108 1476 2192 tetigisset,
1493 2119 1529 2174 ut
1546 2131 1605 2195 per
1627 2111 1724 2176 semi-

358 2222 405 2276 tas
428 2214 524 2300 pacis
546 2224 603 2280 etc.
622 2236 725 2298 usque
739 2215 950 2300 percepimus
971 2235 1033 2280 vos
1055 2214 1144 2300 apud
1156 2212 1168 2248 ⁶
1182 2234 1296 2299 regem
1319 2212 1426 2298 ipsum
1445 2220 1502 2277 etc.
1525 2234 1630 2297 usque
1644 2222 1697 2280 tot
1714 2225 1725 2250 ⁶

357 2320 575 2386 difficultates
596 2319 748 2384 habeatis
777 2320 947 2405 ingerendi
974 2313 1150 2384 materiam
1174 2316 1264 2383 unde
1286 2338 1347 2383 vos
1363 2316 1617 2383 iniincomoda
1632 2319 1725 2385 dissi-

355 2424 488 2491 diorum
504 2431 653 2508 experta,
669 2423 761 2508 pacis
777 2424 911 2510 abjecto
927 2423 1078 2503 consilio,
1095 2423 1143 2488 sic
1159 2422 1303 2488 ultronei
1328 2420 1531 2487 immittatis.
1549 2420 1725 2507 Numquid

356 2549 424 2593 non
440 2525 621 2592 attenditis
636 2526 727 2611 quod
743 2547 803 2613 per
818 2528 881 2593 hec
896 2527 1083 2612 aggravatis
1105 2526 1335 2613 multipliciter
1359 2545 1493 2592 causam
1521 2534 1667 2590 vestram
1690 2536 1725 2593 et

356 2633 449 2697 illum
466 2631 571 2695 etiam
588 2640 705 2699 contra
720 2652 781 2696 vos
796 2632 998 2717 provocatis,
1015 2632 1070 2716 qui
1086 2634 1204 2696 beatos
1220 2652 1293 2696 esse
1314 2630 1403 2694 viros
1426 2630 1584 2715 pacificos
1608 2632 1724 2697 asserit

355 2745 388 2801 et
404 2742 442 2800 ut
460 2734 526 2798 Dei
543 2742 708 2799 vocentur
723 2735 779 2799 filii
804 2736 1034 2821 repromittit?
1056 2743 1112 2800 etc.
1131 2757 1235 2819 usque
1254 2740 1492 2800 accurramus?
1509 2732 1637 2815 Nolite,
1655 2735 1721 2815 lilii,

355 2837 396 2902 de
410 2838 651 2924 preteritorum
667 2838 935 2904 consideratione
957 2838 1135 2918 confidere,
1158 2838 1217 2903 sed
1240 2837 1359 2903 timete
1383 2838 1495 2922 potius
1521 2836 1722 2923 indubieque

353 2951 471 3007 tenete
495 2941 587 3027 quod
602 2961 671 3006 non
686 2949 743 3007 etc.
761 2948 914 3029 utsupra
931 2965 1035 3027 usque
1048 2941 1251 3007 sublimabit.
1269 2940 1423 3006 Vestrum
1439 2940 1553 3025 itaque
1574 2941 1722 3006 animum

355 3044 575 3109 habilitantes
596 3044 638 3110 ad
660 3064 789 3130 pacem,
807 3066 1016 3131 quecumque
1038 3046 1128 3111 illam
1152 3047 1345 3130 perturbare
1365 3043 1534 3108 valentia²
1556 3044 1722 3109 laudanda

354 3147 550 3212 constantia
565 3147 748 3213 declinetis.
766 3148 928 3231 Quamvis
952 3149 1041 3213 enim
1057 3150 1113 3214 ubi
1130 3148 1234 3213 etiam
1251 3149 1360 3213 solum
1373 3155 1520 3211 restrum
1537 3156 1722 3212 verteretur

353 3250 541 3335 periculum
557 3259 624 3329 etc,
641 3252 747 3314 verbis
763 3257 977 3337 conpetenter
993 3254 1139 3331 mutans,
1157 3273 1261 3336 usque
1283 3250 1447 3334 Quocirca
1469 3249 1722 3315 universitatem

353 3363 502 3419 vestram
520 3353 692 3418 hortamur
707 3362 742 3419 et
758 3357 971 3420 obsecramus
998 3356 1031 3420 in
1048 3355 1198 3420 Domino
1222 3353 1326 3431 Jhesu
1354 3353 1498 3433 Christo,
1523 3374 1605 3419 sano
1628 3355 1723 3420 vobis

354 3458 498 3522 consilio
514 3456 694 3521 suadentes
711 3466 767 3522 etc.
790 3480 894 3542 nsque
909 3459 1082 3540 habentes
1099 3457 1141 3522 ad
1158 3465 1305 3522 nostram
1322 3457 1524 3541 presentiam
1537 3456 1721 3521 destinetis.

354 3561 430 3627 Nos
458 3560 550 3625 enim
581 3580 658 3623 curn
688 3561 854 3644 regalibus
884 3570 918 3626 et
945 3561 1059 3627 dilecti
1088 3562 1145 3624 filii
1173 3559 1295 3625 nobilis
1321 3560 1380 3623 viri
1408 3559 1558 3638 Roberti,
1590 3560 1723 3626 comitis

354 3664 525 3743 Flandrie,
541 3662 593 3729 cui
616 3662 737 3727 exinde
761 3665 934 3730 scribimus
950 3667 1008 3749 (1),
1025 3665 1210 3749 vestrisque
1236 3663 1361 3729 nuntiis
1386 3664 1491 3749 parati
1520 3664 1641 3728 erimus
1665 3671 1722 3728 etc.

353 3778 391 3834 ut
406 3775 522 3855 supra.
539 3767 619 3830 Dat.
636 3773 823 3853 utsupra.»

386 3908 448 3969 ch.
461 3907 522 3957 vat.
539 3910 591 3967 109,
602 3909 619 3956 f.
631 3911 670 3966 99,
683 3924 708 3957 n.
724 3908 777 3955 llr'».
803 3935 822 3941 -
832 3908 938 3960 Conlon,
951 3923 976 3955 u.
992 3909 1039 3954 436
1050 3907 1155 3967 (texte).

397 4082 515 4162 452.
1281 4092 1393 4178 [1317,
1412 4113 1452 4156 ro
1471 4090 1674 4176 rzooembrr]

400 4199 546 4265 Indictio
558 4207 748 4284 treugarum
762 4202 847 4263 inter
860 4197 1060 4282 Philippum,
1071 4218 1183 4280 regem
1198 4195 1345 4271 Francie,
1357 4205 1392 4260 et
1409 4194 1605 4275 Robertum,
1619 4195 1721 4259 comi-

356 4313 425 4367 tem
446 4301 612 4377 Flandrie,
629 4302 791 4387 usquead
808 4303 934 4365 instans
949 4301 1070 4365 festum
1089 4299 1350 4365 Resurrectionis
1366 4298 1555 4364 Dominice.
1783 4288 1787 4295 ⁵

400 4520 415 4552 a.
434 4491 489 4555 Ad
507 4490 651 4555 suturam
666 4491 712 4554 rei
728 4490 933 4553 memoriam.
952 4488 1210 4571 considerantes
1233 4487 1394 4551 attentius
1417 4507 1436 4550 a
1459 4497 1572 4550 nostre
1588 4506 1721 4569 promo-

356 4595 457 4659 tionis
481 4593 646 4658 exordiol
657 4603 740 4677 quot
762 4605 796 4657 et
820 4601 945 4677 quanta
968 4591 1149 4676 dispendia,
1167 4612 1231 4674 que
1255 4591 1439 4654 animarum
1462 4589 1618 4674 pericula,
1641 4608 1721 4669 quas

388 4782 552 4840 ‹ntuireyf
591 4778 718 4840 bimaris.
764 4783 948 4835 -‹·.totast·r·q.
971 4806 982 4809 -
1017 4775 1259 4838 ‹l.i11mnnqm·r‹p.
1285 4773 1532 4831 -vrzvolcntiar-ap.
1560 4770 1721 4831 ··s.oxcidio

362 4876 400 4921 ΗΥ]
404 4899 409 4908 ,

397 5130 418 5176 l.
429 5128 491 5189 l'oy.
502 5144 526 5178 u.
543 5132 597 5177 450.
