4409 6017
898 737 1055 803 Deuxiltme
1076 738 1178 802 annio.
1663 747 1722 811 245

411 891 518 977 632.
1344 906 1438 986 1318,
1457 908 1679 993 [septembre.

409 1008 599 1090 Gaucelmo,
615 1010 670 1075 SS.
688 1007 876 1074 Marcellini
893 1015 928 1072 et
945 1006 1033 1070 Petri
1055 1006 1251 1091 presbitero,
1268 1015 1302 1073 et
1320 1007 1421 1090 Luce,
1439 1010 1470 1075 S.
1489 1008 1595 1075 Marie
1610 1010 1640 1074 in
1662 1010 1723 1076 Via

403 1121 429 1177 ta
443 1114 585 1179 diacono
600 1113 831 1194 cardinalibus,
848 1112 1033 1198 apostolice
1049 1111 1144 1177 Sedis
1160 1112 1299 1193 nunciis,
1315 1123 1523 1178 renovantur
1538 1114 1648 1178 littere
1664 1135 1724 1199 per

403 1236 443 1280 ras
456 1219 515 1281 sub
531 1216 586 1281 die
602 1216 645 1282 id.
661 1217 770 1282 martii
787 1238 878 1282 anno
893 1216 1002 1302 primo
1018 1216 1064 1299 (¹)
1084 1215 1333 1281 concedebatur
1350 1219 1398 1281 eis
1418 1216 1559 1283 facultas
1579 1216 1723 1283 faciendi

406 1319 504 1405 cipere
521 1320 554 1383 in
572 1319 603 1384 S.
622 1318 758 1384 Firrnini
773 1319 1020 1400 Ambianensis,
1036 1318 1068 1383 S.
1085 1317 1222 1384 Liffardi
1238 1320 1280 1385 de
1298 1319 1482 1406 MagdunO,
1502 1320 1533 1384 S.
1549 1319 1664 1384 Amati
1681 1319 1723 1385 de

405 1443 486 1503 uaeo,
503 1424 534 1489 S.
552 1422 642 1487 Petri
668 1422 851 1489 Insulensis
877 1432 912 1488 et
928 1422 960 1488 S.
977 1422 1161 1487 Donatiani
1190 1422 1368 1507 Brugensis
1393 1423 1552 1503 ecclesiis,
1574 1424 1724 1488 Aurelia-

403 1526 479 1605 rnsis,
506 1526 739 1591 Atrebatensis
764 1533 798 1591 et
823 1524 1046 1591 Tornacensis
1079 1523 1264 1606 diocesum,
1291 1526 1440 1610 singulos
1467 1525 1606 1591 clericos
1639 1545 1723 1609 quos

403 1631 532 1711 sabellis,
548 1631 663 1715 regina
679 1630 810 1715 Anglie,
821 1630 953 1696 duxerit
969 1627 1215 1708 nominandos;
1233 1650 1309 1695 cum
1326 1630 1451 1716 priores
1467 1629 1577 1694 littere
1593 1628 1723 1713 perdite

404 1732 492 1798 erint.

413 1835 540 1902 Dudum
556 1836 599 1902 ad
615 1836 927 1923 supplicationem...

415 1937 483 2005 Dat.
499 1940 600 2005 Arin.
617 1939 682 2005 kal.
699 1939 897 2024 septembris
913 1959 1003 2004 anno
1020 1960 1048 2004 2.

406 2087 456 2150 llog.
469 2091 525 2138 l'at.
542 2093 581 2146 iffi,
594 2092 612 2140 f.
624 2095 662 2151 δι’),
677 2105 701 2138 n.
716 2093 785 2139 llul.

448 2250 451 2253 ⁴
468 2250 746 2260 ——-.—.-.—
780 2255 902 2261 .-.-.-.
911 2256 958 2260 --.
975 2256 1004 2260 .-,-
1017 2256 1057 2260 ...-

409 2362 424 2409 1.
435 2362 496 2424 l'oy.
508 2379 534 2414 n.
555 2365 611 2414 273.
