4409 6017
1078 697 1225 763 lluitilmc
1246 695 1348 761 annia.

535 843 645 923 cessit,
661 841 765 923 dedit,
781 840 936 906 liberavit
960 847 995 905 et
1021 837 1199 919 concessit,
1226 838 1387 904 nonnulle
1413 837 1524 903 littere
1551 835 1686 922 sigillis
1713 838 1876 906 soebinnu

537 946 778 1026 Alostensium,
798 942 1051 1011 Cameracensis
1065 941 1218 1023 diocesis
1243 940 1396 1027 sigillate,
1411 941 1562 1008 diversas
1586 942 1878 1028 pecuniarum

536 1071 609 1116 mas
634 1049 727 1116 dicto
751 1048 939 1115 Benedicto
965 1048 1103 1133 ejusque
1127 1046 1227 1113 sociis
1250 1067 1310 1134 per
1337 1045 1491 1113 homines
1514 1055 1553 1112 et
1569 1044 1719 1115 incolas
1733 1048 1819 1116 decl

535 1154 625 1221 dicte
651 1153 805 1236 diocesis,
821 1162 856 1219 et
879 1154 1006 1219 multos
1030 1151 1115 1218 alios
1128 1150 1260 1218 debitas
1275 1150 1500 1232 continentes,
1515 1149 1593 1232 tibi,
1611 1151 1677 1219 cui
1695 1173 1777 1220 com

535 1256 705 1324 debitores
719 1266 754 1324 et
769 1257 879 1324 socios
894 1256 976 1323 dicti
992 1253 1169 1322 Benedicti
1185 1254 1228 1321 ad
1243 1253 1443 1322 solvendum
1458 1253 1550 1321 eain
1567 1255 1707 1340 quibus
1730 1265 1790 1323 ten

535 1361 645 1428 eidem
674 1369 709 1427 et
732 1360 914 1448 recipiendi
936 1360 993 1426 illa
1012 1380 1052 1427 ac
1075 1358 1119 1425 de
1145 1359 1290 1445 receptis
1319 1357 1470 1443 quitandi
1497 1360 1728 1428 concessisse
1754 1381 1812 1449 per
1857 1360 1864 1373 '

535 1474 666 1533 nostras
690 1465 772 1532 certi
799 1464 927 1531 tenoris
951 1464 1080 1529 litteras
1102 1470 1310 1550 potestatem
1325 1460 1552 1543 meminimus,
1570 1462 1725 1532 suerunt
1745 1465 1880 1552 assignate

533 1570 683 1657 prefatus
697 1577 811 1636 tamen
827 1568 943 1635 asserit
960 1566 1163 1634 Benedictus
1178 1566 1270 1652 quod
1279 1586 1399 1633 omnes
1410 1586 1540 1633 summe
1554 1575 1739 1636 contente
1748 1569 1783 1636 in
1793 1568 1880 1636 eisdrs

533 1673 653 1739 litteris
680 1693 740 1760 per
764 1672 934 1739 debitores
958 1672 992 1737 in
1019 1671 1083 1737 illis
1107 1691 1284 1757 expressos
1313 1669 1518 1756 integraliter
1543 1690 1620 1737 non
1648 1672 1829 1755 debentur,
1844 1691 1881 1738 nat

531 1778 767 1864 assignationis
781 1776 933 1865 predicte
948 1784 1102 1862 tempore
1119 1775 1335 1855 debebantur,
1352 1774 1411 1841 sed
1423 1795 1464 1839 ex
1479 1774 1528 1841 eis
1551 1784 1682 1861 partes
1707 1780 1818 1866 alique
1834 1785 1883 1845 m

532 1893 567 1948 et
583 1883 715 1950 fuerant
730 1890 829 1948 antea
844 1883 1026 1968 persolute,
1042 1900 1246 1964 quamquam
1262 1880 1353 1945 nulla
1370 1878 1451 1945 fides
1466 1878 1527 1945 tibi
1544 1879 1608 1946 fiat
1623 1902 1699 1950 nec
1709 1882 1883 1951 sactaiuent

531 1987 594 2055 nisi
603 2008 663 2074 per
672 1986 775 2073 ipsius
791 1984 967 2051 Benedicti
983 1984 1183 2050 relationem
1199 1983 1398 2070 simplicem,
1414 1982 1456 2049 de
1471 1983 1716 2056 solutionibus
1724 1987 1882 2062 antedid'n

531 2113 634 2179 quare
661 2091 704 2157 de
730 2098 844 2156 nostra
871 2088 1062 2155 intentione
1086 2107 1186 2173 super
1208 2087 1282 2169 hiis,
1294 2095 1329 2153 et
1345 2087 1371 2154 si
1387 2086 1490 2154 stabis
1505 2107 1610 2174 super
1626 2091 1802 2176 predictis
1813 2109 1882 2158 asn-

530 2196 614 2264 tioni
632 2194 774 2283 predicti
790 2192 965 2260 Benedicti
982 2193 1109 2277 absque
1133 2191 1387 2278 probationibus
1413 2190 1497 2270 aliis,
1513 2209 1533 2256 a
1548 2194 1658 2261 nobis
1688 2195 1781 2264 effici
1797 2195 1882 2263 certic

530 2300 719 2388 postulasti.
747 2296 822 2365 Nos
848 2305 974 2377 autern,
998 2295 1163 2361 relatione
1200 2295 1302 2381 ipsius
1339 2294 1515 2363 Benedicti
1549 2296 1678 2364 audita
1713 2320 1816 2388 super
1836 2297 1883 2376 hit

529 2403 754 2470 verisimiliter
768 2401 966 2468 estimantes
981 2398 1072 2485 quod
1087 2399 1170 2487 ipse,
1186 2399 1243 2485 qui
1258 2419 1320 2486 pro
1335 2401 1442 2467 salute
1457 2399 1571 2467 anime
1597 2421 1666 2468 sue
1691 2403 1882 2472 donationes

531 2509 649 2575 fecisse
664 2508 851 2596 predictam
866 2504 1026 2585 noscitur,
1043 2502 1131 2570 circa
1146 2503 1237 2568 illam
1249 2503 1282 2568 in
1293 2504 1405 2569 anime
1415 2524 1474 2572 sue
1485 2503 1684 2591 perniciem
1696 2508 1804 2576 nichss
1813 2507 1883 2576 diod

529 2614 685 2679 volumus
712 2609 804 2697 quod
827 2629 926 2696 super
949 2607 1172 2675 solutionibus
1195 2606 1396 2690 hujusmodi,
1421 2628 1504 2693 quas
1531 2607 1608 2695 ipse
1634 2611 1755 2679 factas
1778 2617 1882 2684 asseret

531 2716 647 2783 credas
662 2717 787 2800 absque
803 2711 1058 2801 probationibus
1073 2711 1148 2778 aliis
1163 2711 1312 2796 ejusdem
1338 2710 1515 2779 Benedicti
1540 2712 1731 2799 relatibus,
1749 2723 1883 2785 coramt

530 2827 625 2886 extra
637 2829 651 2854 ⁶
662 2817 826 2905 judicium
840 2816 976 2904 proprio
987 2816 1182 2901 juramento
1204 2814 1385 2897 firmandis,
1400 2822 1436 2880 et
1459 2814 1614 2899 demum,
1629 2819 1816 2889 satisfacto
1835 2817 1884 2896 uti

529 2932 645 2991 nostro
661 2931 696 2989 et
711 2920 851 2989 ecclesie
866 2919 1017 3008 predicte
1032 2919 1181 3001 nomine,
1197 2917 1260 2986 nisi
1273 2919 1343 3004 iam
1359 2919 1568 2987 satisfactum
1580 2920 1705 3006 firerit,
1718 2922 1885 2993 desummis

525 3028 621 3113 juxta
635 3025 834 3094 relationem
849 3024 1039 3110 hujusmodi
1054 3023 1258 3090 restantibus
1273 3023 1316 3089 ad
1331 3022 1541 3105 solvendum,
1557 3024 1704 3094 litteras
1727 3028 1817 3116 ipsas
1834 3024 1884 3094 red

528 3132 588 3198 das
613 3131 820 3198 debitoribus
845 3139 880 3195 et
905 3129 996 3215 ipsos
1019 3128 1130 3213 quites
1154 3128 1258 3194 etiam
1281 3127 1323 3194 de
1346 3128 1473 3209 solutis,
1489 3148 1560 3194 non
1579 3133 1754 3200 obstante
1770 3131 1883 3219 quodir

528 3235 708 3321 majoribus
724 3232 863 3300 summis
878 3252 937 3318 per
952 3232 1040 3317 ipsas
1067 3231 1196 3297 litteras
1211 3239 1395 3318 appareant
1411 3231 1559 3318 obligati.
1581 3232 1731 3319 Rursus,
1744 3259 1821 3305 curn
1834 3255 1884 3324 pre

528 3338 615 3404 fatus
631 3338 837 3404 Benedictus
852 3335 1022 3402 sexdecim
1033 3335 1089 3401 lib.
1098 3355 1202 3421 gross
1212 3343 1276 3401 tur.
1286 3336 1426 3421 argenti,
1436 3356 1518 3420 quas
1530 3356 1600 3402 una
1613 3358 1700 3405 cum
1712 3340 1884 3427 quibusdan

527 3443 599 3509 aliis
625 3442 774 3524 surnmiS,
803 3463 843 3507 ex
871 3440 1109 3507 commissione
1133 3461 1192 3526 per
1218 3447 1253 3505 te
1280 3440 1340 3507 sibi
1366 3441 1465 3520 sacta,
1490 3454 1677 3529 receperat
1704 3466 1727 3512 a
1754 3441 1884 3533 predict

527 3548 733 3615 debitoribus
758 3546 801 3613 de
829 3548 960 3627 Alost0,
986 3566 1111 3630 eosque
1137 3553 1255 3612 nostro
1279 3552 1314 3610 et
1342 3546 1484 3612 ecclesie
1508 3547 1670 3633 predicte
1700 3547 1883 3618 nominede

526 3653 652 3718 eisdem
669 3653 867 3738 quitaverat,
883 3650 943 3716 tibi
961 3671 1029 3716 non
1045 3650 1177 3716 duxerit
1193 3650 1420 3734 assignandas,
1436 3650 1494 3716 sed
1518 3651 1638 3736 potius
1668 3654 1810 3724 dilectis
1831 3651 1884 3720 filii·

525 3754 545 3833 J
548 3756 673 3822 ohanni
690 3755 732 3822 de
750 3754 970 3821 Montaniaco
986 3763 1021 3819 et
1048 3752 1066 3831 J
1071 3753 1195 3819 ohanni
1220 3754 1262 3819 de
1288 3752 1518 3834 Montaniaco,
1534 3754 1609 3840 ejus
1632 3760 1773 3846 nepoti,
1789 3757 1883 3827 castel·

526 3860 605 3926 lano
620 3859 661 3926 de
680 3858 911 3940 Montaniaco,
928 3857 1126 3924 Leodiensis
1138 3857 1149 3891 ⁶
1163 3857 1308 3923 diocesis
1321 3859 1378 3942 (ι),
1395 3858 1512 3944 quibus
1528 3857 1561 3923 in
1580 3858 1689 3929 dictis
1705 3861 1790 3931 Xt'l
1806 3862 1883 3931 libris

525 3965 625 4032 certis
651 3986 692 4030 ex
719 3965 836 4045 causis,
865 3963 1031 4050 obligatus
1056 3963 1227 4045 extiterat,
1254 3962 1504 4050 persolvendas
1531 3965 1700 4035 volumus
1732 3977 1769 4036 et
1794 3970 1883 4057 placet

524 4069 632 4151 nobis,
648 4090 689 4135 ex
716 4068 823 4135 causis
847 4067 1011 4154 expressis
1035 4066 1069 4133 in
1095 4067 1260 4134 relatione
1285 4067 1366 4133 dicti
1395 4066 1570 4134 Benedicti
1601 4091 1712 4157 super
1727 4073 1793 4143 hoc
1808 4071 1882 4140 nobis

525 4173 623 4255 sacta,
639 4172 730 4259 quod
745 4172 835 4239 dicte
851 4170 931 4237 XVI
949 4172 1032 4238 libre
1049 4171 1082 4236 in
1099 4171 1167 4236 tuis
1182 4171 1385 4258 recipiantur
1401 4180 1436 4238 et
1457 4172 1651 4240 allocentur
1677 4178 1842 4267 computis
1853 4194 1881 4241 ac
1903 4155 1907 4314 1

524 4277 551 4344 si
565 4297 626 4364 per
640 4286 675 4344 te
690 4285 805 4343 nostre
821 4276 960 4342 fuissent
976 4275 1117 4342 Camere
1131 4275 1266 4341 realiter
1281 4276 1457 4361 assignate,
1473 4275 1534 4341 tibi
1549 4284 1678 4347 tenore
1695 4282 1880 4369 presentium
1905 4319 1907 4326 ·

523 4381 760 4449 nichilominus
786 4380 1021 4461 concedentes,
1050 4380 1141 4466 quod
1168 4379 1210 4446 ad
1246 4380 1318 4445 illas
1342 4379 1568 4447 restituendas
1597 4384 1705 4452 nobis
1731 4386 1879 4454 antdicte
1906 4442 1907 4453 ,

525 4485 666 4551 Camere
681 4506 740 4552 seu
756 4485 913 4571 cuiquam
936 4484 990 4550 alii
1018 4485 1112 4550 nullo
1135 4492 1290 4571 tempore
1318 4484 1537 4571 imposterum
1564 4491 1736 4560 tenearis.
1759 4492 1879 4559 Datut
1906 4478 1907 4548 ἶ

526 4611 625 4676 supra
644 4590 761 4675 [Avin.
778 4588 930 4655 kalendis
945 4588 1075 4674 augusti
1092 4609 1184 4653 anno
1201 4588 1282 4674 8].»

557 4735 618 4797 Reg.
633 4735 694 4787 Vnt.
707 4737 762 4795 112,
776 4750 835 4799 pars
848 4736 867 4793 Ι,
882 4736 899 4783 1.
914 4736 968 4795 100,
978 4750 1005 4785 n.
1021 4736 1076 4784 rto.

555 4893 580 4925 a.
597 4878 676 4925 etiarn
689 4892 739 4940 req.
750 4877 811 4926 -b.
827 4877 965 4927 Lcorliuen.
982 4894 1031 4939 rap.

559 5062 579 5109 l.
598 5063 647 5109 Sur
659 5075 700 5109 ces
710 5060 779 5111 deux
791 5062 935 5111 chritclains
947 5062 979 5110 dc
992 5062 1189 5124 llontcnacken‚
1207 5079 1263 5126 roy.
1280 5066 1497 5129 aucupemus
1522 5066 1555 5116 de
1572 5069 1642 5120 oudo
1666 5071 1785 5138 l'rp‘p‘ler'd
1804 5073 1873 5120 ,νην

523 5142 611 5198 nullon.
626 5146 645 5191 t.
658 5142 684 5190 ll
699 5142 797 5205 (1862),
810 5158 852 5207 pp.
868 5144 882 5191 9
895 5150 917 5191 ct
933 5147 971 5191 26.
