4409 6017
960 717 1118 783 Troisieme
1139 718 1241 781 annea.
1725 723 1785 786 279

407 862 544 929 ziranie
569 862 767 946 seminator,
793 864 880 931 inter
906 867 993 932 clare
1018 865 1180 932 memorie
1205 864 1407 952 Philippum,
1434 885 1548 950 regem
1572 865 1721 949 Francie,
1743 891 1785 934 ex

408 976 508 1054 parte
521 976 645 1049 una,et
658 968 830 1053 quondam
836 968 1039 1052 Guidonem,
1052 969 1212 1036 comitem
1226 968 1381 1035 Flandrie
1393 968 1588 1053 dictumque
1599 970 1784 1038 Roberturn

410 1073 555 1158 ejusque
573 1074 692 1137 fratres
707 1081 742 1138 et
758 1073 843 1139 filios
873 1082 1068 1160 ceterosque
1084 1075 1215 1139 nobiles
1230 1081 1265 1138 et
1288 1072 1513 1139 comunitates
1542 1074 1719 1159 predictos,
1743 1098 1784 1141 ex

411 1175 807 1265 altera,suscitarat,post
816 1177 911 1262 plura
922 1177 1022 1261 longe
1032 1177 1167 1262 lateque
1179 1176 1492 1243 diffusaanimarum
1502 1178 1785 1266 pericula,strages

413 1300 597 1365 corporum
612 1287 648 1345 et
657 1278 880 1365 multiplicata
889 1279 1065 1365 dispendia
1077 1280 1328 1362 facultatum,eo
1341 1282 1486 1350 faciente
1502 1283 1558 1368 qui
1569 1284 1784 1350 concordiam

413 1386 580 1470 approbat
596 1392 632 1449 et
646 1384 828 1451 discordias
843 1383 1039 1462 detestatur,
1053 1382 1140 1449 inter
1151 1383 1297 1468 prefatos
1307 1405 1420 1470 regem
1430 1406 1470 1452 ac
1480 1384 1667 1451 Robertum
1679 1387 1782 1453 comi·

413 1495 482 1553 tem
494 1496 532 1553 et
544 1486 630 1554 alios
639 1487 918 1575 prelibatospacis
927 1497 961 1553 et
974 1486 1152 1553 concordie
1160 1486 1273 1552 federa
1284 1488 1464 1555 reformata
1473 1498 1508 1554 et
1516 1490 1707 1575 juramento
1715 1493 1782 1555 val-

413 1590 479 1657 lata
491 1590 639 1674 fuerunt,
655 1594 779 1658 multos
795 1592 904 1657 varios
919 1600 953 1657 et
969 1591 1118 1657 diversos
1133 1590 1291 1657 articulos
1306 1593 1515 1659 continentia
1527 1594 1583 1678 qui
1598 1594 1713 1659 tamin
1726 1616 1782 1659 au-

415 1695 549 1761 tenticis
565 1695 646 1762 dicti
664 1695 804 1763 Roberti
820 1696 953 1762 comitis
963 1704 997 1760 et
1008 1694 1180 1780 quondam
1193 1745 1211 1760 ..
1224 1694 1317 1761 ducis
1328 1695 1511 1763 Brabancie
1524 1698 1632 1782 sigillo
1643 1698 1782 1763 munitis

417 1797 492 1865 inde
508 1793 686 1883 confectis,
703 1821 803 1886 quam
818 1802 852 1865 in
869 1799 1062 1886 apostolicis
1078 1798 1183 1864 felicis
1196 1799 1629 1866 recordationisClementis
1638 1822 1725 1888 pape
1742 1801 1781 1882 V,

416 1902 663 1986 predecessoris
686 1904 801 1984 nostri,
827 1903 946 1969 litteris
968 1904 1013 1986 (¹)
1039 1901 1171 1988 plenius
1194 1910 1228 1967 et
1253 1902 1351 1968 latius
1378 1903 1618 1985 describuntur,
1643 1905 1781 1970 dirersis

416 2005 510 2089 penis
537 2005 678 2090 adjectis
701 2006 736 2071 in
761 2005 809 2071 eis
831 2026 880 2086 ac,
904 2005 947 2071 ad
971 2005 1251 2091 supplicationem
1275 2005 1441 2071 dictorum
1470 2006 1608 2073 Roberti
1635 2007 1779 2088 fratrum,

415 2108 580 2173 nobilium
596 2117 631 2174 et
645 2108 797 2194 gentium
815 2108 971 2174 Flandrie
986 2108 1224 2194 predictorum,
1241 2130 1300 2195 per
1323 2130 1439 2175 eorum
1456 2111 1640 2177 ordinarios
1655 2112 1687 2176 in
1708 2133 1779 2198 per·

413 2233 512 2277 sonas
529 2212 678 2297 ipsorum
705 2213 855 2278 omnium
881 2222 916 2278 et
939 2212 1116 2297 cujuslibet
1140 2212 1324 2278 eorundem
1356 2215 1721 2295 excommunicationis
1745 2224 1778 2281 et

413 2316 445 2379 in
462 2336 582 2381 eorum
597 2324 712 2399 terraS,
736 2317 831 2382 villas
846 2325 881 2382 et
905 2316 1127 2403 pertinentias
1151 2316 1296 2401 ipsarum
1320 2316 1487 2384 interdicti
1512 2319 1689 2385 sententiis
1703 2339 1778 2405 pro-

412 2419 580 2505 mulgatis,
608 2440 690 2505 quas
716 2420 1038 2487 excomunicationis
1060 2430 1095 2486 et
1121 2420 1289 2486 interdicti
1321 2422 1506 2488 sententias
1522 2422 1583 2509 ipsi
1600 2431 1634 2488 et
1650 2444 1778 2489 succes-

412 2544 505 2588 sores
532 2543 667 2589 necnon
684 2524 763 2589 ville
783 2526 921 2590 et'terre
945 2525 1092 2610 ipsorum
1109 2532 1144 2588 et
1159 2524 1361 2610 pertinentie
1378 2525 1559 2590 earundem
1575 2527 1689 2591 statim
1706 2527 1778 2612 ipso

412 2627 504 2693 lacto
520 2626 737 2710 incurrerent,
754 2648 829 2694 cum
841 2628 902 2713 ipsi
912 2647 980 2693 non
994 2628 1215 2712 complerent,
1226 2635 1381 2693 tenerent
1391 2637 1426 2694 et
1438 2637 1609 2695 servarent
1618 2637 1777 2695 contenta

411 2740 445 2797 et
473 2730 651 2817 quodlibet
678 2739 915 2798 contentorum
940 2732 974 2795 in
999 2752 1082 2817 pace
1109 2730 1260 2818 predicta
1275 2740 1332 2797 aut
1355 2735 1509 2797 venirent
1530 2742 1647 2799 contra
1663 2755 1702 2798 ea
1717 2753 1775 2798 seu

411 2834 533 2921 aliquis
559 2835 602 2901 de
629 2833 755 2900 eisdem
768 2858 777 2915 ;
804 2856 844 2901 ac
870 2834 999 2920 prefato
1027 2833 1178 2899 Roberto
1194 2842 1228 2898 et
1256 2833 1437 2900 Guillelmo
1453 2835 1494 2901 de
1523 2835 1689 2916 Flandria,
1705 2838 1775 2921 ejus

410 2936 523 3018 fiatre,
536 2936 696 3019 Gerard0,
712 2937 851 3004 domino
866 2938 908 3004 de
933 2931 1140 3022 Sotenguien
1156 2947 1179 3017 ⁰,
1202 2936 1357 3014 Johanne
1380 2938 1423 3003 de
1439 2938 1559 3019 Gavre,
1576 2940 1713 3004 domino
1734 2939 1775 3005 de

410 3042 571 3126 Scomay,
587 3050 622 3107 et
638 3040 787 3108 Gerardo
803 3041 851 3107 Le
868 3039 956 3121 Mor,
969 3041 1138 3121 militibus
1155 3040 1198 3106 ad
1210 3040 1358 3126 ejusdem
1372 3041 1612 3127 predecessoris
1642 3037 1775 3127 presen-

408 3146 493 3211 tiam
508 3145 747 3212 accedentibus
762 3153 798 3211 et
813 3146 1131 3230 recognoscentibus
1160 3145 1340 3231 premissos
1356 3165 1473 3210 omnes
1489 3146 1646 3212 articulos
1662 3167 1773 3212 coram

409 3271 452 3315 eo
467 3270 573 3334 seque
589 3248 659 3315 sore
674 3248 717 3315 ad
733 3249 1002 3314 observationem
1028 3268 1144 3313 eorum
1160 3247 1341 3313 efficaciter
1357 3249 1531 3332 obligatos,
1547 3259 1581 3314 et
1597 3258 1668 3314 tam
1696 3250 1774 3335 ipsis

408 3354 519 3440 primo
534 3373 637 3437 quarn
652 3353 919 3439 procuratoribus
935 3360 969 3416 et
985 3351 1119 3417 sindicis
1135 3351 1286 3415 omnium
1296 3352 1551 3432 conmnitatum,
1568 3354 1728 3418 nobilium
1739 3361 1773 3418 et

408 3456 625 3543 burgensium
639 3466 811 3537 terrarum,
829 3456 992 3535 villarum,
1009 3464 1192 3521 castrorum
1217 3462 1251 3518 et
1267 3454 1417 3520 locorum
1436 3454 1590 3520 Flandrie
1613 3464 1647 3521 et
1671 3457 1772 3542 perti-

408 3560 600 3626 nentiarum
615 3559 759 3646 ipsarum
785 3559 1050 3645 supplicantibus
1077 3558 1137 3623 sibi
1162 3555 1252 3640 quod
1279 3557 1349 3641 ipse
1374 3558 1406 3622 in
1423 3578 1481 3623 eos
1506 3566 1540 3622 et
1566 3580 1771 3625 successores

407 3686 525 3731 eorum
568 3662 889 3730 excomunicationis
925 3682 1059 3729 necnon
1084 3660 1253 3726 interdicti
1275 3661 1308 3724 in
1334 3669 1437 3726 terras
1462 3682 1578 3727 eorum
1600 3671 1635 3727 et
1658 3684 1770 3727 earum

407 3767 639 3856 pertinentias
655 3767 681 3832 si
697 3788 816 3853 pacem
833 3767 975 3832 eandem
992 3766 1060 3831 ullo
1076 3785 1224 3850 unquam
1252 3771 1404 3850 tempore
1420 3765 1582 3831 violarent
1598 3776 1655 3831 aut
1680 3768 1771 3831 veni-

406 3881 481 3938 rent
496 3879 616 3937 contra
631 3870 776 3956 aliquem
791 3869 834 3935 de
849 3869 994 3935 articulis
1010 3869 1198 3949 antedictis
1216 3877 1274 3933 aut
1286 3875 1446 3933 contenta
1457 3878 1490 3933 et
1503 3870 1675 3953 quodlibet
1691 3892 1770 3935 con-

406 3984 580 4043 tentorum
596 3975 630 4038 in
655 3973 780 4039 eisdem
796 3973 942 4039 articulis
969 3993 1037 4038 non
1054 3975 1274 4058 complerent,
1292 3993 1360 4037 non
1386 3972 1601 4037 attenderent
1622 3974 1675 4037 vel
1701 3995 1768 4038 non

406 4083 589 4155 servarent,
605 4075 804 4141 auctoritate
820 4074 1005 4159 apostolica
1024 4073 1107 4137 serre
1124 4075 1318 4153 sententias
1336 4085 1370 4140 et
1386 4079 1428 4141 ob
1442 4077 1527 4141 lianc
1539 4096 1672 4142 causam
1686 4078 1770 4142 latas

407 4190 439 4246 et
455 4180 611 4246 ferendas
620 4181 661 4243 ab
672 4178 845 4243 ordinariis
861 4178 1044 4243 eorundem
1061 4179 1384 4243 excommucationis
1401 4180 1434 4243 in
1445 4200 1502 4245 eos
1513 4188 1547 4244 et
1563 4199 1769 4245 successores

406 4305 533 4365 eorum,
550 4291 586 4348 et
609 4282 776 4347 interdicti
796 4282 828 4346 in
845 4302 960 4346 eorum
977 4291 1081 4346 terras
1097 4289 1132 4346 et
1154 4281 1300 4367 ipsarum
1327 4283 1556 4368 pertinentias,
1584 4284 1769 4348 sententias

406 4388 605 4455 confirmare
621 4393 655 4450 et
671 4385 908 4450 inviolabiliter
924 4386 1090 4450 observari
1108 4385 1216 4450 lacere
1232 4385 1432 4469 dignaretur,
1450 4386 1537 4452 idem
1553 4387 1769 4473 predecessor

407 4494 554 4579 ipsorum
570 4489 867 4575 supplicationibus
891 4489 1078 4569 inclinatus
1094 4490 1129 4553 in
1146 4489 1280 4554 eosdem
1301 4490 1485 4555 liebertum
1501 4499 1535 4555 et
1551 4490 1768 4557 Guillelmum

407 4597 555 4680 aliosque
572 4592 695 4657 milites
709 4593 856 4679 prefatos
872 4613 1054 4677 eorumque
1070 4614 1277 4658 successores
1293 4615 1331 4659 ac
1347 4594 1502 4660 dominos
1518 4604 1768 4680 procuratorum

408 4711 439 4765 et
454 4698 658 4765 sindicorum
684 4696 920 4782 predictorum,
945 4697 1042 4781 siqui
1069 4697 1179 4762 forsan
1205 4717 1321 4762 eorum
1347 4699 1415 4761 ullo
1441 4720 1588 4784 unquam
1615 4710 1767 4786 tempore

438 4880 452 4909 a
466 4863 609 4922 Stenguien
623 4875 673 4922 rep.

442 5075 459 5121 l.
474 5074 562 5121 lettre
573 5072 610 5119 ‹lu
622 5076 637 5119 2
649 5070 705 5132 juin
721 5075 789 5121 1307.
802 5073 863 5133 l'oy.
879 5074 1010 5136 lopertum·
1023 5074 1156 5123 t'lenrentr'r
1164 5086 1250 5138 papan
1270 5077 1289 5123 l'
1299 5077 1352 5138 (rid.
1362 5077 1407 5124 dm
1419 5075 1604 5139 benedictina),
1615 5093 1639 5127 n.
1651 5081 1710 5127 llib'tl
1722 5079 1768 5129 :de

416 5152 649 5216 limburg-surum,
671 5153 752 5202 (belem
761 5153 940 5217 rIr'plumutr'mre
953 5155 1102 5214 Fluunt-iae,
1116 5163 1134 5204 t.
1149 5157 1181 5214 ll,
1196 5173 1220 5220 p.
1233 5161 1270 5208 al.
