4409 6017
914 683 1062 750 Premlere
1083 683 1185 748 annee.
1672 687 1731 751 108

368 832 527 915 examine,
544 834 571 899 si
588 855 628 900 ea
651 835 871 903 meditatione
894 837 1007 902 debita
1030 836 1228 902 revolvisses
1251 834 1284 900 iu
1307 846 1432 919 mente,
1449 857 1670 921 nequaquam,
1687 847 1724 903 ut

366 937 540 1017 credimus
557 941 762 1025 prorupisses
784 942 827 1007 ad
849 942 939 1021 talia,
955 961 1024 1006 non
1047 941 1111 1005 hec
1133 939 1344 1024 gratitudinis
1359 950 1555 1024 argumenta
1576 950 1610 1005 et
1631 951 1724 1023 grate

362 1040 554 1108 devotionis
580 1043 702 1110 indicia
727 1045 818 1112 dicto
844 1045 913 1130 regi
943 1065 1005 1131 pro
1029 1043 1188 1130 impensis
1214 1043 1286 1124 tibi,
1313 1052 1349 1109 ut
1374 1044 1588 1129 premittitur,
1615 1045 1728 1129 gratiis

360 1143 580 1230 rependisses,
597 1148 676 1232 quin
692 1150 805 1235 potius
820 1148 971 1216 debitum
987 1147 1158 1214 fidelitatis
1173 1148 1351 1213 exsolvens
1365 1156 1401 1214 te
1417 1148 1477 1214 sibi
1495 1148 1681 1234 prebuisses
1694 1156 1729 1214 et

357 1250 516 1333 preberes
532 1250 666 1317 fidelem
687 1259 721 1318 et
736 1261 877 1337 gratum.
894 1251 1063 1337 Quicquid
1078 1259 1193 1317 autem
1215 1251 1268 1333 sit,
1285 1251 1363 1336 quia
1386 1251 1430 1319 ad
1453 1253 1696 1318 correctionem
1712 1263 1725 1287 ¹²

357 1362 389 1417 et
404 1355 554 1420 salutem
569 1363 662 1421 tuam
679 1357 822 1423 intentio
838 1365 952 1422 nostra
968 1356 1079 1437 fertur,
1095 1364 1130 1421 et
1147 1355 1224 1422 ideo
1239 1356 1302 1421 hec
1324 1356 1370 1443 pii
1387 1357 1490 1442 patris
1506 1377 1599 1422 more
1617 1357 1695 1442 prof
1713 1395 1726 1406 ·

355 1457 460 1523 rimus
475 1467 515 1525 ut
530 1467 575 1539 te,
588 1460 625 1541 si,
637 1470 675 1526 ut
687 1461 877 1546 predicitur,
890 1461 1092 1542 oberrasti,a
1108 1460 1194 1526 tanti
1211 1460 1329 1526 erroris
1345 1460 1436 1525 invio
1452 1446 1600 1547 paternis
1619 1462 1726 1526 moni·

354 1562 507 1628 tionibus
533 1564 740 1643 reducamus,
756 1566 969 1631 nobilitatem
990 1574 1083 1631 tuam
1107 1584 1294 1645 monemus,
1315 1584 1469 1649 rogamus
1492 1574 1527 1630 et
1550 1565 1723 1631 hortamur

353 1666 387 1730 in
404 1666 560 1733 Domino
575 1666 681 1745 Jhesu
697 1668 841 1750 Christo,
858 1690 941 1735 sano
956 1669 1194 1735 nichilominus
1209 1668 1271 1734 tibi
1290 1668 1432 1735 consilio
1448 1669 1628 1734 suadentes
1644 1691 1724 1753 qua-

353 1778 466 1850 tenus
482 1771 510 1837 si
525 1781 578 1838 est
592 1773 650 1853 ita,
666 1774 713 1840 sic
729 1775 891 1860 corrigere
908 1774 1042 1840 studeas
1064 1773 1276 1860 precedentis
1293 1773 1524 1839 indevotionis
1541 1782 1659 1854 errata,
1677 1775 1723 1840 sic

354 1882 390 1939 te
405 1874 545 1941 fidelem
561 1884 595 1942 et
621 1876 835 1943 obedientem
851 1881 989 1964 prebeas
1011 1879 1103 1945 dicto
1126 1878 1193 1963 regi
1210 1878 1322 1963 sicque
1345 1877 1405 1943 sibi
1430 1898 1469 1943 ea
1492 1877 1525 1942 in
1550 1877 1668 1962 quibus
1691 1878 1720 1942 ei

352 1979 482 2045 teneris
499 1988 536 2045 ut
547 1980 687 2047 domino
711 2003 788 2048 cum
811 1983 902 2048 omni
919 1982 1184 2069 promptitudine
1208 2002 1249 2047 ac
1267 1981 1443 2067 cujuslibet
1460 1981 1556 2048 obice
1580 1980 1721 2047 difficul-

354 2082 437 2148 tatis
452 2085 603 2169 exploso,
619 2084 720 2151 facias
735 2095 836 2171 atque
851 2097 988 2173 prestes,
1005 2087 1096 2171 quod
1112 2087 1145 2151 in
1162 2085 1365 2152 oblivionem
1382 2086 1495 2151 veniat
1512 2085 1670 2170 quicquid
1690 2085 1723 2149 in

354 2191 625 2256 commotionem
648 2199 804 2277 potuerat
837 2195 881 2258 ob
907 2192 1077 2279 premissa,
1104 2179 1131 2257 si
1157 2190 1204 2257 eis
1236 2190 1315 2256 assit
1342 2190 1474 2271 veritas,
1501 2210 1571 2256 non
1606 2190 1726 2276 injuste

354 2293 515 2375 venisse;
537 2315 601 2362 nec
625 2295 659 2360 in
683 2296 756 2377 hiis,
778 2295 834 2377 fili,
858 2298 1052 2382 cujusquam
1077 2296 1206 2381 ingeras
1226 2316 1320 2361 more
1346 2295 1565 2382 prependium
1581 2293 1600 2374 ⁶,
1618 2314 1670 2374 ne,
1695 2294 1720 2359 si

356 2397 470 2464 forsan
494 2419 535 2464 ea
561 2399 669 2467 facere
691 2401 966 2487 procrastinando
987 2400 1164 2480 distuleris,
1180 2398 1395 2465 clementiam
1418 2399 1561 2479 solitam,
1578 2406 1636 2463 tua
1658 2398 1725 2463 exi-

355 2511 459 2587 gente
475 2503 606 2583 duritia,
617 2504 765 2570 invenire
779 2526 847 2570 non
863 2506 978 2591 possis.
990 2503 1065 2571 Nos
1080 2504 1171 2570 enim
1186 2523 1356 2590 speramus
1372 2503 1406 2568 in
1423 2503 1572 2569 Domino
1588 2500 1688 2586 quod,
1699 2501 1726 2567 si

358 2608 421 2674 tibi
436 2607 596 2674 adversus
611 2628 724 2694 regem
739 2608 849 2695 ipsum
863 2610 975 2695 aliqua
988 2609 1076 2675 sorte
1088 2609 1178 2694 justa
1193 2609 1327 2693 querela
1343 2607 1495 2694 supersit,
1511 2607 1582 2693 ipse
1601 2615 1661 2672 tuo
1677 2606 1727 2670 in·

357 2712 401 2779 de
413 2711 480 2800 juri
496 2712 687 2792 satisfaciet,
702 2722 801 2801 prout
817 2714 903 2781 ratio
918 2713 1075 2799 equitatis
1090 2712 1198 2779 amica
1212 2711 1367 2797 requiret,
1385 2711 1429 2779 ad
1444 2711 1534 2798 quod
1549 2719 1584 2777 et
1594 2731 1655 2776 nos
1667 2730 1726 2795 per

357 2816 565 2903 apostolicas
576 2817 704 2884 litteras
715 2818 912 2903 (¹)eundem
925 2817 1131 2884 inducimus⁶
1146 2825 1181 2882 et
1195 2836 1254 2903 per
1266 2816 1421 2882 solennes
1435 2814 1572 2881 nuntios
1583 2820 1725 2894 nostros,

358 2920 519 2988 videlicet
534 2921 761 2988 venerabilem
776 2922 911 2989 fratrem
926 2930 1079 2988 nostrum
1096 2919 1148 2999 R,
1164 2919 1453 3006 archiepiscopum
1470 2918 1724 2999 Bituricensem,

358 3034 394 3092 et
408 3025 572 3092 dilectum
588 3024 692 3091 lilium
715 3025 849 3093 hatrem
865 3024 1102 3112 Berengarium
1127 3023 1169 3091 de
1186 3022 1366 3105 Landorra,
1384 3023 1579 3109 magistrum
1601 3021 1725 3089 ordinis

359 3128 623 3212 Predicatorum,
639 3129 728 3197 viros
743 3130 858 3216 utique
873 3133 1014 3217 probate
1038 3127 1347 3213 circumspectionis
1362 3133 1396 3193 et
1417 3125 1504 3207 fidei,
1521 3126 1724 3192 exhibitores

359 3233 577 3322 presentium,
587 3253 671 3319 quos
682 3233 725 3300 ad
735 3243 846 3320 partes
856 3234 928 3300 illas
941 3254 1001 3319 pro
1013 3232 1076 3300 hiis
1088 3241 1123 3299 et
1133 3231 1205 3297 aliis
1215 3230 1417 3317 exequendis
1427 3230 1570 3316 negotiis
1579 3229 1724 3296 destina-

360 3358 434 3405 mus
461 3346 497 3404 et
511 3336 525 3373 ⁴
540 3337 659 3423 quibus
679 3338 713 3404 in
737 3338 801 3405 hiis
827 3359 893 3424 que
916 3337 976 3404 tibi
1001 3356 1062 3423 pro
1085 3344 1181 3424 parte
1207 3343 1321 3401 nostra
1348 3335 1435 3401 circa
1462 3334 1496 3401 id
1520 3335 1664 3400 referent
1691 3341 1725 3400 te

360 3442 496 3509 credere
511 3443 666 3529 petimus,
682 3443 879 3509 mandamus
894 3441 1017 3509 induci.
1034 3442 1113 3507 Dat.
1129 3440 1229 3507 Avin.
1247 3460 1264 3525 3
1282 3439 1347 3506 kal.
1364 3439 1451 3506 maii.
1470 3455 1487 3508 >>

394 3600 455 3662 mg.
468 3599 529 3651 Vnt.
545 3600 598 3649 109.
610 3599 630 3650 f.
646 3602 685 3651 ll.
698 3614 723 3648 n.
737 3600 793 3652 186:
808 3600 865 3647 l’at.
880 3601 932 3658 llll,
945 3614 1004 3663 pars
1017 3600 1039 3661 l,
1052 3599 1070 3647 t.
1084 3600 1122 3650 53.
1134 3612 1161 3653 n.
1178 3600 1230 3650 ltt.
1248 3626 1277 3634 —
1290 3597 1395 3647 Goulon.
1409 3613 1438 3649 n.
1452 3599 1498 3646 193
1511 3598 1619 3661 (texte).

404 3781 1414 3864 320.1
1442 3818 1457 3861 r
1528 3820 1546 3861 2
1584 3799 1681 3864 avril.

406 3897 584 3965 Universis
605 3900 830 3984 burgensibus,
847 3900 990 3966 scabinis
1016 3909 1051 3965 et
1072 3900 1369 3967 communitatibus
1379 3796 1726 3968 [Fiaridiie9scribitur

363 4002 403 4067 ad
419 4003 663 4089 perfectionem
686 4004 777 4090 pacis
793 4024 905 4069 coram
922 4003 1088 4089 Philippo,
1106 4025 1184 4090 rege
1202 4004 1352 4085 Francie,
1371 4004 1514 4070 Parisius
1538 4005 1723 4084 tractande,

361 4108 475 4192 eisque
491 4108 598 4172 nuntii
615 4108 789 4194 apostolici
806 4116 943 4194 propter
959 4109 1024 4175 hoc
1040 4109 1199 4175 destinati
1217 4109 1505 4175 commendantur.

404 4310 420 4359 t
440 4291 581 4357 Dilectis
597 4292 671 4356 filiis
688 4292 849 4358 universis
864 4293 1090 4377 burgensibus,
1101 4293 1244 4359 scabinis
1254 4301 1288 4358 et
1299 4293 1560 4359 comunitatibus
1571 4293 1722 4358 villarum

355 4396 462 4461 totius
478 4396 659 4461 comitatus
676 4394 830 4460 Flandrie
852 4405 910 4460 aut
925 4417 1038 4460 earum
1061 4397 1330 4481 procuratoribus
1353 4418 1410 4462 seu
1426 4397 1551 4462 nuntiis
1574 4397 1616 4462 ad
1640 4418 1723 4480 quos

354 4508 532 4586 presentes
547 4499 657 4564 littere
673 4499 895 4584 pervenerint,
912 4501 1053 4564 salutem
1069 4509 1134 4565 ete.
1151 4500 1345 4565 Gaudenter
1360 4501 1546 4565 audivimus
1563 4510 1597 4564 et
1613 4500 1723 4565 delec-

355 4604 507 4670 tabiliter
534 4623 744 4668 recensemus
766 4603 856 4686 quod
871 4624 932 4668 ros
953 4611 1134 4668 tractatum
1157 4604 1323 4687 quendam
1345 4607 1386 4669 ab
1412 4604 1492 4669 olim
1517 4612 1725 4689 assumptum

390 4803 617 4864 a.c01reptioncm
631 4818 680 4866 req.
694 4805 747 4853 109.
760 4833 791 4838 —
804 4803 824 4851 h.
837 4805 985 4867 prcpulium
1000 4819 1049 4863 rap.
1062 4805 1116 4852 109.
1126 4832 1150 4838 —
1159 4819 1179 4852 c.
1192 4804 1343 4853 imluccrnus
1358 4821 1407 4868 rep.
1419 4807 1511 4855 nn-
1523 4806 1547 4853 d.
1561 4807 1586 4852 in
1601 4821 1653 4868 rap.
1668 4807 1721 4854 109.
