4409 6017
417 718 453 783 10
959 719 1105 786 Premilre
1126 718 1229 785 annfe.

460 867 539 951 33-
699 865 701 869 ’
1399 883 1494 966 1316,
1513 901 1532 966 7
1548 888 1658 970 septen

462 983 567 1049 Paulo
582 983 624 1048 de
641 983 783 1065 Comite,
796 987 970 1070 capellano
985 1007 1072 1074 pape
1087 994 1122 1052 et
1138 987 1338 1052 consobrino
1348 985 1589 1071 Neapoleonis,
1603 987 1658 1051 §.a

419 1086 548 1152 diaconi
564 1088 747 1167 cardinalis,
763 1089 931 1155 confertur
946 1091 1161 1155 canonicatus
1186 1091 1325 1155 ecclesie
1346 1090 1619 1171 lichefeldensis,
1644 1111 1658 1154 s

418 1192 610 1275 pectatione
619 1193 797 1276 prebende,
809 1214 876 1257 non
890 1196 1045 1259 obstante
1058 1194 1148 1278 quod
1160 1194 1403 1279 preposituram
1416 1194 1555 1259 ecclesie
1568 1192 1658 1258 Nive

419 1293 613 1359 Leodiensis
635 1296 784 1377 diocesis,
802 1305 835 1362 et
859 1298 891 1361 in
908 1298 1042 1363 basilica
1059 1298 1218 1392 Principis
1237 1298 1479 1382 Apostolorum
1502 1296 1545 1362 de
1569 1296 1658 1363 Urbe

420 1398 613 1480 Senonensi,
637 1400 863 1482 Ambianensi,
890 1402 1097 1482 Carnotensi,
1126 1399 1312 1482 Baioccnsi,
1341 1409 1375 1465 et
1400 1400 1431 1465 S.
1457 1401 1572 1466 Amati
1599 1400 1658 1464 Du:

419 1503 565 1568 ecclesiis
587 1503 802 1569 canonicatus
828 1513 862 1569 et
888 1505 1084 1591 prebendae,
1114 1525 1153 1570 ac
1178 1506 1320 1569 ruralem
1349 1504 1522 1570 ecclesiam
1551 1504 1582 1569 S.
1608 1503 1658 1567 Co

420 1605 687 1689 Vallemontone,
722 1608 952 1673 Atrebateusis
987 1617 1022 1674 et
1057 1608 1191 1693 Signino
1224 1608 1404 1687 diocesum,
1439 1616 1473 1672 et
1509 1608 1543 1672 in
1576 1606 1658 1672 civit

420 1710 541 1776 diocesi
565 1733 603 1776 ac
626 1712 795 1797 provincia
818 1711 985 1797 Capuana,
1011 1712 1155 1797 quedam
1178 1712 1340 1777 beneficia
1363 1712 1586 1777 ecclesiastica
1612 1710 1659 1776 sin

420 1815 561 1897 obtinet,
577 1815 733 1899 quodque
749 1816 778 1880 ei
795 1816 836 1881 de
853 1816 1051 1882 canonicatu
1068 1825 1102 1881 et
1125 1816 1293 1903 prebenda
1310 1816 1449 1882 ecclesie
1465 1814 1641 1880 Remensis

419 1918 501 1983 rime
516 1920 685 2003 provisum
701 1930 762 1985 est.

463 2023 657 2108 Apostolice
674 2023 808 2089 Sedis...

464 2126 542 2192 Dat.
559 2125 711 2211 Lugduni
729 2147 747 2211 7
764 2126 806 2192 id.
823 2128 1019 2212 septembris
1035 2149 1125 2192 anno
1149 2148 1174 2193 1.

465 2228 504 2293 In
520 2252 549 2295 e.
565 2252 609 2295 m.
625 2231 735 2295 abbati
749 2231 939 2295 monasterii
956 2231 987 2295 S.
1003 2232 1135 2311 Albani,
1153 2229 1395 2295 Lincolniensis
1419 2229 1571 2310 diocesis,
1595 2236 1629 2294 et
1652 2251 1658 2291 ⁴

421 2331 652 2417 Calaguritane
668 2354 707 2398 ac
722 2333 866 2398 Guidoni
883 2335 925 2399 de
942 2333 1099 2418 Velletr0,
1117 2334 1279 2400 canonico
1296 2333 1513 2399 Belvacensis
1529 2332 1658 2398 ecelesia

454 2470 513 2532 Reg.
526 2474 573 2519 Au.
587 2473 609 2531 3,
622 2470 639 2519 f.
649 2472 697 2524 97:
713 2471 769 2519 var.
782 2474 820 2530 ⁴33,
833 2473 854 2520 f.
868 2473 921 2531 lul,
934 2486 961 2521 11.
973 2476 1028 2521 570.

464 2634 544 2718 34.
1402 2650 1499 2733 1316,
1517 2667 1536 2732 7
1551 2654 1658 2735 septen

466 2752 567 2819 Petro
583 2753 625 2819 de
641 2752 784 2836 Comite,
800 2755 1048 2839 consanguineo
1060 2754 1094 2820 N
1097 2755 1300 2840 eapoleouiS,
1319 2754 1351 2820 S.
1366 2753 1503 2819 Adriani
1527 2752 1657 2818 diaconi

423 2858 515 2939 naliS,
531 2857 699 2922 confertur
713 2858 928 2923 canonicatus
944 2859 1083 2924 ecclesie
1099 2857 1353 2942 Londoniensis
1370 2860 1430 2923 sub
1454 2856 1658 2942 expectatior

422 2962 542 3042 bende,
560 2982 627 3025 non
651 2963 806 3027 obstante
822 2963 912 3046 quod
935 2962 969 3025 in
984 2963 1119 3027 basilica
1136 2961 1295 3047 Principis
1310 2962 1550 3047 Apostolorum
1567 2960 1608 3026 de
1633 2958 1658 3025 L

424 3065 456 3129 iu
475 3064 641 3146 Remensi,
659 3064 867 3148 Carnotensi,
884 3065 1138 3146 Lichefeldensi,
1155 3066 1187 3130 S.
1205 3065 1232 3130 F
1234 3066 1340 3130 innini
1356 3064 1592 3130 Ambianensis
1604 3063 1658 3127 et}

423 3169 569 3233 Ariensis
584 3169 799 3234 canonicatus
815 3177 849 3234 et
864 3170 1060 3255 prebendas,
1071 3191 1110 3235 ac
1126 3170 1159 3233 in
1176 3170 1207 3235 S.
1220 3168 1326 3235 Marie
1342 3169 1385 3234 de
1395 3168 1658 3233 Vallemontone

424 3280 459 3337 et
474 3281 671 3357 perpetuum
681 3272 890 3355 beneficium,
907 3282 941 3337 et
956 3274 1098 3337 ruralem
1122 3273 1295 3338 ecclesiam
1312 3273 1342 3338 S.
1357 3272 1390 3336 N
1393 3270 1488 3337 icolai
1515 3269 1658 3355 ejusden

424 3384 459 3441 et
474 3376 642 3459 quandam
669 3397 813 3441 annuam
835 3377 1031 3461 pensionem
1051 3377 1084 3441 in
1102 3377 1146 3441 de
1166 3375 1385 3456 Francovilla,
1406 3373 1620 3454 Morinensis,
1641 3372 1658 3436 S

425 3487 459 3543 et
474 3478 666 3544 Tholosane
683 3480 862 3561 diocesum,
879 3481 1025 3546 ecclesiis
1041 3476 1173 3545 necnon
1197 3480 1392 3560 incivitate,
1410 3478 1534 3544 diocesi
1558 3485 1593 3542 et
1616 3496 1658 3561 pr

425 3581 650 3667 Neapolitana
660 3584 802 3667 quedam
814 3584 977 3650 beneficia
989 3584 1212 3649 ecclesiastica
1224 3584 1294 3647 sine
1305 3602 1382 3647 cura
1394 3582 1537 3663 obtinet,
1548 3588 1583 3645 et
1594 3580 1658 3664 inp

425 3686 563 3751 ecclesia
574 3686 770 3752 Carnotensi
780 3696 994 3774 personatum
1008 3708 1065 3752 seu
1076 3687 1273 3771 dignitatem
1286 3692 1490 3772 expectat,et
1500 3703 1597 3769 super
1607 3704 1658 3768 per

425 3788 467 3854 de
484 3789 684 3873 Vambecha,
701 3790 950 3857 Cameracensis
966 3792 1115 3872 diocesis,
1132 3792 1249 3875 litigat.

469 3892 636 3959 Nobilitas
651 3896 822 3978 generis..

470 4000 548 4065 Dat.
565 3997 717 4083 Lugduni
736 4016 753 4082 7
770 3999 812 4065 id.
829 4000 1025 4085 septembris
1041 4020 1131 4064 anno
1154 4020 1179 4064 1.

471 4102 510 4167 ln
520 4123 549 4168 e.
562 4123 606 4167 m.
619 4103 730 4168 abbati
743 4105 933 4168 monasterii
948 4104 989 4168 de
1000 4101 1447 4184 Waltolran,Londonieusis
1457 4098 1608 4179 diocesis,
1616 4108 1650 4163 et

427 4206 659 4291 Calaguritane
674 4228 713 4273 ac
729 4207 874 4273 Guidoni
891 4208 933 4273 de
950 4206 1110 4288 Vellctr0,
1127 4208 1290 4273 canonico
1307 4204 1519 4270 Belvacensis
1535 4202 1658 4268 ecclesi

459 4344 520 4405 ch.
537 4346 583 4392 Ar.
596 4347 618 4404 3,
630 4346 648 4392 f.
661 4347 720 4393 lbi*
731 4361 737 4401 ;
750 4345 811 4393 Vel.
824 4347 862 4404 ⁴33,
875 4345 892 4393 f.
907 4346 970 4403 184v,
984 4359 1009 4394 u.
1025 4347 1079 4393 571.

471 4509 551 4593 35-
1411 4520 1507 4602 1316,
1526 4536 1544 4601 7
1560 4522 1659 4604 septo

472 4627 562 4692 Luce
578 4626 620 4692 de
636 4625 754 4692 Castro
771 4626 972 4712 Columpne,
989 4627 1163 4713 capellano
1187 4634 1221 4690 et
1246 4624 1395 4690 familiari
1420 4623 1510 4687 Petri
1533 4621 1576 4687 de
1593 4620 1656 4685 Col

429 4730 558 4797 diaconi
588 4729 770 4812 cardinalis,
800 4731 968 4796 confertur
997 4730 1213 4795 canonicatus
1243 4729 1382 4794 ecclesie
1412 4728 1443 4792 S.
1468 4725 1556 4790 Petri
1581 4724 1657 4789 Casl

430 4832 631 4899 Morinensis
653 4833 805 4915 diocesis,
829 4836 888 4898 sub
912 4834 1146 4919 expectatione
1170 4833 1350 4918 prebende,
1375 4852 1443 4896 non
1468 4832 1625 4895 obstante
1648 4849 1659 4891 (

430 4937 569 5003 ecclesia
584 4936 799 5002 Lateranensi
815 4938 951 5003 clericus
966 4937 1183 5003 beneficiatus
1199 4938 1320 5002 existit.

475 5040 547 5106 Tue
562 5041 745 5128 probitatis.
755 5094 778 5108 ..

478 5145 555 5212 Dat.
572 5144 725 5229 Lugduni
742 5166 760 5229 7
777 5146 819 5212 id.
833 5145 1029 5231 septembris
1044 5167 1133 5211 anno
1153 5167 1180 5212 1.
