4409 6017
903 479 1061 545 Deuxibme
1082 482 1185 545 annea.
1500 575 1503 580 p
1671 492 1730 554 183

391 629 547 713 prehabita
579 629 741 715 diligenti,
772 631 862 696 uiam
894 629 1082 716 hujusmodi
1114 638 1276 697 tractatus
1306 635 1446 700 omnino
1475 635 1670 718 dimisimus,
1696 649 1731 704 et

309 746 311 751 ’
390 734 542 798 revocatis
557 734 691 819 penitus
706 735 930 799 oblationibus
954 755 1035 818 quas
1062 734 1246 799 feceramus
1261 756 1303 799 ex
1318 738 1426 818 nobiS,
1442 738 1484 804 ad
1499 740 1586 805 viam
1604 741 1731 805 consilii

382 836 574 921 providimus
588 838 806 918 redeundum,
823 848 857 903 et
873 840 950 923 quia
965 837 1181 904 difficultates
1197 843 1409 925 quamplures
1425 851 1460 907 et
1471 844 1561 908 varie
1577 844 1732 930 inhujus-

378 942 455 1006 modi
480 942 537 1006 via
562 942 690 1006 consilii
718 944 933 1027 emergebant
949 956 983 1007 et
1009 949 1148 1027 propter
1168 942 1244 1024 hoc,
1269 965 1346 1009 cum
1370 946 1413 1010 sit
1437 949 1524 1011 salus
1545 949 1598 1012 ubi
1627 951 1732 1014 multa

374 1046 513 1124 consilia,
538 1046 703 1125 consulte,
729 1051 855 1131 absque
885 1047 1056 1129 utriusque
1078 1046 1183 1130 partis
1210 1046 1328 1131 injuria
1352 1056 1387 1113 et
1413 1051 1557 1135 cujusvis
1583 1052 1732 1115 illatione

309 1141 313 1239 f,
371 1151 576 1231 gravaminis
601 1149 643 1215 ad
667 1150 839 1217 dationem
864 1152 991 1217 consilii
1015 1150 1198 1235 procedere
1213 1153 1418 1233 volebamus,
1435 1175 1478 1218 ne
1499 1164 1613 1220 nostre
1640 1157 1731 1221 vide-

369 1275 472 1320 remur
487 1264 501 1285 ⁰
517 1255 615 1319 inniti
632 1255 817 1340 prudentie,
834 1254 1018 1320 eorundem
1035 1253 1173 1318 fratrum
1189 1262 1224 1318 et
1247 1257 1505 1342 subscriptorum
1522 1260 1729 1322 notariorum

367 1368 556 1424 nostrorum
572 1368 607 1423 et
622 1358 810 1423 auditorum
826 1360 908 1424 sacri
924 1358 1037 1443 palatii
1055 1365 1090 1422 et
1106 1360 1310 1442 prelatorum
1326 1368 1360 1424 et
1376 1361 1513 1425 aliarum
1530 1364 1729 1426 notabilium

366 1482 581 1550 personarum
608 1462 663 1546 qui
690 1471 771 1528 tunc
797 1463 831 1527 in
857 1463 947 1527 curia
972 1462 1122 1541 aderant,
1148 1462 1324 1526 consilium
1351 1464 1505 1528 duximus
1535 1486 1634 1550 super
1665 1466 1730 1532 hoc

364 1566 612 1652 requirendum,
650 1565 818 1632 videlicet
843 1566 1043 1631 dilectorum
1085 1565 1228 1628 filiorum
1268 1565 1454 1652 Pandulphi
1498 1567 1728 1653 Neapolionis,

362 1669 531 1737 Leonardi
564 1668 661 1733 Biudi
686 1669 697 1703 ⁶
720 1679 755 1749 et
785 1669 959 1748 Jobannis,
992 1670 1198 1733 notariorum
1232 1676 1433 1750 nostrorum,
1465 1670 1565 1750 Petri,
1603 1674 1729 1737 locum-

361 1775 511 1843 tenentis
535 1773 696 1837 auditoris
720 1773 1012 1850 contradictarum,
1042 1782 1076 1836 et
1093 1772 1236 1852 Nicolai,
1261 1774 1445 1837 litterarum
1469 1776 1728 1859 apostolicarum

360 1878 571 1956 correctoris,
588 1897 720 1942 necnon
737 1878 976 1941 venerabilium
1001 1877 1138 1941 fratrum
1166 1876 1254 1941 Petri
1282 1876 1578 1958 Jherosolimitaui,
1601 1879 1727 1945 Isnardi

360 1982 614 2061 Antiochensis,
631 1979 772 2045 Gastoni
800 1981 1042 2064 Aquilegeusis,
1062 1990 1097 2043 et
1123 1980 1289 2045 Dorninici
1319 1980 1500 2046 Gradensis
1524 1983 1728 2067 patriarcha-

359 2110 459 2165 rum;
486 2085 653 2171 Raynaldi
671 2083 895 2178 BituricensiS,
925 2084 1089 2148 Frederici
1109 2083 1271 2164 Ripensis,
1298 2083 1464 2161 Johaunis
1490 2086 1670 2151 Tholosaui
1693 2096 1727 2151 et

362 2190 524 2256 Galhardi
562 2188 769 2252 Arelatensis
809 2187 1135 2271 archiepiscoporum
1180 2188 1502 2252 citramontanorum
1522 2212 1529 2267 ;
1551 2224 1554 2232 ι
1578 2190 1725 2273 Aycardi

363 2292 649 2371 Mediolanensis,
665 2289 795 2356 Odonis
823 2291 943 2369 Pisani,
970 2290 1135 2354 Guidonis
1163 2292 1360 2356 Arborensis
1386 2313 1425 2357 ac
1449 2292 1609 2378 Rostagni
1634 2292 1726 2359 Neo-

362 2398 516 2485 patensis
551 2395 877 2480 archiepiscoporum
911 2397 1284 2473 ultramontaneorum3
1328 2395 1415 2460 Petri
1452 2396 1725 2477 Cenomanensis,

360 2500 533 2566 Guillelmi
583 2497 767 2577 Trecensis,
809 2498 937 2561 Alberti
988 2497 1285 2577 Claromonteusis,
1331 2500 1475 2564 Deodati
1529 2499 1723 2580 Castrensis,

359 2604 496 2671 Geraldi
541 2602 801 2679 Lemouicensis,
844 2600 1016 2664 Guillelmi
1051 2601 1273 2681 Caturceusis,
1311 2602 1480 2667 Guillelmi
1524 2604 1723 2682 TaruieusiS,

357 2708 497 2775 ,brualdi
523 2706 734 2784 Tutelleusis,
763 2705 954 2789 Raymundi
978 2704 1020 2769 de
1047 2705 1172 2770 Sancto
1196 2705 1307 2785 Flor0,
1329 2705 1556 2794 Bartholomei
1586 2706 1723 2791 Foroju-

360 2814 486 2891 liensis,
514 2809 661 2875 Duraudi
688 2808 886 2887 Aniciensis,
921 2808 1089 2873 Pilofortis
1112 2808 1276 2889 Rivensis,
1308 2808 1424 2873 Garsie
1450 2809 1667 2893 Legionensis
1690 2820 1724 2874 et

357 2914 532 2981 Laurentii
560 2911 752 2976 Grasseusis
787 2912 1032 2995 episcoporum,
1064 2918 1099 2975 et
1128 2911 1327 2977 dilectorum
1357 2912 1499 2976 filiorum
1536 2912 1723 2996 Berengarii

355 3016 637 3103 Compostellaui,
667 3014 806 3079 Arnaldi
841 3013 1088 3079 Lomberiensis
1116 3022 1150 3079 et
1178 3014 1299 3098 Rogeri
1326 3015 1504 3080 Vaurensis
1540 3018 1724 3081 electorum

354 3123 705 3196 citramontanorum3
727 3116 844 3194 Jacobi
862 3118 983 3182 Sancte
1001 3116 1110 3182 Marie
1126 3128 1145 3197 ‘,
1163 3118 1252 3182 Petri
1275 3117 1470 3183 Narniensis
1491 3119 1723 3203 episcoporum

355 3226 694 3300 ultramontanorum,
720 3242 758 3285 ac
783 3221 983 3285 dilectorum
1011 3222 1155 3285 filiorum
1181 3220 1370 3301 Michaelis,
1395 3222 1536 3286 ministri
1563 3222 1725 3305 generalis

356 3327 483 3392 ordinis
510 3326 646 3389 fratrum
675 3323 857 3402 Minorum,
884 3325 1116 3408 magistrorum
1134 3324 1325 3409 Raymundi
1353 3325 1514 3404 Sobirani,
1531 3326 1658 3389 Alberti
1682 3325 1724 3390 de

358 3429 567 3507 Mediolan0,
575 3428 736 3512 Stephani
750 3427 911 3509 Ugoneti,
924 3426 1044 3504 Jacobi
1057 3427 1099 3491 de
1112 3426 1256 3506 Mutina,
1271 3427 1444 3493 Bertrandi
1462 3430 1504 3492 de
1518 3427 1724 3507 Mediolano

355 3532 524 3610 Johaunis
551 3532 593 3596 de
622 3530 701 3608 Ros,
719 3529 908 3614 Berengarii
926 3531 968 3594 de
984 3529 997 3563 ³
1014 3530 1167 3614 Olargiis,
1184 3530 1353 3595 Guillelmi
1378 3531 1518 3611 Reuelli,
1535 3532 1658 3596 Sicardi
1682 3532 1724 3596 de

358 3636 481 3712 Vaur0,
494 3634 658 3712 Johaunis
671 3634 713 3697 de
725 3633 832 3697 Sados
845 3643 878 3697 et
889 3634 1135 3718 quamplurium
1149 3634 1288 3698 aliorum
1301 3635 1383 3700 sacri
1396 3636 1508 3719 palatii
1521 3635 1723 3714 auditorum3

357 3740 496 3804 fratrum
514 3737 651 3801 Arnaldi
672 3736 826 3820 Rogardi,
845 3735 1027 3817 hlinorum,
1055 3747 1088 3801 et
1115 3737 1279 3802 Guidonis
1302 3737 1449 3815 Terreni,
1471 3737 1723 3803 Carmelitarum

357 3843 525 3919 ordinum,
537 3841 770 3923 magistrorum
788 3841 820 3903 in
838 3840 1018 3923 theologia,
1032 3850 1065 3903 et
1079 3842 1324 3925 quamplurium
1340 3842 1566 3925 religiosorum
1583 3852 1617 3907 et
1632 3864 1724 3907 secu-

357 3947 473 4010 larium
491 3946 632 4008 aliorum
650 3965 668 4007 a
684 3944 812 4026 quibuS,
829 3944 983 4027 exposito
1004 3944 1065 4007 sibi
1093 3965 1155 4027 pro
1178 3955 1271 4028 parte
1295 3955 1409 4009 nostra
1425 3945 1572 4028 negotio,
1594 3947 1724 4009 consul-

357 4049 460 4112 tando
489 4047 671 4131 petivimus
693 4068 757 4129 que
785 4047 943 4110 securitas
969 4047 1000 4108 iu
1029 4066 1107 4110 casu
1129 4049 1302 4132 proposito
1323 4050 1365 4114 de
1387 4053 1459 4135 jure
1482 4052 1644 4115 deberet'
1664 4071 1724 4134 pro

359 4154 482 4217 comite
511 4160 544 4214 et
580 4151 880 4214 cornuumitatibus
904 4149 1059 4213 Flaudrie
1092 4150 1259 4215 sufficiens
1289 4157 1445 4238 reputari.
1473 4156 1537 4237 Qui
1568 4155 1724 4237 equidem

360 4256 492 4329 notarii,
510 4255 630 4339 prelati
653 4262 687 4316 et
715 4254 883 4317 auditores
900 4262 934 4317 et
957 4254 1058 4316 ceteri
1084 4255 1275 4336 supradicti,
1292 4250 1405 4340 previa
1422 4268 1585 4343 oportune
1602 4258 1725 4320 delibe-

360 4359 497 4423 rationis
512 4356 897 4439 indagine,concorditer
908 4357 1151 4440 responderunt
1169 4359 1200 4421 in
1218 4368 1332 4423 nostra
1345 4370 1378 4424 et
1389 4361 1524 4424 fratrum
1536 4369 1724 4423 nostrorum

362 4462 530 4546 presentia
547 4481 671 4543 suaque
687 4460 784 4522 nobis
801 4460 940 4523 consilia
955 4459 1120 4524 dederuut
1143 4462 1300 4546 explicite
1317 4464 1406 4546 quod
1423 4464 1621 4527 excellentia
1637 4463 1725 4546 regia

363 4576 395 4629 et
405 4564 421 4607 s
427 4563 636 4647 subjectione
651 4562 902 4626 Flaudrensium
914 4585 953 4626 ac
963 4563 1089 4646 negotii
1108 4565 1270 4646 qualitate
1292 4567 1541 4631 consideranter
1557 4566 1724 4650 inspectis,

397 4834 418 4863 a.
440 4818 585 4865 videremur
599 4832 705 4880 ruunque
724 4834 774 4880 rep.
786 4847 816 4852 —
831 4818 852 4865 u.
867 4818 943 4865 Bradi
957 4834 1074 4880 rep—e.
1087 4821 1123 4864 riu
1137 4819 1202 4867 dana
1214 4820 1237 4867 le
1255 4837 1305 4883 rep.
1319 4838 1329 4877 ;
1347 4837 1407 4869 rana
1418 4822 1565 4885 ‹hrrrlepruur
1578 4824 1722 4871 Mursicnui.

370 4897 428 4947 —d.
439 4898 471 4946 de
484 4912 591 4961 nauaque
605 4912 653 4960 rep.
665 4928 693 4932 —
708 4914 727 4947 e.
740 4899 849 4946 debetur
859 4915 908 4960 rap.
921 4899 983 4959 —s.
996 4915 1027 4946 cx
1040 4915 1090 4960 rep.
1303 4904 1308 4913 ‘
