4409 6017
415 668 477 735 582
954 656 1113 722 renuens
1131 654 1236 719 annea

463 814 503 882 in
526 835 557 880 e.
572 833 617 878 m.
634 811 747 877 abbati
771 809 967 877 monasterii
984 808 1016 874 S.
1033 804 1171 872 Vedasti
1191 805 1425 871 ‚atrebatensis
1448 826 1495 873 ac
1510 806 1793 895 archipresbitero

419 919 451 986 S.
467 916 603 1002 Georgii
618 915 662 981 de
674 915 830 995 Comata,
848 910 1113 979 Mediolanensis
1127 908 1281 989 diocesis,
1292 918 1328 974 et
1343 907 1484 977 Buxolo
1494 910 1546 977 de
1559 911 1793 994 Parmam

419 1023 498 1089 nico
512 1018 737 1087 Tornaoensis
751 1018 979 1097 ecclesiarum,
996 1015 1177 1100 capellano
1193 1033 1289 1099 pape.

455 1168 515 1226 lieu,
531 1168 578 1214 Ax.
594 1167 633 1220 23,
646 1165 664 1212 i.
679 1165 735 1212 152*
746 1181 752 1220 ς
765 1163 823 1210 vn.
837 1164 876 1222 79,
890 1162 908 1210 l.
923 1162 976 1218 182,
990 1174 1015 1208 n.
1030 1161 1100 1208 1754.

462 1355 603 1442 1593·
1494 1384 1606 1449 1325,
1620 1386 1665 1432 21
1691 1366 1761 1431 mol

467 1473 617 1541 Martino
643 1473 685 1539 de
713 1472 820 1537 Puteo
846 1469 1064 1536 conferuntur
1090 1467 1310 1533 canonicatus
1332 1474 1369 1531 et
1394 1468 1585 1553 prebenda
1613 1469 1791 1557 maj0riset

422 1578 623 1646 custodias,
641 1577 729 1643 Petri
748 1574 984 1641 Leodiensium
1002 1571 1217 1638 ecclesiarum
1233 1580 1394 1636 vacantes
1413 1591 1479 1657 per
1493 1573 1653 1639 lrberam
1669 1573 1791 1659 resigna

422 1683 551 1750 tionem
567 1702 587 1747 a
604 1680 727 1747 Pontio
742 1678 898 1745 Textoris
914 1677 947 1742 in
963 1677 1118 1742 manibus
1141 1673 1316 1754 Johannis,
1333 1673 1364 1739 S.
1379 1674 1564 1742 Theodori
1582 1677 1727 1745 diaconi
1739 1695 1791 1742 ‹nr-

423 1786 553 1868 dinalis,
574 1785 696 1851 iactam
713 1808 720 1864 ;
738 1783 793 1869 qui
812 1780 978 1848 Martinus
998 1780 1216 1846 canonicatus
1240 1788 1275 1843 et
1290 1778 1481 1865 prebendas
1501 1781 1790 1849 Atrebatensiset

425 1889 640 1971 Nivellensis,
666 1885 862 1954 Leodiensis
888 1884 1041 1965 diocesis,
1066 1882 1282 1949 ecclesiarum
1309 1880 1558 1967 resignaverat,
1583 1893 1626 1951 et
1651 1905 1720 1950 non
1733 1884 1791 1949 obs

424 2002 521 2061 tante
537 1992 628 2079 quod
645 1992 677 2057 in
694 1991 835 2057 eeclesia
850 1986 1028 2075 Yporiensi
1044 1986 1281 2053 canonicatum
1297 1992 1333 2049 et
1348 1986 1565 2071 prebendam
1583 1988 1735 2056 obtinet.

470 2096 666 2183 Apostolice
682 2094 816 2160 Sedis...

471 2200 549 2266 ilat.
562 2199 661 2265 Avin.
683 2220 718 2264 12
735 2197 801 2263 hal.
814 2196 897 2283 junii
915 2215 1004 2262 anno
1021 2215 1050 2276 9.

471 2303 507 2370 ln
525 2325 554 2369 e.
570 2322 615 2370 m.
632 2301 663 2368 S.
682 2301 773 2368 Pauli
799 2310 834 2366 et
857 2301 888 2366 S.
905 2298 1021 2365 Crucis
1039 2296 1275 2364 Leodiensium
1290 2295 1427 2362 decanis
1442 2317 1483 2363 ac
1499 2302 1721 2368 cancellario
1732 2300 1795 2367 Lin-

429 2407 585 2492 gonensis
600 2406 828 2473 ecclesiarum.

463 2554 521 2610 rau.
538 2555 585 2603 xv.
600 2554 642 2612 aa,
656 2552 673 2600 r.
686 2554 729 2599 rer
745 2587 750 2602 .
764 2551 823 2600 vn.
836 2551 875 2604 ro,
888 2549 906 2602 r.
922 2550 976 2608 raa,
988 2562 1013 2599 n.
1026 2549 1096 2598 rna

475 2749 619 2834 1594.
1490 2784 1595 2849 1325,
1614 2787 1664 2851 23
1689 2770 1766 2834 mai.

473 2866 602 2946 Jacobo
631 2868 673 2933 de
699 2867 854 2934 Plebanis
887 2866 985 2932 castri
1010 2866 1196 2932 Florentini
1221 2866 1390 2933 confertur
1413 2868 1650 2937 canonicatus
1667 2871 1803 2940 ecclesie

429 2972 460 3038 S.
479 2971 570 3038 l'auli
596 2971 791 3039 Leodiensis
818 2974 878 3038 sub
901 2971 1138 3057 expectatione
1166 2972 1345 3055 prebende,
1361 2991 1431 3037 non
1457 2974 1628 3040 obstante
1656 2976 1752 3062 quod
1775 2975 1804 3040 in

431 3072 618 3142 Fauentina
634 3085 667 3141 et
687 3074 961 3163 Foropopuliensi
978 3075 1128 3140 ecclesiis
1152 3075 1370 3143 canonicatus
1392 3083 1427 3140 et
1452 3078 1656 3160 prebendas
1676 3080 1804 3147 obtinet

428 3188 463 3245 et
489 3181 699 3261 heueliciurrr,
725 3182 827 3246 etiam
855 3181 880 3246 si
906 3178 1049 3262 dignitas
1075 3181 1129 3244 vel
1152 3188 1350 3266 personatus
1374 3178 1482 3260 fuerit,
1505 3180 1551 3245 ad
1577 3184 1802 3250 collationem

428 3284 575 3372 episcopi
594 3284 764 3350 Vulteruni
781 3292 948 3371 expectat.

472 3389 692 3470 Srrssrapantia
709 3389 808 3454 tihi...

475 3495 551 3560 llat.
567 3495 666 3559 Avirr.
690 3514 725 3559 ro
742 3492 807 3557 kal.
821 3492 905 3575 junii
922 3512 1011 3557 anno
1029 3513 1057 3572 9.

475 3598 513 3662 ln
530 3620 559 3663 e.
574 3620 617 3663 m.
632 3597 872 3662 archidiacono
890 3594 1158 3660 Ravennatensis
1170 3603 1204 3659 et
1216 3594 1445 3660 Franciscode
1463 3594 1622 3677 Medicis,
1637 3597 1804 3665 Leodien·

430 3702 484 3781 sis,
500 3723 539 3767 ac
565 3702 736 3787 Stephano
763 3702 804 3767 de
823 3700 933 3780 Prata,
953 3699 979 3763 F
981 3700 1138 3764 aventine
1155 3698 1370 3764 ecclesiarum
1385 3698 1568 3765 canonicis.

466 3847 523 3905 hep.
541 3850 588 3899 [lv.
602 3850 640 3907 23,
654 3849 671 3895 f.
681 3849 729 3902 90;
745 3848 801 3895 Vnt.
816 3850 852 3905 lh,
866 3848 883 3897 l.
897 3851 935 3904 88,
946 3861 971 3895 n.
989 3848 1058 3894 liii).

478 4033 619 4117 1595,
1494 4065 1593 4128 1525,
1618 4070 1663 4131 ²3
1682 4053 1761 4116 nrai.

477 4151 644 4238 Episcopo
670 4149 845 4217 Leodiensi
871 4151 1024 4217 scribitur
1048 4160 1084 4215 ut
1111 4149 1324 4234 Radulphnm
1351 4148 1393 4213 de
1419 4149 1602 4215 Colonster
1629 4174 1800 4220 commen-

430 4253 547 4319 datum
565 4257 698 4321 habeat.

476 4422 694 4487 «Venerabili
712 4422 801 4488 srutri
817 4474 839 4488 ..
857 4423 1017 4509 episcopo
1034 4422 1224 4489 Leodiensi.
1247 4422 1332 4487 Cum
1349 4421 1491 4487 dilectus
1507 4421 1596 4488 filins
1614 4426 1740 4493 nobilis
1755 4427 1800 4490 vir

435 4525 629 4612 lhnlulphus
659 4527 700 4591 ‹le
737 4528 914 4592 Colonster
940 4528 983 4592 ad
1007 4536 1121 4593 nostra
1147 4535 1182 4592 et
1209 4526 1349 4591 ecclesie
1382 4525 1536 4590 Romane
1567 4530 1735 4615 obsequia
1768 4552 1800 4595 se

431 4640 624 4715 promptum
653 4629 840 4695 exhibuerit
863 4639 897 4695 et
922 4632 1080 4696 exhibeat
1106 4632 1323 4710 incessanter,
1349 4649 1487 4714 nosque,
1514 4640 1658 4717 propter
1687 4634 1754 4700 hoc
1768 4642 1799 4699 et

432 4733 496 4799 alia
522 4755 579 4798 sue
605 4733 780 4818 probitatis
804 4736 931 4814 rrrerita,
949 4735 1056 4820 ipsum
1082 4734 1196 4800 favore
1222 4734 1363 4797 velimus
1389 4735 1544 4819 prosequi
1568 4736 1798 4803 benivolentie

432 4837 598 4922 specialis,
627 4837 867 4903 fraternitatem
892 4846 984 4903 tuam
1009 4858 1163 4924 roganurs
1190 4848 1224 4903 et
1252 4838 1424 4902 hortamur
1447 4837 1614 4902 attentius
1644 4842 1797 4925 quatinus

434 4962 521 5016 euin,
538 4952 651 5005 nostra
668 4949 702 5005 et
718 4942 867 5027 ejusderrr
883 4943 1024 5007 ecclesie
1040 4942 1318 5021 consideratione,
1345 4941 1466 5006 habeas
1482 4943 1685 5028 propensius
1710 4965 1795 5010 corn·

433 5045 639 5124 rnenrlarurrr,
650 5045 790 5111 sciturus
802 5045 891 5130 quod
903 5056 1034 5129 gratum
1046 5047 1142 5111 nobis
1157 5047 1219 5112 erit
1229 5045 1411 5111 admodum
1427 5045 1588 5131 quicquid
1596 5047 1661 5113 sibi
1678 5048 1794 5115 amoris
