4409 6017
896 717 1053 785 Deuxibme
1074 718 1177 784 anube.
1661 717 1717 782 155

401 868 517 954 430.
790 957 792 960 ,
1390 897 1486 962 1317,
1502 878 1522 944 ό
1538 881 1674 945 octobre.

400 983 549 1070 Hugoni,
565 986 635 1052 filio
650 985 824 1052 Bertrandi
841 984 980 1064 Jordani
1003 984 1045 1048 de
1069 983 1192 1077 Insula,
1209 983 1423 1049 conferuntur
1446 982 1661 1048 canonicatus
1683 990 1718 1046 et

360 1088 524 1172 prebenda
547 1109 588 1155 ac
611 1091 761 1157 cantoria
784 1090 925 1156 ecclesie
948 1085 1161 1167 Morinensis,
1177 1096 1336 1152 vacantes
1351 1107 1410 1172 per
1426 1085 1554 1177 obitum
1570 1084 1717 1169 magistri

358 1189 441 1255 Petri
457 1191 502 1257 de
514 1192 827 1277 Eugubi0,Camere
842 1192 1025 1279 apostolice
1036 1190 1157 1271 clerici,
1173 1211 1241 1255 non
1253 1193 1408 1255 obstante
1424 1189 1514 1274 quod
1529 1188 1562 1253 in
1579 1188 1719 1254 ecclesia

356 1291 580 1377 Narbonensi,
590 1300 650 1363 sub
666 1297 902 1384 expectatione
918 1293 1087 1382 prebende
1104 1294 1240 1378 integre,
1253 1294 1354 1358 libere
1367 1301 1402 1358 et
1412 1313 1480 1358 11011
1493 1292 1717 1372 sacerdotalis,

354 1395 385 1460 in
400 1400 606 1465 canonicum
620 1409 673 1466 est
687 1408 851 1486 receptus,
868 1420 927 1466 seu
942 1397 1033 1484 quod
1048 1396 1174 1483 patitur
1189 1396 1223 1461 111
1240 1403 1330 1463 etate
1345 1396 1515 1462 defectum
1532 1406 1588 1481 (22
1606 1396 1687 1479 an).

393 1501 490 1567 ¹Dum
505 1503 761 1570 conditiones...

395 1605 477 1671 Dat.
493 1607 595 1673 Avin.
613 1628 630 1672 2
647 1628 727 1674 non.
743 1608 890 1674 octobris
905 1627 994 1672 anno
1012 1628 1040 1672 2.

396 1708 436 1773 In
454 1731 484 1774 e.
501 1731 546 1777 rn.
563 1709 850 1777 claromontensis
865 1719 900 1776 et
921 1710 1092 1787 Albiensis·
1112 1707 1286 1795 prepositis
1308 1729 1348 1774 ac
1371 1706 1606 1773 archidiacono
1629 1704 1718 1770 Gan·

353 1812 447 1879 densi
465 1812 689 1880 Tomacensis
704 1815 928 1881 ecclesiarum.

386 1951 448 2012 Bag.
464 1953 513 2001 Ar.
526 1953 550 2011 8,
562 1952 580 2001 f.
593 1954 626 2001 ³0
638 1968 645 2009 3
657 1952 717 2002 Vat.
729 1956 768 2012 67,
780 1954 798 2002 1.
811 1955 849 2013 20,
862 1967 887 2001 u.
901 1955 940 2001 70.

397 2138 511 2224 431.
582 2211 584 2215 .
1393 2170 1487 2234 1317,
1503 2168 1524 2234 7
1538 2151 1676 2215 octobre.

398 2255 512 2338 Petro,
522 2258 694 2342 quondam
709 2258 856 2343 magistri
873 2257 1023 2325 Bartholi
1040 2259 1082 2325 de
1099 2258 1263 2339 Bononia,
1273 2256 1395 2323 clerieo
1411 2263 1446 2320 et
1458 2253 1608 2320 familiari
1619 2250 1722 2330 Petri,

355 2360 386 2424 S.
401 2361 525 2446 Angeli
541 2359 673 2436 diaconi
688 2361 873 2443 cardinalis,
889 2362 1058 2437 confertur
1080 2362 1298 2429 canonicatus
1321 2359 1359 2425 B.
1377 2357 1484 2423 Marie
1506 2355 1719 2440 Tungrensis,

356 2462 553 2531 Leodiensis
568 2464 719 2545 diocesis,
736 2468 796 2530 sub
812 2466 1046 2551 expectatione
1061 2466 1241 2553 prebende.

398 2567 503 2633 Sedes
518 2568 744 2653 apostolice...

400 2670 481 2737 Dat.
496 2670 598 2737 Avin.
614 2691 693 2737 non.
711 2671 857 2738 octobris
872 2693 962 2739 anno
980 2694 1008 2738 2.

402 2774 443 2840 ln
459 2796 489 2840 e.
506 2796 552 2842 rn.
567 2776 680 2841 abbati
696 2776 889 2843 monasterii
905 2778 936 2843 S.
954 2777 1047 2843 Pauli
1063 2778 1105 2844 de
1122 2777 1215 2844 Urbe
1231 2784 1266 2841 et
1290 2772 1508 2841 Massiliensis
1530 2794 1569 2839 ac
1592 2772 1624 2836 S.
1643 2770 1720 2835 Bar-

354 2880 522 2945 tholomei
539 2878 734 2945 Leodiensis
749 2880 925 2967 prepositis
940 2881 1164 2947 ecclesiarum.

391 3017 454 3079 neg.
469 3019 517 3067 xv.
529 3018 552 3076 a,
564 3016 585 3070 1.
598 3018 673 3077 san.
686 3019 747 3075 1993
759 3018 820 3067 Vat.
832 3020 871 3078 or,
883 3019 902 3067 1.
914 3019 953 3078 11,
966 3033 991 3067 n.
1005 3020 1058 3067 roa.

399 3201 517 3287 432.
729 3234 732 3238 ’
1395 3247 1411 3288 1
1438 3248 1453 3290 1
1541 3226 1677 3289 octobre.

403 3317 560 3401 Nicolao,
584 3320 731 3406 magistri
756 3322 913 3408 Symonis
937 3326 979 3391 de
1005 3325 1209 3408 interamne,
1233 3328 1354 3394 elerico
1385 3244 1434 3392 et3
1447 3240 1596 3393 1110111011
1621 3326 1721 3407 Petri,

353 3425 390 3489 S.
416 3424 538 3509 Angeli
561 3422 693 3490 diaconi
717 3425 902 3507 cardinalis
918 3429 1087 3496 confertur
1111 3431 1327 3496 canonicatus
1353 3431 1493 3497 ecclesie
1516 3433 1550 3500 S.
1567 3428 1722 3514 Dyonisii
1833 3454 1835 3458 ¹

354 3526 567 3608 Leodiensis,
584 3530 644 3593 sub
670 3530 905 3615 expectatione
929 3533 1108 3618 prebende,
1134 3555 1202 3599 non
1227 3537 1385 3600 obstante
1410 3534 1499 3620 quod
1526 3535 1557 3598 in
1583 3533 1723 3599 ecclesia

355 3632 390 3695 S.
409 3630 580 3696 Laurentii
598 3631 858 3700 interamnensis
873 3637 1108 3703 canonicatum
1132 3647 1166 3704 et
1189 3639 1394 3725 prebendam
1411 3640 1446 3724 (8
1464 3638 1534 3704 flor.
1550 3638 1636 3721 auri)
1664 3640 1723 3705 ob·

354 3736 458 3801 tinet.

401 3838 602 3924 Apostolice
618 3839 752 3906 Sedis..

403 3943 485 4008 Dat.
501 3943 601 4008 Avin.
619 3963 697 4010 non.
714 3947 860 4012 octobris
875 3969 966 4014 anno
983 3970 1011 4015 2.

404 4048 491 4113 Ine.
508 4069 553 4114 m.
570 4048 681 4114 abbati
698 4053 890 4117 monasterii
907 4053 938 4119 S.
956 4054 1048 4119 Pauli
1072 4056 1115 4121 de
1140 4055 1232 4122 Urbe
1255 4065 1290 4121 et
1307 4054 1524 4122 Massiliensis
1540 4076 1579 4121 ac
1594 4056 1625 4119 S.
1643 4052 1723 4118 Bar-

358 4152 526 4218 tholomei
543 4150 739 4220 Leodiensis
755 4157 969 4222 ecclesiarum
986 4159 1173 4244 prepositis.

394 4289 454 4352 neg.
468 4291 515 4338 xv.
529 4293 550 4349 a,
564 4291 581 4339 1.
594 4294 643 4342 or:
659 4292 715 4340 Vat.
728 4294 765 4344 11,
780 4293 899 4350 15111.
915 4297 968 4343 roo.

403 4470 524 4554 433.
846 4526 848 4529 -
1397 4513 1414 4556 1
1443 4514 1457 4555 1
1544 4494 1681 4558 octobre.

407 4588 590 4654 Guillelmo
607 4589 717 4655 Pontii
733 4590 775 4656 de
792 4590 954 4674 Bononia,
965 4595 1087 4661 clerico
1103 4606 1137 4660 et
1154 4509 1594 4680 1001111011Ρο111,38.711110011
1614 4596 1725 4662 diaco·

365 4693 398 4756 ni
414 4693 599 4773 cardinalis,
615 4694 830 4761 conferuntur
854 4699 1070 4765 canonicatus
1094 4709 1129 4765 et
1153 4700 1322 4785 prebenda
1347 4701 1487 4767 ecclesie
1513 4701 1543 4765 S.
1571 4699 1659 4765 Petri
1685 4700 1727 4765 de

369 4796 501 4878 Lutosa,
515 4796 764 4865 Cameracensis
778 4801 929 4884 diocesis,
941 4813 1099 4869 vacantes
1115 4824 1173 4889 per
1189 4806 1318 4869 obitum
1337 4805 1475 4870 Henrici
1492 4803 1627 4884 Sannie,
1639 4804 1727 4891 apud

371 4901 586 4985 apostolicam
601 4902 721 4968 Sedem
737 4903 895 4972 defuncti.

413 5002 483 5069 Tue
499 5004 730 5073 devotionis..

417 5108 492 5175 Dat.
507 5109 607 5173 Avin.
624 5131 702 5177 non.
719 5113 864 5177 octobris
880 5133 970 5178 anno
987 5134 1015 5180 2.
