4409 6017
513 706 574 773 828
1043 705 1211 784 Quatritne
1231 709 1333 775 eunte.

514 859 683 944 prebende
700 880 800 945 quarn
817 859 849 922 in
866 856 1098 923 Cameracensi
1115 858 1257 924 ecclesia
1275 860 1417 941 obtinet,
1433 860 1476 926 ad
1498 860 1683 926 triennium
1705 861 1859 948 percipere
1894 892 1903 930 a

515 962 639 1043 valeat,
654 961 831 1028 residendo
846 962 880 1027 in
896 964 994 1048 plebe
1010 961 1042 1027 S.
1060 960 1154 1027 Pauli
1168 961 1211 1027 de
1229 961 1347 1045 Rosso,
1365 963 1530 1031 Fesulane
1545 965 1701 1046 diocesis,
1718 966 1808 1052 cujus
1819 977 1857 1031 est
1892 997 1903 1038 fs

514 1070 687 1155 plebanus.
880 1063 885 1073 ’

561 1173 761 1240 Deuotionis
775 1183 873 1240 tue...

559 1277 639 1343 Dat.
655 1278 754 1343 Avin.
771 1300 790 1362 4
807 1277 850 1343 id.
867 1277 979 1363 aprilis
994 1297 1084 1344 anno
1099 1300 1130 1362 4.

561 1380 600 1447 In
626 1404 654 1447 e.
682 1404 726 1448 m.
750 1382 782 1448 S.
804 1382 951 1467 Sepulcri
978 1381 1230 1447 Cameracensis
1254 1390 1289 1448 et
1313 1383 1345 1447 S.
1372 1381 1549 1449 Michaelis
1578 1383 1622 1449 de
1650 1382 1852 1461 Podioboniti,

517 1483 710 1551 Florentine
726 1486 878 1566 diocesis
894 1485 1174 1552 monasteriorum
1201 1487 1376 1554 abbatibus
1392 1508 1432 1553 ac
1457 1488 1605 1574 plebano
1620 1488 1730 1576 plebis
1745 1488 1775 1555 S.
1789 1486 1853 1567 Justi
1887 1518 1903 1558 ,-

516 1588 550 1653 in
568 1589 688 1670 Salice,
706 1588 871 1656 Fesulane
885 1590 1036 1657 diocesis.

549 1718 610 1780 Reg.
623 1718 680 1768 Vct.
694 1721 730 1769 70.
740 1720 757 1767 f.
770 1721 825 1778 338,
838 1734 863 1767 n.
873 1720 929 1768 894.

558 1880 677 1964 809.
1566 1917 1664 1981 1320,
1681 1918 1725 1962 12
1738 1895 1824 1963 avril.

558 2000 701 2065 Alfonso
715 1999 757 2064 de
775 1997 972 2065 Malobodio
988 1998 1158 2064 confertur
1185 1999 1403 2065 canonicatus
1425 2001 1565 2066 ecclesie
1591 2000 1792 2067 Morinensis
1810 2000 1855 2065 sub
1892 2043 1903 2088 .-·

515 2104 750 2189 expectatione
766 2101 945 2188 prebende,
961 2124 1028 2168 non
1051 2105 1206 2168 obstante
1223 2102 1314 2186 quod
1329 2102 1362 2166 in
1379 2101 1574 2170 Belvacensi
1591 2114 1626 2171 et
1637 2102 1856 2180 Tutellanensi,
1895 2095 1903 2180 J

514 2207 744 2274 Tirasonensis
760 2207 911 2286 diocesis,
928 2206 1077 2272 ecclesiis
1092 2206 1310 2271 canonicatus
1325 2213 1360 2270 et
1376 2207 1574 2291 prebendas,
1598 2215 1635 2273 et
1657 2209 1795 2293 gratiam
1814 2228 1856 2272 ex·
1896 2203 1903 2212 '

514 2311 719 2398 pectativarn
735 2310 888 2376 beneficii
906 2309 1123 2376 ecclesiastici
1140 2309 1184 2376 ad
1200 2308 1416 2376 collationem
1431 2311 1675 2398 archiepiscopi
1694 2312 1856 2379 Rothoma·

515 2419 625 2502 gensis
641 2419 782 2483 obtinet.
881 2447 883 2452 ·

560 2520 653 2587 Sedis
668 2520 885 2607 apostolice...

560 2626 638 2691 Dat.
650 2625 750 2691 Avin.
769 2647 785 2690 2
804 2625 847 2691 id.
862 2625 975 2711 aprilis
990 2646 1080 2691 anno
1096 2648 1127 2710 4.

561 2729 601 2795 In
617 2751 646 2796 e.
662 2751 706 2795 m.
725 2730 885 2816 episcopo
901 2728 1127 2795 Maeloviensi
1143 2738 1178 2795 et
1193 2729 1305 2797 abbati
1321 2729 1516 2796 monasterii
1533 2729 1565 2797 S.
1580 2729 1599 2811 J
1603 2731 1679 2813 usti,
1696 2729 1858 2798 Belvacen-

517 2833 562 2900 sis
577 2833 730 2914 diocesis,
746 2853 786 2899 ac
802 2833 951 2899 Droeoni
966 2833 1009 2899 de
1023 2832 1153 2915 Tillart,
1170 2833 1334 2901 canonico
1351 2831 1559 2902 Belvacensi.

552 2963 615 3025 Rog.
628 2962 686 3012 Vat.
701 2964 737 3022 70,
750 2963 769 3012 i.
784 2964 849 3013 :llllt
864 2977 888 3011 u.
902 2963 956 3012 ull.

561 3121 675 3206 810.
1569 3154 1664 3218 1320,
1681 3154 1725 3220 27
1739 3134 1828 3202 avril.

559 3239 738 3307 Abbatisse
762 3246 797 3303 et
822 3237 1004 3302 conventui
1032 3236 1225 3303 monasterii
1253 3235 1284 3302 S.
1311 3234 1421 3303 Marie
1445 3235 1487 3304 de
1513 3235 1676 3325 Burburg,
1701 3240 1744 3307 Ο.
1771 3241 1800 3307 S.
1824 3238 1862 3317 B..

519 3343 723 3411 Morinensis
738 3342 890 3419 diocesis,
907 3341 1148 3407 confirmantur
1172 3340 1285 3410 omnia
1310 3341 1483 3428 privilegia
1499 3342 1648 3428 ejusdem
1676 3343 1862 3411 monasterii.

561 3450 653 3515 Solet
669 3467 856 3513 annuere...

561 3554 639 3618 Dat.
656 3552 755 3615 rivin.
775 3570 791 3633 5
809 3549 874 3614 kal.
891 3550 968 3615 maii
985 3570 1074 3615 anno
1091 3573 1121 3633 4.

551 3684 629 3744 Cupio
640 3684 654 3728 :l
674 3681 698 3727 lu
717 3678 897 3738 lllbliotlrluuo
911 3680 1048 3727 Nat-ionale
1065 3679 1098 3726 ‹le
1118 3680 1195 3734 Paris.
1207 3681 1342 3728 collection
1364 3683 1473 3740 (tilbert.
1494 3682 1606 3730 Flarnlrc
1622 3683 1672 3731 vol.
1687 3686 1740 3743 lua,
1754 3699 1778 3733 n.
1793 3687 1826 3732 ut.
1840 3709 1861 3716 -

520 3765 577 3825 lgn.
590 3763 622 3809 ‹lc
635 3762 823 3819 Couseeuraken
839 3760 881 3807 lla
892 3760 1036 3807 cartula-ire
1047 3760 1078 3806 (le
1090 3760 1206 3824 l'ahbnye
1218 3762 1248 3809 tle
1256 3763 1429 3810 mure-laima
1440 3764 1471 3810 de
1481 3764 1642 3825 innonat-p,
1657 3780 1681 3827 p.
1695 3769 1750 3815 2313.

563 3926 666 4007 811.
1608 3960 1706 4021 1520,
1721 3963 1743 4007 2
1760 3941 1830 4006 irrui.

562 4041 709 4120 Jolranni
735 4041 777 4108 de
803 4038 1012 4124 Castagnolis
1028 4039 1198 4106 confertur
1223 4041 1438 4107 canonicatus
1463 4042 1604 4106 ecclesie
1631 4043 1794 4129 Spirensis
1817 4046 1866 4109 sub

519 4146 754 4232 expectatione
777 4147 955 4234 prebende,
972 4167 1039 4209 non
1057 4148 1213 4210 obstante
1230 4145 1321 4229 quod
1338 4145 1371 4209 in
1389 4145 1529 4211 ecclesia
1546 4145 1732 4229 Siclinensi,
1754 4149 1866 4214 Torna-

520 4250 627 4315 censis
643 4249 794 4333 diocesis,
812 4250 1046 4318 canonicatum
1063 4252 1123 4314 sub
1136 4250 1371 4334 expectatione
1388 4247 1556 4334 prebende
1574 4253 1716 4319 obtinet.

564 4354 656 4419 Sedis
672 4356 897 4439 apostolice...

565 4458 643 4522 Dat.
659 4458 759 4523 Avin.
779 4464 796 4522 6
813 4478 893 4522 non.
909 4455 987 4519 maii
1005 4475 1094 4519 anno
1112 4479 1142 4539 4.

565 4560 604 4625 ln
621 4582 649 4626 e.
666 4583 710 4626 nr.
726 4562 897 4647 preposito
914 4559 1123 4624 Coloniensis
1136 4567 1171 4624 et
1188 4557 1386 4643 Magantine
1397 4580 1435 4623 ac
1446 4559 1476 4623 S.
1485 4557 1642 4623 Germani
1659 4566 1869 4622 extramuros

521 4666 683 4751 Spirensis
699 4666 913 4731 ecclesiarum
929 4663 1076 4728 decanis.

554 4780 613 4839 Ηυξ.
627 4781 674 4825 Ar.
687 4781 723 4834 13,
736 4780 754 4826 l.
768 4780 833 4834 :eum
853 4777 910 4824 vat.
925 4778 960 4833 tu,
975 4776 992 4823 f.
1003 4777 1057 4831 333,
1070 4790 1094 4823 n.
1109 4778 1163 4824 729.

565 4932 672 5013 812.
1613 4965 1709 5025 1320,
1725 4966 1747 5010 2
1764 4945 1834 5009 anai.

565 5053 742 5117 Antonino
758 5052 800 5116 de
817 5051 947 5133 Goano,
964 5052 1086 5117 clerico
1101 5049 1262 5127 Januensi
1280 5059 1314 5114 et
1331 5051 1453 5115 clerico
1477 5049 1627 5129 Roberti,
1651 5051 1739 5134 regis
1763 5048 1871 5119 Sicilie,

520 5157 734 5222 conseruntur
751 5157 967 5223 canonicatus
982 5164 1017 5220 et
1032 5153 1202 5253 prebenda
1217 5154 1356 5220 ecclesie
1372 5153 1666 5234 Autisiodorensis,
1688 5174 1748 5242 per
1764 5171 1869 5219 conse·
