4409 6017
899 702 1046 770 Huitibne
1067 703 1170 770 anulio.
1668 708 1723 771 513

315 850 326 914 l
405 844 445 913 ln
462 870 491 917 e.
508 871 552 916 m.
569 852 697 918 cantori
715 851 909 920 Parisiensis
924 862 959 920 et
974 852 994 931 J
997 854 1123 920 ohanni
1147 853 1190 920 de
1213 852 1345 935 Lesma,
1368 852 1664 937 Autisiodorensis,
1688 866 1723 922 et

354 954 520 1040 magistro
535 954 555 1033 J
559 957 683 1023 ohanni
699 957 741 1023 de
753 957 882 1040 Salinis,
899 957 1132 1025 Laudunensis
1147 959 1364 1026 ecclesiarum
1374 950 1561 1025 canonicis.

390 1102 452 1162 Reg.
466 1105 512 1150 Ar.
525 1105 563 1161 21,
578 1104 655 1152 1107
667 1119 672 1161 ς
685 1104 745 1153 Vat.
759 1106 796 1162 77,
809 1104 827 1152 f.
841 1105 895 1163 186,
905 1118 930 1153 n.
944 1106 1015 1154 1500.

406 1298 542 1383 1371.
1416 1317 1676 1398 1324‚1I(10²²l·

309 1399 318 1489 i
399 1416 549 1493 Johanni
585 1419 627 1485 de
665 1418 858 1485 Fecherolis
895 1418 1065 1485 confertur
1098 1416 1316 1484 canonicatus
1349 1417 1493 1484 ecclesie
1526 1418 1568 1482 de
1596 1415 1722 1496 Lobiis,

309 1519 317 1539 ¹
353 1520 609 1589 Cameracensis
624 1523 777 1606 diocesis,
793 1526 853 1591 sub
870 1522 1107 1609 expectatione
1123 1523 1304 1609 prebende,
1319 1542 1387 1587 non
1401 1523 1559 1587 obstante
1582 1520 1673 1605 quod
1690 1520 1722 1583 in

309 1617 328 1643 ²·
356 1624 548 1693 Florinensi
574 1629 809 1695 canonicatum
835 1636 870 1694 et
902 1626 1118 1713 prebendam,
1145 1646 1185 1692 ac
1210 1625 1453 1712 parrochialem
1479 1624 1657 1691 ecclesiam
1682 1624 1724 1689 de

309 1707 316 1751 ²
356 1728 482 1795 Sulmis
498 1731 630 1797 obtinet
645 1742 680 1798 et
705 1732 796 1817 quod
823 1732 853 1796 ei
879 1731 922 1797 de
946 1730 1147 1797 canonicatu
1171 1738 1206 1795 et
1231 1729 1400 1816 prebenda
1424 1728 1566 1795 ecclesie
1593 1728 1723 1794 Antho-

357 1832 497 1915 niensis,
514 1833 709 1902 Leodiensis
736 1844 771 1901 et
791 1834 1042 1901 Cameracensis
1057 1834 1241 1914 diocesum‚
1257 1834 1428 1919 provisum
1444 1840 1495 1897 est
1509 1854 1517 1911 ;
1539 1831 1725 1917 predictam

356 1947 475 2002 autem
490 1939 734 2024 parrochialem
750 1939 927 2006 ecclesiam
942 1938 1115 2005 dimittere
1129 1937 1308 2004 tenebitur.
1404 1970 1415 1993 ·

405 2042 585 2110 Probitatis
600 2051 698 2109 tue...

403 2152 484 2216 Dat.
501 2148 600 2213 Avin.
619 2168 636 2231 3
654 2147 697 2214 id.
713 2148 843 2233 augusti
861 2168 951 2213 anno
966 2150 995 2214 8.

309 2268 311 2271 ·
403 2253 445 2320 ln
461 2275 490 2318 e.
506 2274 551 2318 m.
567 2252 739 2338 preposito
764 2253 799 2318 S.
827 2250 966 2317 Martini
989 2250 1185 2316 Leodiensis
1209 2260 1244 2317 et
1270 2250 1400 2317 decano
1425 2249 1456 2314 S.
1484 2247 1659 2332 Gaugerici
1684 2267 1724 2312 ac

354 2357 490 2439 Jacobo
499 2356 541 2423 de
553 2354 698 2435 Mutina,
715 2355 881 2422 canonico
895 2355 1028 2441 majoris
1041 2353 1293 2422 Cameracensis
1305 2353 1531 2433 ecclesiarum,
1548 2352 1724 2438 capellano

353 2483 459 2550 pape.

392 2609 454 2668 neg.
470 2610 516 2656 av.
532 2609 571 2663 21,
585 2607 602 2656 1.
618 2607 664 2653 111
678 2622 683 2655 :
697 2605 755 2654 111.
771 2608 811 2664 rr,
823 2605 842 2654 1.
860 2606 913 2663 161,
926 2618 952 2653 n.
969 2606 1041 2652 1510.

407 2774 544 2861 1372.
1421 2807 1516 2871 1324,
1534 2807 1574 2850 ιι
1591 2793 1678 2853 ooztt.

401 2893 551 2971 Johanni
576 2894 668 2960 dicto
684 2895 796 2960 Sortes
820 2892 863 2959 de
890 2893 1015 2960 Sancto
1041 2891 1123 2957 Vito
1150 2889 1319 2957 confertur
1345 2890 1563 2957 canonicatus
1580 2892 1722 2957 ecclesie
1776 2978 1777 2982 Ἰ

358 3000 396 3065 S.
415 2997 508 3063 Pauli
526 2996 722 3063 Leodiensis
738 2999 798 3063 sub
814 2997 1051 3084 expectatione
1066 2993 1250 3082 prebende,
1267 3015 1334 3060 non
1351 2996 1508 3060 obstante
1535 2995 1625 3079 quod
1650 3016 1723 3082 par-

355 3101 543 3167 rochialem
568 3102 747 3167 ecclesiam
775 3102 817 3167 de
841 3102 1030 3183 Amblavia,
1058 3098 1270 3165 Coloniensis
1296 3098 1448 3179 diocesis,
1464 3098 1506 3164 de
1522 3119 1587 3183 qua
1603 3100 1723 3184 litigat,

356 3204 506 3271 obtinet.

404 3309 585 3375 Probitatis
601 3318 699 3375 tue...

402 3413 482 3478 Dat.
497 3413 597 3478 Avin.
616 3433 633 3496 3
651 3413 694 3477 id.
710 3413 841 3497 augusti
858 3433 947 3479 anno
964 3415 993 3478 8.

401 3516 441 3580 In
459 3537 488 3580 e.
504 3538 549 3581 m.
564 3516 818 3603 archiepiscopo
847 3516 1078 3583 Ebredunensi
1106 3525 1140 3583 et
1157 3516 1269 3583 abbati
1295 3515 1489 3580 monasterii
1506 3516 1537 3580 S.
1554 3514 1573 3593 J
1576 3515 1671 3581 acobi
1689 3527 1723 3580 et

353 3622 488 3687 decano
504 3620 646 3686 ecclesie
663 3621 694 3686 S.
706 3618 726 3697 J
729 3620 873 3686 ohannis
889 3619 1097 3687 Leodiensis

391 3758 454 3819 ch.
469 3760 515 3807 Av.
529 3760 571 3817 21,
585 3758 602 3806 l.
618 3760 677 3805 251ν
691 3774 696 3813 ;
711 3757 769 3806 Vnt..
784 3760 823 3816 77,
836 3759 854 3807 f.
870 3760 924 3817 203,
937 3774 963 3808 n.
980 3761 1050 3809 1580.

407 3928 546 4013 1373·
1423 3968 1517 4030 1324,
1535 3968 1576 4010 12
1592 3951 1680 4010 coiit.

404 4047 680 4131 Burgimagistris,
697 4047 840 4113 scabinis
857 4057 891 4113 et
905 4050 1098 4116 consulibus
1110 4050 1188 4114 ville
1200 4049 1378 4137 Brugensis
1393 4051 1546 4117 scribitur
1556 4059 1593 4115 ut
1604 4070 1725 4138 pacem

358 4171 560 4218 conservare
576 4152 744 4218 studeant.

404 4334 421 4373 «
441 4308 715 4395 Burgimagistris,
743 4314 886 4378 scabinis
903 4323 937 4379 et
953 4316 1148 4381 consulibus
1164 4316 1243 4381 ville
1260 4316 1438 4403 Brugensis
1453 4328 1476 4398 ‘⁸,
1504 4317 1726 4383 Tomacensis

356 4413 510 4479 diocesis.
528 4413 661 4479 Sincere
677 4415 867 4482 devotionis
881 4419 1041 4484 aflectum
1057 4440 1158 4504 quem
1174 4421 1216 4485 ad
1233 4421 1344 4486 Deum
1359 4430 1394 4487 et
1412 4421 1601 4487 Romanam
1617 4424 1724 4488 eccle·

355 4518 441 4583 siam
462 4525 655 4602 statumque
681 4530 830 4586 vestrum
857 4528 892 4585 et
918 4522 1025 4608 patrie
1051 4524 1230 4610 pacificum
1264 4526 1531 4592 conservandum
1562 4526 1722 4613 [geritis],

356 4622 531 4687 missarum
555 4622 653 4687 nobis
679 4623 865 4690 litterarum
886 4635 1072 4692 vestrarum
1097 4635 1191 4712 grata
1217 4628 1328 4710 series,
1356 4651 1437 4715 quas
1463 4631 1606 4715 benigne
1634 4652 1724 4697 rece-

356 4726 478 4810 pimus,
503 4726 656 4792 seriosius
671 4728 829 4813 patefecit
845 4752 854 4809 ;
872 4731 985 4796 multis
1009 4732 1044 4795 in
1073 4732 1222 4798 Domino
1250 4734 1601 4801 commendationibus
1625 4736 1725 4800 attol-

354 4831 476 4909 lentes,
493 4831 746 4897 universitatem
762 4842 908 4899 vestram
924 4855 1079 4919 rogamus
1095 4837 1260 4903 attentius
1276 4845 1311 4902 et
1327 4838 1500 4903 hortamur
1510 4847 1674 4923 quatenus
1691 4839 1725 4903 in

355 4933 540 4999 devotione
567 4934 757 5020 hujusmodi
783 4939 1037 5005 continuatione
1065 4941 1171 5008 solida
1199 4944 1428 5028 persistentes
1445 4943 1492 5008 sic
1519 4943 1561 5008 ad
1584 4943 1675 5029 pacis
1691 4952 1726 5007 et

390 5139 415 5170 a.
431 5124 543 5184 burgen.
560 5141 610 5186 rep.

408 5246 512 5288 Analecta
521 5247 716 5300 vaticano-belgica.
729 5251 758 5290 ll.
