4409 6017
865 724 1032 804 Ciuquilme
1052 726 1154 792 anne'e.
1213 684 1216 690 ¹
1630 724 1686 790 351

308 871 511 957 provinciis
526 873 569 939 de
584 874 716 940 decima
731 874 874 939 collecta
890 874 924 938 in
941 874 1123 940 subsidium
1139 873 1242 939 Terre
1258 875 1381 942 Sancte
1396 885 1430 943 et
1453 878 1544 961 quod
1567 899 1606 943 ea
1629 880 1689 945 sibi

310 974 427 1042 faciat
444 977 584 1042 nomine
600 977 739 1044 ecclesie
756 977 909 1043 Romane
925 978 1093 1063 assignari.

364 1078 460 1143 Cum
476 1080 563 1146 sicut
578 1080 660 1146 ad...

364 1183 452 1250 Dat.
468 1184 568 1250 Avin.
589 1205 625 1248 12
642 1184 709 1250 kal.
726 1186 872 1251 octobris
887 1208 977 1251 anno
995 1206 1023 1271 5.

356 1330 422 1390 Reg.
436 1329 496 1378 Vat.
509 1332 547 1388 il,
560 1330 578 1378 f.
591 1332 625 1390 2¹,
637 1345 690 1378 cur.
703 1345 729 1379 n.
745 1332 767 1378 8.

369 1523 455 1583 873.
471 1551 515 1560 —
532 1510 651 1578 Eidem
668 1513 845 1579 mandatur
860 1520 1025 1597 quatenus
1049 1534 1068 1579 a
1089 1514 1387 1581 subcollectoribus
1410 1514 1576 1580 fructuum
1599 1515 1682 1600 prim

323 1620 406 1685 anni
422 1619 664 1685 beneficiorum
690 1619 721 1682 in
744 1618 942 1703 supradictis
968 1618 1148 1704 provinciis
1175 1620 1365 1684 vacantium
1381 1618 1520 1704 recipiat
1536 1629 1688 1685 exactam

324 1725 495 1789 rationem
512 1731 547 1787 et
562 1726 603 1788 ab
620 1724 668 1788 eis
684 1723 774 1807 quod
790 1724 969 1788 collectum
986 1723 1028 1787 sit
1044 1724 1193 1809 recipiat.

373 1826 513 1892 Dudum
528 1828 722 1892 volentes...

373 1931 454 1997 Dat.
470 1930 570 1995 Avin.
591 1951 626 1994 12
644 1929 710 1995 kal.
727 1930 876 1995 octobris
891 1950 981 1994 anno
999 1949 1027 2013 5.

363 2079 424 2141 Reg.
439 2077 497 2126 Vnt.
511 2078 549 2136 71,
561 2079 579 2126 i.
592 2078 613 2134 3,
627 2092 679 2125 cur.
697 2092 721 2124 n.
735 2081 758 2124 9.

374 2270 462 2331 874.
478 2300 521 2309 -
547 2261 665 2326 Eidem
690 2260 869 2325 mandatur
890 2267 926 2323 ut
945 2257 1056 2342 exigat
1079 2257 1205 2323 fructus
1225 2257 1322 2343 primi
1347 2256 1424 2322 anni
1454 2257 1692 2322 beneficiorum

328 2368 526 2434 vacantium
542 2367 575 2431 in
591 2365 689 2432 dictis
703 2364 885 2450 provinciis
900 2384 920 2427 a
935 2362 1085 2448 personis
1100 2362 1156 2428 SS.
1168 2361 1341 2429 Benedicti
1357 2371 1393 2427 et
1412 2363 1600 2447 Augustini,
1618 2363 1694 2427 Pre-

328 2471 598 2552 monstratensis,
619 2470 651 2535 S.
679 2467 786 2534 Marie
807 2466 1071 2556 Teutonicorum
1095 2474 1129 2531 et
1148 2466 1287 2532 aliorum
1309 2467 1473 2549 ordinum,
1497 2489 1562 2552 que
1584 2470 1694 2534 minus

330 2574 497 2640 veraciter
519 2573 723 2659 pretendunt
750 2571 842 2656 quod
867 2570 1030 2636 beneficia
1056 2591 1122 2655 que
1146 2591 1166 2635 a
1190 2570 1413 2657 superioribus
1438 2572 1505 2637 suis
1528 2572 1694 2652 obtinent,

330 2699 401 2744 non
417 2678 592 2759 beneficia,
613 2677 672 2743 sed
694 2676 861 2762 simplices
885 2674 1076 2740 obedientie
1099 2683 1176 2739 sunt
1192 2683 1228 2739 et
1242 2674 1319 2741 ideo
1336 2675 1460 2741 fructus
1476 2696 1592 2741 eorum
1608 2676 1694 2758 exigi

332 2802 403 2847 non
420 2781 557 2847 debent.

378 2884 517 2950 Dudum
534 2885 728 2950 volentes...

380 2990 461 3054 Dat.
477 2988 577 3054 Avin.
598 3008 634 3052 12
651 2987 717 3053 kal.
734 2986 880 3053 octobris
895 3007 985 3052 anno
1002 3006 1030 3071 5.

368 3132 432 3193 Reg.
442 3133 491 3180 Av.
504 3130 572 3189 14,1.
585 3131 632 3179 386
645 3129 800 3192 (fragment)
811 3145 816 3186 ;
830 3129 888 3179 Vat.
901 3132 940 3188 71,
952 3129 970 3178 i.
983 3131 1018 3188 3',
1029 3144 1083 3178 cur.
1096 3144 1121 3177 n.
1135 3130 1173 3176 13.

380 3327 497 3410 875.
1296 3358 1392 3420 1320,
1408 3358 1450 3401 22
1466 3341 1653 3425 septembre.

382 3440 575 3524 Frederico,
600 3443 669 3508 filio
703 3441 884 3521 Guillelmi,
909 3442 1112 3507 marchionis
1144 3442 1245 3522 Ceve,
1279 3442 1447 3508 confertur
1481 3444 1699 3508 canonicatus

337 3548 482 3615 ecclesie
498 3548 721 3614 Tornacensis
736 3549 796 3612 sub
813 3546 1048 3631 expectatione
1069 3548 1250 3631 prebende,
1267 3546 1534 3613 consideratione
1551 3547 1699 3627 Roberti,

336 3653 425 3738 regis
440 3652 561 3717 Sicilie.

383 3755 554 3821 Nobilitas
569 3756 739 3840 generis...

384 3861 463 3925 Dat.
480 3859 581 3925 Avin.
603 3881 640 3924 10
660 3859 727 3924 kal.
744 3861 891 3924 octobris
910 3879 999 3923 anno
1021 3877 1049 3943 5.

384 3962 425 4028 In
442 3985 471 4028 e.
488 3984 532 4027 m.
549 3963 826 4048 archipresbitero
842 3962 873 4027 S.
892 3961 999 4026 Marie
1014 3961 1057 4027 de
1072 3961 1171 4043 Zeva,
1187 3962 1341 4028 Albensis
1357 3962 1509 4046 diocesis,
1526 3971 1561 4027 et
1577 3962 1699 4028 Rolan-

342 4066 421 4131 dino
436 4066 479 4132 de
495 4065 702 4147 Comazano,
729 4065 989 4146 Cameracensis,
1006 4074 1040 4131 et
1067 4066 1307 4132 Bartholomeo
1331 4067 1373 4133 de
1390 4066 1506 4151 Regio,
1522 4065 1701 4144 Januensis

344 4171 513 4235 canonicis
529 4172 754 4236 ecclesiarum.

375 4307 435 4365 Reg.
449 4308 496 4353 Au.
515 4307 549 4363 ll,
563 4306 581 4352 i.
595 4307 637 4360 8';
652 4304 709 4351 l'at.
724 4306 762 4362 il,
777 4305 856 4362 1801,
871 4320 895 4353 n.
908 4307 946 4354 28.

386 4503 500 4585 876.
1353 4538 1447 4600 1320,
1465 4540 1505 4582 11
1522 4521 1657 4584 octobre.

388 4620 553 4704 Magistro
570 4620 671 4686 Petro
688 4620 849 4700 Durandi,
865 4640 951 4705 pape
967 4622 1154 4705 capellan0,
1171 4620 1334 4686 canonico
1352 4620 1592 4700 Ebredunensi,
1609 4619 1702 4685 Sedis

351 4726 529 4809 apostolice
554 4724 673 4789 nuntio
702 4725 744 4789 ad
770 4733 882 4809 partes
908 4724 1085 4789 Alamanie
1119 4724 1298 4805 destinato,
1334 4725 1512 4810 deputatur
1546 4725 1702 4791 salarium

349 4829 446 4893 trium
463 4828 664 4894 florenorum
688 4828 757 4891 auri
775 4827 911 4912 singulis
927 4828 1052 4892 diebus.

392 4931 478 4998 Cum
493 4953 556 4997 nos
578 4931 661 4996 de...

394 5036 471 5102 Dat.
487 5035 588 5101 Avin.
608 5054 624 5119 5
642 5034 685 5100 id.
707 5034 854 5100 octobris
870 5055 959 5099 anno
977 5054 1005 5119 5.

387 5174 443 5237 Reg.
456 5179 503 5223 An.
519 5178 555 5232 ll,
568 5175 586 5222 i.
599 5176 674 5222 3951ι
688 5174 745 5222 l'at.
763 5177 799 5232 ll,
814 5176 831 5221 l.
846 5176 881 5232 lli,
895 5189 947 5222 cnr.
961 5188 985 5222 11.
998 5176 1036 5222 32.
