4409 6017
898 726 1044 793 Premibre
1065 726 1167 791 anuto.
1675 724 1715 789 63

396 878 503 961 197.
1321 890 1414 971 1316,
1431 909 1473 974 29
1489 890 1671 955 novembre.

391 996 524 1075 Jacobo
540 998 664 1064 Leonis
673 998 842 1064 confertur
851 997 1067 1064 canonicatus
1077 995 1218 1062 ecclesie
1229 993 1399 1079 Regensis,
1411 995 1470 1058 sub
1481 993 1714 1078 expectatione

347 1102 522 1187 prebende
537 1103 668 1188 integre
683 1110 718 1167 et
734 1123 802 1167 non
818 1102 1042 1181 sacerdotalis,
1059 1099 1326 1166 consideratione
1352 1096 1471 1160 nobilis
1485 1096 1545 1159 viri
1578 1095 1715 1161 Roberti

345 1207 391 1272 de
409 1206 565 1283 Bolonie,
582 1207 706 1272 militis.

392 1311 593 1397 Apostolice
609 1311 880 1376 munificentie...

393 1415 475 1479 Dat.
491 1414 592 1479 Asin.
610 1435 628 1499 3
645 1413 711 1479 kal.
727 1413 912 1480 decembris
928 1434 1018 1478 anno
1039 1434 1064 1478 1.

394 1518 437 1584 In
453 1540 483 1582 e.
499 1541 545 1583 m.
562 1518 739 1584 Crocensis
754 1526 788 1582 et
804 1518 835 1583 S.
854 1517 1022 1582 Honorati
1040 1515 1219 1581 Lirinensis
1235 1513 1514 1580 monasteriorum
1530 1512 1714 1592 abbatibus

347 1621 578 1687 Sistaricensis
603 1630 637 1686 et
663 1620 852 1686 Grassensis
879 1621 1061 1700 diocesum,
1089 1640 1129 1685 ac
1159 1617 1299 1683 Girardo
1326 1617 1368 1683 de
1395 1618 1524 1699 Castr0,
1552 1617 1715 1682 canonico

348 1725 635 1791 Claromoutensi.

380 1889 444 1950 ch.
455 1891 505 1938 Ar.
520 1892 543 1947 ι’),
556 1889 575 1937 f.
590 1889 617 1934 51
633 1903 638 1938 :
653 1887 710 1937 rar..
725 1889 763 1942 ul,
776 1889 795 1938 i.
810 1891 865 1945 21111,
878 1904 903 1937 11.
918 1891 987 1938 llil.

393 2074 505 2160 198.
1318 2097 1414 2177 1316,
1430 2118 1472 2182 29
1490 2103 1670 2166 novembro.

394 2196 498 2261 Petro
514 2196 556 2262 de
574 2196 680 2263 Ulmo
695 2196 865 2262 confertur
884 2197 1100 2264 canonicatus
1117 2199 1256 2264 ecclesie
1272 2199 1303 2264 S.
1322 2198 1409 2264 Petri
1435 2200 1592 2280 Ariensis,
1611 2201 1713 2268 Mori-

352 2301 465 2367 nensis
489 2300 641 2380 diocesis,
667 2303 726 2365 sub
742 2301 976 2388 expectatione
1000 2302 1170 2387 prebende
1197 2302 1323 2387 integre
1339 2311 1373 2367 et
1398 2324 1466 2368 non
1492 2307 1714 2388 sacerdotalis

354 2404 622 2470 consideratione
639 2402 788 2484 Roberti,
805 2403 946 2469 Bolonie
962 2404 1104 2484 comitis,
1121 2426 1189 2470 non
1206 2409 1361 2472 obstante
1374 2408 1465 2492 quod
1473 2410 1713 2494 parrochialem

354 2507 529 2574 ecclesiam
544 2507 586 2573 de
603 2505 814 2594 Brendenay‚
831 2507 1052 2574 Tornacensis
1067 2509 1217 2590 diocesis,
1235 2510 1375 2576 obtinet.

396 2612 592 2698 Apostolice
609 2613 711 2679 Sedis.
721 2664 745 2677 ..

398 2717 475 2781 Dat.
492 2717 592 2781 Avin.
611 2738 628 2800 3
646 2718 711 2782 kal.
727 2716 912 2782 decembris
927 2739 1018 2782 anno
1038 2737 1064 2783 1.

399 2818 437 2884 lu
453 2840 482 2883 e.
500 2840 544 2882 m.
560 2819 719 2905 episcopo
750 2817 953 2885 Tornacensi
978 2828 1012 2885 et
1042 2821 1154 2886 abbati
1185 2821 1339 2887 secularis
1364 2820 1576 2904 Brivatensis
1601 2823 1715 2889 Claro-

362 2921 544 2988 montensis
559 2922 711 3003 diocesis
728 2931 762 2988 et
778 2924 948 3009 preposito
960 2924 1195 2990 Ambianensis
1210 2926 1432 2991 ecclesiarum.

390 3084 447 3147 neg.
460 3088 510 3136 xv.
525 3086 579 3145 ,1,1.
594 3086 638 3132 15⁴
652 3101 657 3134 ;
671 3085 729 3133 nar.
743 3087 781 3143 m,
795 3086 813 3133 r.
825 3088 880 3143 293,
893 3100 918 3132 n.
934 3087 1002 3133 111.-11.

402 3276 510 3359 199.
942 3378 945 3382 ,
1015 3341 1016 3344 ,
1321 3295 1671 3381 131639116111111611.

399 3395 561 3476 Robert0,
591 3396 752 3460 Arveruie
783 3406 818 3461 et
850 3396 989 3463 Bolonie
1020 3399 1145 3480 comiti,
1177 3399 1364 3484 indulgetur
1403 3408 1439 3464 nt
1469 3397 1642 3475 Johannes
1673 3399 1715 3464 de

365 3497 521 3577 Hemont,
547 3500 727 3565 canonicus
752 3499 972 3566 Tornncensis
1007 3510 1041 3567 et
1066 3502 1242 3587 collegiate
1268 3501 1305 3567 B.
1332 3501 1462 3567 Matlrei
1490 3500 1716 3567 Follriacensis

309 3687 310 3702 χ
363 3604 579 3682 ecclesiarum,
609 3603 844 3668 Ambianensis
873 3604 1024 3683 diocesis,
1055 3606 1240 3670 insistendo
1273 3606 1439 3690 obsequiis
1471 3606 1549 3672 dicti
1574 3607 1714 3685 comitis,

364 3704 479 3771 tructus
495 3706 740 3790 prebendarum
757 3727 838 3790 quas
855 3707 887 3770 in
912 3707 1009 3772 dictis
1034 3708 1182 3774 ecclesiis
1199 3708 1339 3790 obtinet,
1355 3710 1524 3795 percipere
1541 3711 1651 3776 valeat
1674 3710 1716 3775 ad

363 3810 547 3874 triennium.

400 3914 504 3979 Grata
520 3921 579 3978 tue
596 3913 829 3980 devotionis...

400 4018 477 4082 Dat.
494 4016 594 4081 ,ui-in.
613 4037 630 4100 3
647 4016 713 4081 kal.
730 4016 914 4082 decembris
929 4040 1019 4084 anuo
1039 4041 1065 4083 1.

401 4120 439 4185 In
456 4144 486 4186 e.
503 4142 548 4185 m.
573 4120 732 4206 episcopo
756 4120 959 4187 'l'ornacensi
985 4134 1019 4188 et
1047 4124 1159 4188 abbati
1186 4124 1340 4188 secularis
1365 4123 1577 4203 Brivatensis‚
1605 4125 1716 4189 Claro·

363 4228 540 4293 montensis
556 4227 706 4307 diocesis,
718 4249 757 4292 ac
767 4226 913 4304 Johanni
924 4228 1077 4309 Lambin,
1088 4229 1252 4295 canonico
1262 4228 1482 4294 Toruacensis
1492 4228 1716 4292 ecclesiarum.

393 4395 449 4454 lieu.
465 4397 513 4442 xv.
526 4399 548 4451 5,
562 4395 579 4441 f.
595 4396 636 4441 lr'l
651 4410 656 4443 :
672 4394 728 4440 l'at.
741 4397 779 4450 ol,
793 4396 810 4442 f.
823 4398 877 4452 322,
892 4410 916 4444 11.
932 4399 1000 4443 lum.

403 4590 521 4673 200·
1322 4604 1416 4684 1316,
1433 4623 1475 4686 29
1493 4603 1674 4666 novembre.

404 4707 580 4774 Vincentio
597 4707 638 4772 de
665 4705 771 4771 Facto
788 4707 955 4771 confertur
977 4706 1191 4772 canonicatus
1216 4706 1354 4771 ecclesie
1372 4705 1580 4788 vivariensis,
1598 4708 1630 4770 iu
1654 4728 1719 4791 qna

371 4820 467 4875 certus
491 4810 729 4876 canonicorum
755 4833 912 4876 munerus
936 4821 970 4876 et
993 4812 1237 4896 prebendarum
1262 4812 1432 4880 distinctio
1457 4836 1526 4879 non
1545 4815 1718 4892 habentur,

372 4916 626 4980 consideratione
644 4916 790 4991 Roberti,
807 4916 939 4981 comitis
955 4915 1107 4994 Bolonie,
1124 4937 1192 4980 non
1209 4918 1364 4981 obstante
1381 4919 1470 5002 quod
1486 4919 1519 4982 in
1537 4916 1719 4981 Vivarieusi

374 5025 401 5080 et
414 5019 580 5085 Aniciensi
597 5020 745 5085 ecclesiis
760 5020 899 5084 clericus
914 5020 1005 5084 chori
1023 5019 1144 5084 existit.

409 5120 478 5187 Tue
494 5123 624 5188 merita.
634 5175 657 5188 ..
