4409 6017
904 748 1051 815 linitione
1071 748 1174 814 annes.
1661 749 1717 814 491

354 899 453 981 quod
469 900 589 965 eodem
605 898 659 964 die
680 897 722 963 de
732 897 933 964 canonicatu
947 897 1088 964 ecclesie
1105 896 1301 964 Leodiensis
1316 899 1376 963 sub
1392 897 1630 984 expectatione
1646 917 1718 984 pre·

352 1003 471 1069 bende
486 1003 516 1068 ei
532 1003 704 1089 provisum
719 1001 792 1068 fuit.

403 1106 601 1193 Apostolice
616 1105 762 1172 Sedis...

404 1211 485 1277 Dat.
501 1211 600 1277 Avin.
615 1231 633 1295 3
649 1209 715 1276 kal.
731 1210 810 1275 maii
822 1229 911 1276 anno
927 1213 957 1276 8.

403 1314 491 1381 Ine.
508 1336 553 1381 m.
569 1314 682 1380 abbati
701 1314 893 1390 monasterii
917 1314 948 1381 8.
964 1313 1083 1393 Jacobi
1099 1324 1135 1381 et
1151 1316 1323 1403 preposito
1346 1317 1378 1383 8.
1396 1316 1536 1383 Martini
1553 1315 1718 1384 Leodien-

354 1420 445 1485 sium
460 1439 500 1485 ac
517 1418 687 1485 Bernardo
706 1418 748 1484 de
765 1417 1037 1500 Montevalrano,
1053 1419 1293 1487 archidiacono
1315 1420 1589 1507 Transligerensi,
1612 1421 1717 1488 Turo-

353 1523 471 1590 nensis
487 1522 713 1589 ecclesiarum.

390 1671 451 1731 Reg.
465 1672 511 1720 Ar.
526 1672 566 1730 20,
580 1671 598 1720 f.
610 1672 670 1719 510¹
681 1685 687 1720 ε
699 1670 758 1721 Vat.
774 1671 842 1729 76,ss
858 1673 912 1731 326,
926 1687 952 1722 n.
965 1674 1020 1722 998.

402 1837 505 1900 1329.
522 1830 698 1897 —Eidem
721 1831 895 1900 Ludovico
918 1832 1087 1901 confertur
1110 1837 1328 1903 canonicatus
1350 1836 1491 1903 ecclesie
1523 1836 1718 1903 Leodiensis

354 1937 419 2000 sub
436 1935 676 2022 expectatione
691 1937 870 2022 prebende,
895 1959 971 2004 cum
987 1940 1174 2006 cassatione
1202 1941 1386 2007 litterarum
1411 1941 1601 2008 collationis
1616 1961 1717 2008 cano·

353 2039 491 2104 nicatus
506 2041 565 2104 sub
580 2040 817 2125 expectatione
840 2042 1009 2127 prebende
1025 2043 1166 2110 ecclesie
1190 2045 1219 2110 S.
1246 2042 1415 2112 Lamberti
1433 2044 1636 2126 Leodiensis,
1652 2066 1718 2130 que

353 2142 477 2208 eadem
504 2153 565 2223 est,
589 2143 713 2209 dudum
737 2143 850 2210 favore
875 2145 977 2231 ipsius
1001 2145 1164 2214 Ludovici
1188 2147 1278 2214 facte
1296 2148 1353 2233 (¹),
1370 2168 1509 2234 quarum
1531 2148 1716 2215 litterarum

360 2246 564 2312 auctoritate
580 2247 614 2312 in
630 2246 721 2313 dicta
735 2247 928 2315 eeclesia-in
945 2251 1146 2317 canonicum
1163 2261 1318 2340 receptus
1333 2252 1441 2319 fuerit.

401 2349 572 2417 Nobilitas
587 2350 768 2435 generis...
1098 2351 1100 2353 ’

401 2454 481 2519 Dat.
498 2454 598 2520 Avin.
616 2453 712 2539 3kal.
728 2457 806 2521 maii
823 2478 912 2523 anno
928 2460 958 2523 8.

401 2557 442 2622 In
460 2579 488 2622 e.
505 2579 549 2624 m.
565 2558 597 2624 S.
612 2559 704 2625 Pauli
720 2579 755 2626 et
770 2561 803 2626 8.
817 2558 954 2627 Martini
966 2561 1204 2630 Leodiensium
1216 2565 1352 2631 decanis
1362 2586 1401 2632 ac
1413 2565 1575 2650 magistro
1589 2565 1609 2645 J
1612 2567 1717 2633 ohan·

351 2662 388 2727 ni
405 2661 449 2728 de
467 2662 591 2743 Rocca,
604 2663 767 2730 canonico
783 2662 817 2730 N
820 2665 1011 2751 eapolitane
1027 2668 1254 2735 ecclesiarum.

388 2801 452 2862 Reg.
465 2802 512 2849 Av.
524 2802 564 2861 20,
577 2801 597 2851 f.
612 2803 670 2859 lta
682 2801 741 2850 Vat.
754 2805 793 2861 77,
807 2803 825 2852 f.
841 2804 863 2862 l,
876 2818 901 2852 n.
911 2805 981 2853 1010.

400 2969 548 3056 1330.
1450 2987 1672 3071 &mamae

403 3088 566 3177 Magistro
582 3088 763 3154 Guillelmo
778 3088 821 3154 de
836 3088 961 3155 Sancto
977 3088 1123 3170 Victore,
1146 3090 1299 3176 scriptori
1315 3111 1412 3177 pape,
1425 3090 1595 3156 confertur
1611 3089 1714 3174 quod-

353 3196 437 3261 dam
452 3193 655 3261 beneficium
677 3192 949 3270 ecclesiasticum,
972 3202 1170 3280 personatus
1192 3193 1234 3259 de
1260 3193 1448 3259 Wambeke
1475 3201 1715 3279 nuncupatum,

353 3298 607 3365 Cameracensis
621 3296 773 3376 diocesis
799 3298 857 3379 (60
880 3297 936 3363 lib.
960 3306 1023 3363 tur.
1040 3298 1163 3383 paru),
1187 3317 1312 3364 vacans
1335 3319 1395 3384 per
1410 3297 1540 3364 obitum
1556 3296 1716 3363 Hominis

351 3405 396 3469 de
416 3402 581 3483 Peretu10,
597 3401 752 3467 canonici
769 3400 967 3482 Tridentini,
983 3401 1073 3487 apud
1096 3401 1217 3468 Sedem
1234 3402 1455 3488 apostolicam
1471 3400 1630 3483 defuncti,
1646 3420 1714 3465 non

352 3511 510 3573 obstante
525 3506 616 3591 quod
631 3505 806 3572 eeclesiam
830 3505 861 3571 S.
887 3505 975 3570 Petri
999 3505 1041 3571 de
1066 3504 1217 3587 Foresta,
1242 3505 1481 3591 Aquinatensis
1504 3505 1656 3586 diocesis,
1680 3515 1715 3572 et

354 3613 421 3679 alia
436 3612 602 3678 beneficia
617 3610 851 3679 ecclesiastica
863 3611 1007 3677 obtinet.

401 3715 492 3781 Dum
508 3716 713 3782 laudanda..
729 3767 735 3781 .

401 3821 477 3885 Dat.
489 3821 589 3886 Avin.
607 3822 804 3886 6non.maii
821 3841 911 3886 anno
928 3823 958 3885 8.

402 3926 443 3992 In
459 3948 488 3992 e.
511 3948 555 3991 m.
572 3926 687 3992 abbati
710 3928 902 3992 monasterii
927 3928 958 3992 S.
986 3927 1126 3992 Auberti
1159 3925 1409 4017 Cameracensis
1432 3948 1471 3995 ac
1487 3927 1659 3994 Armando
1674 3928 1716 3994 de

357 4031 531 4111 Narcesio,
547 4031 677 4095 decano
700 4031 732 4095 S.
757 4030 917 4116 Stephani
941 4032 983 4095 de
1006 4030 1160 4096 Tescone
1185 4029 1437 4112 Montisalbani,
1461 4051 1502 4097 ac
1524 4030 1652 4109 Jacobo
1674 4032 1716 4098 de

357 4134 505 4216 Mutina,
521 4135 686 4201 canonico
702 4134 953 4202 Cameracensis
969 4135 1198 4214 ecclesiarum,
1211 4136 1393 4220 capellanis
1406 4156 1503 4223 pape.

389 4275 560 4337 ch.1lv.20,
573 4274 590 4324 i.
605 4275 663 4321 169ν
674 4289 680 4331 ;
693 4274 740 4322 Av.
753 4276 792 4331 21,
805 4274 822 4323 l.
838 4275 884 4321 239
897 4274 1056 4335 (fragment)
1067 4289 1072 4329 ;
1085 4274 1143 4321 l'at.
1157 4276 1195 4333 to,
1208 4275 1226 4322 f.
1239 4275 1305 4330 3092
1321 4288 1346 4321 n.
1359 4275 1414 4322 937.

402 4444 536 4528 1331.
1449 4478 1544 4542 1324,
1561 4479 1582 4522 2
1594 4461 1671 4524 mai.

401 4564 578 4629 Relaxatio
595 4563 638 4628 ad
654 4563 832 4628 triennium
850 4562 1016 4628 interdicti
1041 4571 1075 4627 et
1092 4561 1451 4629 excommunicationis
1474 4563 1715 4629 sententiarum

353 4673 397 4734 ab
413 4669 630 4735 universitate
646 4668 760 4755 oppidi
775 4670 805 4733 S.
822 4668 988 4747 Trudonis
1004 4668 1207 4733 incursarurn
1225 4669 1280 4752 (ἐ).

363 4847 651 4856 ——‘.—.—-—-—-.--

390 4952 410 4996 l.
426 4948 488 5007 Voy.
500 4961 525 4994 n.
541 4949 610 4994 1193.
619 4974 645 4979 «-
655 4950 677 4993 2.
691 4947 738 4992 Sur
751 4946 787 4992 lus
799 4945 862 4992 faits
873 4947 917 5003 oui
930 4946 1035 4992 avaient
1046 4943 1138 4993 amend
1151 4946 1175 4992 la
1187 4945 1377 5007 promulgation
1389 4945 1421 4993 dc
1432 4949 1501 4994 cette
1512 4951 1642 5004 sentence,
1658 4960 1714 5005 roy.

354 5033 402 5079 Ch.
418 5031 482 5086 Piot,
506 5028 653 5077 Cartarluira
671 5027 701 5074 de
722 5026 838 5089 l'nlrlmye
855 5026 885 5073 da
903 5027 1083 5087 Saritai-Trunci,
1102 5033 1121 5076 t.
1143 5028 1179 5085 11,
1200 5027 1389 5086 Introduction,
1412 5042 1436 5090 p.
1455 5028 1588 5077 XXXVII
1601 5035 1627 5077 ct
1639 5031 1716 5080 suia:

354 5112 388 5157 «lo
403 5111 520 5157 Burman.
543 5109 686 5172 t'lrroniqrre
705 5108 736 5155 dc
755 5108 872 5171 lirbhoyo
889 5107 920 5154 do
938 5108 1119 5165 Salat-Transi,
1132 5115 1151 5157 t.
1164 5109 1199 5168 ll,
1211 5124 1235 5171 p.
1248 5111 1311 5158 254:
1332 5110 1360 5158 F.
1382 5110 1499 5171 Straven,
1516 5111 1718 5160 Iareraetutredea

353 5191 472 5240 ‹rrelrim
483 5191 514 5238 de
523 5189 548 5237 la
564 5190 622 5238 rille
634 5190 665 5238 de
677 5189 856 5244 Sirirtt-'l'roud
869 5195 887 5237 t.
901 5191 920 5245 1,
934 5204 958 5256 p.
972 5192 1000 5236 15
1013 5196 1038 5238 et
1050 5192 1115 5242 suiv.
