4409 6017
519 734 569 807 ut
1105 735 1286 803 Fornulaire

521 888 671 950 dulgemus
696 895 727 938 ut
754 878 885 940 insistens
910 878 1065 939 scolasticis
1090 884 1246 948 disciplinis
1270 885 1297 937 in
1321 885 1382 938 loco
1404 883 1453 938 ubi
1475 882 1600 939 studium
1622 882 1718 949 vigeat
1740 883 1864 950 generale,

521 966 637 1028 fructus,
655 964 781 1017 redditus
808 973 834 1016 et
851 973 1004 1028 proventus
1020 964 1148 1016 omnium
1164 962 1372 1015 beneficiorum
1397 975 1509 1016 tuorum
1536 980 1591 1027 que
1617 980 1694 1018 nunc
1717 964 1825 1018 obtines
1846 976 1865 1018 et

522 1048 706 1111 imposterum
724 1046 874 1109 obtinebis,
896 1046 981 1099 etiam
998 1044 1021 1098 si
1039 1044 1200 1107 dignitates,
1222 1053 1390 1108 personatus
1411 1043 1456 1096 vel
1477 1043 1574 1096 officia
1596 1045 1718 1097 existant
1740 1054 1768 1098 et
1788 1061 1865 1099 curan

522 1129 648 1181 habeant
666 1128 832 1190 animarum,
852 1144 917 1179 cum
936 1145 970 1179 ea
988 1126 1150 1189 integritate
1169 1142 1260 1187 usque
1279 1124 1316 1177 ad
1336 1124 1488 1178 triennium
1507 1125 1596 1177 libere
1615 1126 1763 1190 percipere
1780 1126 1863 1191 valeas,
1900 1183 1907 1210 Ι

523 1209 671 1262 cotidianis
688 1208 931 1262 distributionibus
950 1209 1097 1261 dumtaxat
1115 1206 1249 1270 exceptis,
1265 1223 1330 1258 cum
1344 1223 1401 1270 qua
1415 1206 1478 1259 illos
1492 1205 1662 1273 perciperes,
1678 1207 1702 1260 si
1716 1207 1747 1260 in
1760 1207 1863 1263 ecclesiis
1902 1215 1907 1240 ²

525 1292 554 1345 in
571 1292 674 1356 quibus
692 1291 832 1344 beneficia
850 1290 912 1355 ipsa
929 1292 1041 1352 fuerint,
1059 1290 1249 1355 personaliter
1269 1290 1416 1355 resideres,
1439 1307 1492 1344 nec
1513 1290 1624 1345 interim
1645 1289 1683 1344 ad
1704 1290 1864 1344 residendtut
1904 1295 1907 1316 ²

524 1374 553 1425 in
574 1373 682 1426 eisdem
704 1373 830 1427 ecclesiis
851 1373 981 1437 tenearis,
1003 1390 1097 1436 neque
1120 1373 1156 1426 ad
1175 1372 1205 1425 id
1226 1389 1243 1424 a
1262 1388 1408 1436 quoquam
1436 1372 1532 1425 valeas
1560 1371 1690 1434 coartari,

559 1471 617 1508 non
633 1455 813 1527 obstantibus
830 1456 853 1507 si
870 1454 899 1508 in
916 1454 1024 1508 eisdem
1041 1454 1167 1508 ecclesiis
1184 1453 1305 1518 primam
1320 1471 1377 1506 non
1392 1453 1494 1507 feceris
1508 1453 1690 1518 personalem
1703 1452 1863 1507 residentiam
1903 1449 1907 1458 '

524 1549 697 1599 consuetam.
717 1555 803 1603 quam
819 1548 923 1604 tamen,
940 1537 1017 1591 dicto
1036 1537 1133 1601 elapso
1149 1535 1273 1590 triennio
1287 1536 1362 1588 vela
1382 1536 1465 1589 scolis
1479 1534 1775 1596 intenim'recedendO,
1787 1534 1863 1588 facere
1905 1571 1907 1578 ·

524 1620 654 1682 tenearis,
676 1630 725 1673 aut
743 1620 969 1684 quibuscumque
989 1618 1100 1672 statutis
1122 1629 1149 1671 et
1169 1617 1422 1671 consuetudinibus
1452 1618 1598 1671 contrariis
1629 1616 1770 1669 dictamm
1797 1612 1862 1668 eccle

524 1702 637 1762 siarum,
653 1702 822 1764 juramento,
838 1701 1053 1755 confirmatione
1069 1700 1151 1753 Sedis
1167 1700 1323 1765 apostolice
1341 1700 1386 1753 vel
1406 1716 1585 1763 quacumque
1604 1698 1660 1751 alia
1679 1699 1809 1751 [innitate
1824 1695 1869 1765 val⁴
1904 1711 1907 1716 ⁴

524 1784 595 1847 latis,
615 1784 700 1837 etiam
718 1784 741 1836 si
758 1784 794 1836 de
811 1783 865 1837 illis
884 1782 1029 1835 servandis
1046 1792 1073 1835 et
1091 1799 1148 1835 non
1165 1781 1351 1846 impetrandis
1374 1781 1472 1834 litteris
1496 1779 1658 1844 apostolicis
1680 1790 1778 1833 contra
1799 1784 1862 1832 east
1904 1769 1907 1806 :

523 1865 560 1918 de
579 1864 646 1930 ipsis
667 1866 754 1918 etiam
773 1864 871 1918 litteris
890 1880 948 1918 non
968 1864 1083 1926 utendo,
1102 1882 1119 1916 a
1139 1873 1167 1917 te
1186 1864 1232 1916 vel
1258 1863 1314 1915 alio
1340 1862 1503 1927 impetratis,
1531 1861 1686 1926 prestiteris
1711 1877 1762 1924 per
1785 1870 1811 1914 te
1830 1856 1862 1911 vd
1902 1870 1907 1924 ,ἑ

523 1955 735 2007 procuratorem
759 1954 838 1997 tuum
862 1944 982 1997 forsitan
1004 1945 1203 2007 juramentum,
1224 1961 1274 1997 seu
1293 1943 1315 1995 si
1335 1944 1461 1997 locorum
1478 1943 1627 1997 ordinariis
1645 1960 1663 1995 a
1682 1942 1759 1995 Sede
1776 1948 1862 2005 aposto
1904 1939 1907 1968 ³

525 2026 578 2079 lica
594 2044 761 2080 concessum
778 2028 899 2080 extiterit
914 2028 991 2091 quod
1007 2029 1159 2081 canonicos
1177 2039 1203 2080 et
1224 2044 1360 2091 personas
1381 2026 1565 2080 ecclesiarum
1585 2042 1700 2079 suarum
1719 2025 1863 2080 civitatiset

524 2107 644 2161 diocesis
661 2126 712 2172 per
728 2109 950 2162 subtractionem
967 2118 1155 2172 proventuum
1171 2126 1287 2161 suorum
1303 2109 1346 2161 vel
1365 2109 1435 2161 alias
1451 2108 1623 2172 compellere
1639 2108 1754 2160 valeant
1770 2106 1805 2159 ad
1817 2101 1864 2158 resi·

524 2188 651 2243 dendum
667 2190 854 2254 personaliter
871 2190 900 2243 in
916 2191 1031 2253 eisdem,
1049 2192 1108 2243 sive
1125 2190 1148 2243 si
1164 2191 1272 2243 eisdem
1288 2190 1436 2244 ordinariis
1455 2200 1482 2243 et
1498 2189 1628 2253 capitulis
1643 2188 1782 2242 dictarum
1798 2184 1865 2241 eccle

524 2272 629 2324 siarum
652 2290 669 2325 a
689 2272 816 2336 predicta
840 2272 915 2324 Sede
937 2272 972 2325 sit
996 2272 1135 2325 indultum
1159 2272 1203 2324 vel
1226 2272 1410 2336 imposterum
1426 2272 1576 2334 contigerit
1594 2270 1736 2333 indulgeri
1752 2269 1868 2334 quodu-

451 2420 454 2430 Ι
524 2354 632 2408 nonicis
654 2366 681 2407 et
705 2356 832 2419 personis
854 2372 952 2408 earum
973 2356 1088 2419 fructus,
1112 2356 1239 2409 redditus
1262 2366 1290 2408 et
1314 2365 1466 2420 proventus
1487 2354 1693 2407 beneficiorum
1716 2368 1825 2406 suorum
1840 2363 1869 2401 ac

524 2435 703 2500 dignitatum,
727 2446 930 2501 personatuum
953 2448 980 2490 et
1004 2436 1164 2490 officiorum
1187 2437 1326 2491 dictarum
1355 2437 1539 2491 ecclesiarum
1566 2452 1631 2488 cum
1658 2451 1727 2489 cura
1753 2433 1797 2487 vel
1820 2430 1870 2485 sine

525 2534 592 2569 cura
622 2517 782 2570 ministrare
813 2518 841 2570 in
872 2518 1000 2571 absentia
1030 2519 1147 2572 minime
1177 2529 1329 2572 teneantur
1365 2528 1391 2572 et
1418 2519 1454 2571 ad
1482 2518 1510 2571 id
1536 2518 1668 2582 compelli
1695 2534 1753 2571 non
1779 2514 1871 2581 possint

526 2614 577 2660 per
598 2597 705 2650 litteras
727 2598 897 2661 apostolicas
918 2615 976 2650 non
999 2599 1137 2652 iacientes
1157 2598 1274 2663 plenam
1299 2611 1326 2652 et
1351 2615 1515 2663 expressam
1539 2616 1572 2651 ac
1596 2598 1632 2650 de
1656 2597 1745 2650 verbo
1769 2596 1805 2648 ad
1823 2606 1872 2647 ver-

525 2681 593 2731 bum
611 2679 649 2731 de
667 2678 776 2732 indulto
795 2679 957 2741 hujusmodi
975 2681 1156 2744 mentionem,
1175 2699 1227 2733 seu
1246 2681 1418 2745 quibuslibet
1445 2679 1606 2745 privilegiis,
1634 2677 1814 2741 indulgentiis
1833 2670 1876 2727 vel

526 2759 624 2812 litteris
649 2760 810 2824 apostolicis
834 2761 1016 2824 generalibus
1041 2762 1086 2814 vel
1111 2763 1289 2827 specialibus,
1322 2778 1564 2825 quorumcumque
1595 2770 1729 2813 tenorum
1760 2758 1876 2814 existant,

526 2857 577 2903 per
597 2857 653 2903 que
675 2841 854 2904 presentibus
877 2860 934 2895 non
955 2861 1088 2905 expressa
1110 2846 1155 2897 vel
1178 2844 1303 2897 totaliter
1317 2861 1374 2896 non
1388 2845 1500 2905 inserta,
1517 2842 1637 2895 effectus
1651 2836 1812 2902 hujusmodi
1821 2849 1878 2899 gn·

526 2920 564 2973 tie
584 2921 717 2984 impediri
739 2925 832 2975 valeat
854 2924 898 2975 vel
922 2924 1024 2985 differi,
1049 2935 1076 2977 et
1099 2925 1136 2977 de
1158 2925 1261 2988 quibus
1281 2941 1458 2989 quorumque
1477 2922 1542 2976 totis
1562 2921 1708 2975 tenoribus
1727 2920 1834 2985 plenam
1846 2919 1881 2965 et

527 3019 688 3066 expressam
708 3021 740 3054 ac
758 3003 794 3055 de
814 3005 900 3056 verbo
917 3005 954 3056 ad
971 3006 1089 3058 verbum
1109 3006 1136 3058 in
1155 3006 1257 3059 nostris
1276 3007 1375 3060 litteris
1394 3006 1455 3058 lieri
1475 3013 1604 3068 oporteat
1622 3003 1808 3062 mentionem3
1822 3010 1883 3061 pn>-

526 3084 586 3137 viso
605 3085 681 3147 quod
701 3087 820 3139 ecclesie
840 3086 987 3150 inquibus
1007 3088 1168 3149 hujusmodi
1187 3088 1329 3142 beneficia
1350 3089 1463 3149 fuerint,
1484 3087 1586 3140 debitis
1608 3084 1720 3139 interim
1739 3098 1796 3136 non
1813 3079 1885 3135 frm-

528 3163 632 3215 dentur
648 3164 792 3228 obsequiis
811 3177 838 3217 et
857 3166 1015 3219 animarum
1034 3186 1101 3220 cura
1119 3171 1147 3223 in
1166 3171 1206 3223 eis
1227 3169 1328 3232 quibus
1355 3169 1402 3222 illa
1427 3168 1553 3221 imminet
1578 3166 1740 3219 nullatenus
1764 3160 1887 3225 negliga-

528 3257 579 3300 tur.

564 3331 642 3382 Nulli
663 3350 731 3395 ergo
753 3344 804 3386 etc.
827 3342 921 3386 nostre
942 3333 1132 3386 concessionis
1153 3344 1206 3388 etc.

560 3415 668 3469 Datum
684 3416 823 3469 Avinione
843 3418 886 3470 111
905 3417 962 3472 kal.
980 3418 1104 3470 octobris
1121 3435 1196 3470 anno
1216 3417 1349 3468 secundo.

566 3564 600 3614 In
615 3562 741 3615 eundum
755 3563 873 3616 modum
888 3563 997 3616 dilectis
1015 3563 1080 3617 tiliis
1100 3606 1124 3619 .,
1153 3562 1253 3615 abbati
1267 3561 1432 3614 monasterii
1449 3561 1477 3613 S.
1496 3559 1611 3612 Luciani
1629 3575 1717 3622 prope
1735 3556 1907 3610 Belvacu11¹

529 3652 589 3695 et..
608 3642 808 3696 archidiacono
827 3644 964 3707 Dunensi,
983 3644 1174 3709 Camotensis,
1192 3660 1227 3695 ac
1248 3689 1270 3701 ,.
1292 3642 1441 3695 scolastico
1463 3642 1490 3696 S.
1514 3640 1594 3693 Pauli
1618 3638 1783 3693 Leodiensis
1803 3633 1907 3689 esde·

528 3724 641 3779 siarum.

566 3803 759 3869 Suffragantia
777 3806 872 3860 dilecti
888 3806 939 3861 tilii
957 3817 1007 3861 etc.
1025 3825 1115 3872 usquc
1132 3808 1303 3871 negligatur.
1901 3865 1907 3875 ,

565 3887 704 3949 Quocirca
725 3887 888 3942 discretioni
911 3899 1004 3941 vestre
1024 3907 1076 3954 per
1098 3889 1255 3953 apostolica
1283 3889 1387 3952 scripta
1414 3886 1582 3940 mandamus
1609 3885 1741 3949 quatinus
1769 3900 1818 3937 vos
1840 3890 1907 3934 ve·

530 3967 587 4021 duo
607 3979 655 4021 aut
675 3985 747 4021 unus
766 3980 898 4031 vestrum
919 3988 970 4035 per
988 3988 1037 4023 vos
1057 3971 1101 4023 vel
1122 3971 1208 4024 alium
1231 3988 1282 4024 seu
1298 3970 1377 4032 alios,
1395 3969 1489 4023 eidem
1506 3968 1637 4030 Guidoni,
1654 3966 1700 4019 vel
1715 3966 1907 4033 procurator

529 4067 581 4103 suo
605 4051 665 4112 ejus
690 4052 812 4114 nomine,
836 4053 947 4106 faciatis
971 4052 1112 4116 predictos
1136 4053 1255 4114 fructus,
1274 4051 1400 4105 redditus
1418 4061 1446 4103 et
1462 4058 1616 4115 proventus
1633 4048 1713 4111 juxta
1729 4031 1907 4110 hujusmod

529 4133 719 4186 concessionis
735 4144 830 4187 nostre
846 4144 983 4199 tenorem,
999 4152 1050 4198 per
1065 4135 1141 4189 idem
1157 4134 1310 4188 triennium
1329 4133 1439 4195 integre
1458 4132 1618 4193 ministrari,
1638 4149 1696 4185 non
1714 4130 1907 4185 obstantibu

528 4213 660 4267 omnibus
682 4215 858 4278 supradictis,
881 4232 931 4267 seu
952 4217 976 4268 si
998 4215 1106 4268 eisdem
1128 4215 1276 4269 ordinariis
1300 4226 1327 4268 et
1350 4213 1480 4278 capitulis
1503 4213 1546 4266 vel
1570 4213 1714 4276 quibusvis
1736 4215 1798 4268 aliis
1818 4214 1907 4266 cort

529 4295 653 4347 muniter
670 4299 713 4350 vel
733 4296 842 4350 divisim
861 4315 878 4349 a
897 4298 1009 4360 prefata
1027 4298 1101 4350 Sede
1123 4298 1262 4352 indultum
1286 4300 1386 4352 existat
1412 4302 1456 4354 vel
1479 4303 1506 4355 in
1528 4312 1612 4354 antea
1634 4300 1784 4362 contigerit
1803 4280 1907 4350 indul

530 4378 591 4440 geri
616 4377 694 4441 quod
711 4378 847 4440 interdici,
865 4379 1000 4443 suspendi
1018 4379 1061 4431 vel
1079 4379 1318 4433 excommunicari
1335 4398 1392 4433 non
1407 4382 1515 4445 possint
1529 4400 1581 4446 per
1597 4383 1704 4436 litteras
1719 4380 1907 4457 apostolice!⁴

528 4476 587 4513 non
603 4460 739 4513 iacientes
754 4460 869 4524 plenam
886 4470 913 4513 et
927 4477 1091 4524 expressam
1106 4478 1140 4514 ac
1155 4460 1191 4514 de
1210 4463 1298 4516 verbo
1324 4463 1362 4516 ad
1386 4464 1505 4516 verbum
1531 4466 1567 4517 de
1593 4464 1703 4518 indulto
1728 4464 1907 4527 hujusmoc

529 4540 710 4596 mentionem.

565 4624 794 4678 Contradictores
813 4626 979 4679 auctoritate
1000 4636 1051 4680 etc.

565 4704 672 4757 Datum
695 4716 723 4758 ut
747 4725 839 4771 supra.
