4409 6017
891 699 1038 766 lluitrbne
1060 698 1164 765 annea.
1640 697 1701 762 569

308 859 407 954 ‚que
437 848 507 915 dict
493 856 545 914 tas
574 841 703 915 litteras
729 849 790 916 sibi
826 847 919 914 reddi
950 869 1011 936 per
1041 857 1077 915 te
1108 856 1142 914 et
1170 869 1206 913 se
1232 847 1363 915 liberari
1393 847 1631 915 nichilominus
1663 849 1705 911 ab

308 927 499 1060 :Zamnibus
513 948 635 1016 debitis
650 958 685 1016 et
701 951 970 1035 quantitatibus
961 974 995 1018 ιιι
1010 953 1156 1021 litteris
1148 952 1228 1041 rpsis
1244 951 1424 1034 contentis,
1435 952 1483 1019 sic
1498 951 1589 1038 quod
1604 949 1705 1017 nichil

308 1017 487 1144 {Iernplius
501 1074 561 1140 per
575 1074 633 1120 eas
643 1055 698 1119 vel
714 1054 891 1122 occasione
907 1057 1054 1143 ipsarum
1069 1061 1112 1124 ab
1128 1058 1186 1139 eis,
1198 1057 1285 1125 sicut
1300 1057 1361 1123 sibi
1377 1056 1447 1124 dict
1433 1065 1487 1123 tus
1504 1055 1707 1122 Benedictus

308 1151 554 1273 {promiserat
584 1155 805 1245 imposterum
840 1161 909 1247 peti
945 1162 1080 1247 possit;
1115 1169 1152 1229 tu
1187 1171 1304 1229 tamen
1334 1161 1442 1249 petita
1477 1182 1537 1248 per
1569 1161 1707 1226 eosdem

339 1260 446 1326 abbat
432 1267 503 1325 tem
533 1268 568 1326 et
594 1270 801 1329 conventum
828 1285 928 1351 super
954 1266 1019 1332 hiis
1047 1268 1169 1333 nolens
1199 1265 1390 1345 admittere,
1409 1287 1486 1332 cum
1512 1265 1709 1331 mandatum

308 1335 491 1486 ²ssepeciale
513 1384 582 1431 non
605 1365 747 1433 haberes
769 1388 869 1454 super
888 1368 966 1450 hoc,
990 1370 1070 1456 quid
1093 1377 1129 1436 te
1152 1378 1325 1457 oporteret
1351 1370 1386 1435 in
1409 1369 1474 1436 hac
1494 1377 1590 1457 parte
1612 1388 1710 1454 agere

308 1442 410 1570 {noe
432 1471 607 1535 consulere
634 1470 801 1537 curavisti.
827 1470 902 1539 Nos
928 1482 1043 1540 autem
1069 1474 1165 1541 relat
1140 1483 1233 1541 tione
1258 1474 1340 1540 dicti
1366 1472 1542 1541 Benedicti
1517 1482 1606 1540 tac
1636 1493 1710 1558 pre·

308 1572 456 1641 ‘missis
466 1574 621 1640 omnibus
632 1595 672 1641 ac
683 1575 756 1641 aliis
768 1596 834 1662 que
844 1597 906 1643 nos
922 1577 1108 1645 instruere
1123 1599 1221 1667 super
1231 1577 1390 1665 predictis
1400 1587 1557 1664 poterant
1572 1577 1711 1663 diligen-

309 1677 438 1774 -tius
429 1698 463 1743 m
465 1678 621 1759 tellectis,
637 1679 793 1746 volumus
817 1689 853 1747 et
875 1682 973 1748 nobis
993 1683 1106 1768 placet
1130 1682 1222 1768 quod
1245 1703 1369 1750 omnes
1389 1681 1520 1748 litteras
1542 1681 1712 1769 predictas

309 1782 485 1899 'prefatis
509 1782 622 1849 abbati
649 1791 685 1849 et
709 1785 891 1852 conventui
910 1787 1076 1868 restituas,
1101 1787 1254 1873 quamvis
1280 1786 1460 1872 ampliores
1490 1806 1648 1866 summas,
1676 1794 1713 1851 ut

320 1886 564 1976 premittitur,
580 1887 779 1955 contineant
795 1910 896 1976 quam
911 1890 971 1957 tibi
987 1890 1145 1957 duxerint
1166 1890 1393 1977 assignandae,
1409 1911 1535 1975 eosque
1547 1890 1619 1975 quit
1621 1911 1657 1955 es
1680 1900 1715 1955 et

343 2011 466 2058 eorum
488 1993 579 2057 bona
604 1992 739 2079 penitus
765 1993 1013 2081 imperpetuum
1036 1994 1079 2061 de
1104 1995 1242 2061 summis
1264 2003 1299 2061 et
1319 1995 1452 2080 quantit
1438 1995 1564 2061 tatibus
1579 1994 1639 2060 tibi
1656 2015 1715 2081 per

309 2079 331 2131 ³
343 2094 442 2183 ipsos
456 2096 510 2160 vel
526 2115 642 2162 eorum
657 2096 795 2163 nomine
810 2098 1008 2184 assignatis;
1026 2106 1061 2164 et
1076 2098 1180 2166 licet
1171 2119 1205 2164 rn
1221 2108 1364 2184 utraque
1382 2099 1570 2165 litterarum
1586 2098 1715 2186 predic-

309 2185 496 2281 ‘tar,um‘
488 2220 521 2265 ιιι
538 2201 657 2286 quibus
678 2203 781 2268 abbas
795 2211 831 2269 et
846 2210 1036 2269 conventus
1062 2203 1177 2269 Sancti
1204 2201 1327 2269 Petri'
1318 2224 1353 2267 m
1377 2202 1616 2270 Oudemborch
1642 2223 1714 2289 pre·

309 2293 344 2342 ⁸
341 2301 433 2371 dicti
450 2303 639 2371 existebant
654 2305 792 2391 prefatis
807 2305 995 2375 Benedicto
1010 2315 1046 2373 et
1061 2307 1132 2393 ejus
1152 2307 1261 2389 sociis,
1288 2306 1374 2373 sicut
1400 2307 1524 2395 premit
1509 2307 1616 2387 ttitur,
1633 2306 1715 2372 obli·

308 2403 325 2496 'f
346 2407 431 2493 gatr
437 2428 569 2474 summa
578 2408 773 2495 octuaginta
783 2410 840 2477 hb
856 2419 921 2478 tur.
936 2431 1040 2498 gross.
1057 2410 1186 2497 argentr
1197 2409 1312 2478 debita
1324 2411 1499 2477 continea
1501 2431 1539 2476 ιιι
1551 2431 1717 2497 expresse

313 2508 324 2552 ³
347 2510 431 2598 quia
445 2520 560 2578 tamen
576 2532 636 2600 per
650 2513 746 2579 relat'
721 2521 851 2580 tionem
866 2513 947 2581 dicti
964 2513 1150 2596 Benedicti,
1114 2515 1220 2581 trcui
1238 2514 1339 2581 fidem
1355 2514 1504 2581 adhiberi
1531 2535 1629 2602 super
1651 2515 1719 2581 hoc

309 2611 323 2658 ἲ
348 2615 519 2705 volumus,
542 2616 696 2684 constitit
720 2617 811 2704 quod
835 2617 879 2684 ad
905 2621 1073 2686 cautelam
1098 2639 1197 2705 super
1213 2618 1315 2685 unico
1330 2618 1464 2685 fuerunt
1479 2618 1572 2685 debit
1558 2627 1596 2685 to
1610 2618 1720 2705 dupli-

309 2719 318 2765 ²
350 2727 434 2786 cate
460 2727 494 2785 et
521 2720 612 2806 quod
633 2721 770 2789 unicum
796 2730 848 2788 est
872 2721 1035 2804 debitum,
1051 2722 1281 2810 solvendoque
1308 2734 1474 2789 summam
1494 2721 1669 2789 dumtaxat
1687 2724 1719 2786 in

309 2825 318 2869 ²
349 2828 460 2894 altera
485 2826 672 2893 litterarum
697 2827 844 2914 ipsarum
869 2836 1078 2909 contentam,
1103 2830 1202 2895 ambe
1229 2828 1291 2894 sibi
1317 2827 1480 2894 deberent
1502 2828 1633 2894 restitui
1650 2835 1720 2893 eta

309 2927 316 2973 ⁵
350 2930 525 2997 contentis
539 2930 573 2995 in
589 2930 638 2996 eis
652 2931 787 3018 penitus
802 2930 932 2997 liberari
948 2932 1157 3021 ;prefatique
1171 2933 1275 2998 abbas
1284 2940 1320 2998 et
1330 2940 1519 2998 conventus
1535 2931 1720 3019 predictam
1755 2992 1757 2997 Α

309 3035 315 3077 ³
350 3032 550 3118 octuaginta
573 3033 630 3099 lib.
646 3042 710 3100 tur.
725 3054 829 3120 gross.
848 3034 977 3121 argenti
1004 3055 1171 3101 summam
1196 3042 1311 3101 nostre
1336 3034 1477 3102 Camere
1504 3043 1598 3100 certo
1618 3033 1721 3100 modo

309 3141 312 3180 i
352 3157 465 3224 nuper
479 3136 621 3204 fecerint
635 3137 805 3225 assignari,
821 3140 907 3205 sicut
923 3139 956 3204 in
973 3139 1048 3205 aliis
1062 3140 1187 3206 nostris
1203 3140 1367 3207 confectis
1387 3159 1486 3226 super
1512 3139 1578 3204 hoc
1602 3137 1723 3203 litteris

352 3241 479 3308 dicitur
501 3241 633 3329 plenius
656 3241 835 3324 contineri,
862 3243 1018 3309 volumus
1044 3243 1136 3329 quod
1161 3242 1329 3329 predictas
1353 3243 1435 3309 duas
1456 3242 1587 3308 litteras
1602 3241 1649 3306 eis
1665 3262 1724 3306 seu

352 3364 476 3410 eorum
491 3346 710 3430 procuratori,
727 3365 804 3412 cum
819 3366 880 3433 per
895 3346 985 3433 ipsos
999 3347 1180 3432 requisitus
1203 3347 1313 3427 fueris,
1337 3346 1512 3413 restituere
1540 3366 1608 3410 non
1632 3352 1725 3431 post-

354 3469 476 3535 ponas.
494 3448 572 3515 Dat.
588 3449 690 3515 Avin.
705 3449 859 3516 kalendis
875 3450 1005 3536 augusti
1021 3471 1112 3517 anno
1129 3453 1158 3517 8.
1173 3471 1190 3514 ι

394 3594 457 3655 Reg.
472 3594 533 3645 vat.
550 3596 603 3654 112,
613 3608 673 3657 pare
685 3595 705 3652 1,
716 3595 734 3642 f.
747 3596 797 3650 99',
814 3610 839 3643 n.
849 3597 904 3644 4⁴5.

409 3780 551 3866 1362.
1444 3814 1539 3878 1324,
1558 3815 1574 3857 ι
1592 3798 1683 3859 aont.

409 3899 574 3986 Magistro
602 3899 703 3966 Petro
730 3899 884 3984 Arquerii
909 3898 1062 3965 scribitur
1087 3900 1130 3966 de
1156 3900 1257 3966 certis
1269 3898 1422 3985 ,pecunie
1449 3897 1729 3982 quantitatibusa

358 4003 564 4092 quibusdam
604 4004 795 4069 hominibus
830 4004 872 4068 de
908 4004 1039 4083 Alosto,
1076 4001 1330 4069 Cameracensis
1359 4002 1514 4083 diocesis,
1542 4000 1728 4066 Benedicto

361 4109 508 4176 Rotario
523 4108 645 4175 debitis
661 4117 696 4175 et
710 4108 753 4174 de
769 4105 900 4174 summa
926 4129 946 4173 a
971 4108 1064 4174 dicto
1081 4107 1268 4173 Benedicto
1283 4106 1302 4185 J
1306 4107 1432 4173 ohanni
1448 4106 1490 4171 de
1508 4104 1730 4171 Montaniaco

361 4223 399 4281 et
426 4211 574 4292 Johanni
601 4212 645 4279 de
684 4210 918 4293 Montaniac⁰‚
945 4213 1015 4298 ejus
1052 4213 1179 4298 nepoti,
1207 4213 1394 4277 castellano
1425 4211 1467 4276 de
1496 4208 1729 4286 Montaniac0‚

365 4317 566 4384 Leodiensis
580 4316 735 4396 diocesis,
751 4317 933 4403 persoluta.

415 4510 432 4550 c
450 4487 584 4553 Dilecto
594 4486 664 4552 filio
680 4485 841 4571 magistro
853 4485 954 4551 Petro
964 4486 1128 4571 Arquerii,
1141 4486 1270 4553 decano
1285 4486 1426 4556 ecclesie
1439 4480 1732 4567 Rothomagensis,

366 4593 548 4681 capellano
562 4598 691 4657 nostro.
710 4590 761 4655 Ex
777 4599 835 4657 tue
850 4591 1023 4657 relationis
1038 4590 1224 4657 assertione
1248 4590 1345 4656 uobis
1367 4589 1515 4656 innotuit
1537 4585 1637 4672 quod,
1654 4585 1733 4650 licet

367 4716 432 4783 pro
447 4704 543 4782 parte
558 4694 672 4761 dilecti
689 4694 746 4758 filii
764 4693 937 4761 Benedicti
955 4692 1095 4776 Rotarii,
1112 4694 1194 4760 civis
1208 4694 1372 4775 Astensis,
1389 4693 1444 4777 qui
1468 4691 1595 4758 dudum
1621 4687 1734 4754 omnia

368 4803 460 4866 bona
476 4819 535 4864 sua
550 4797 699 4876 mobilia,
716 4797 829 4864 debita
845 4818 978 4883 quoque
994 4804 1030 4862 et
1045 4797 1172 4864 credita
1187 4819 1226 4863 ac
1242 4798 1395 4863 actiones
1411 4804 1446 4861 et
1459 4797 1530 4880 jura
1557 4792 1618 4859 sibi
1644 4811 1735 4856 com-

369 4902 525 4990 petentia
550 4902 584 4966 in
607 4901 744 4982 eisdem,
760 4921 822 4987 pro
852 4902 959 4966 salute
994 4901 1105 4967 anime
1132 4923 1200 4981 sue,
1227 4901 1323 4966 nobis
1356 4907 1390 4965 et
1417 4898 1558 4965 ecclesie
1582 4895 1735 4960 Romane

404 5141 429 5175 α.
450 5140 518 5174 mere
531 5139 580 5189 req.
