4409 6017
493 887 495 890 -
538 845 674 912 Dudum
687 844 872 911 dilectus...

536 949 616 1014 Dat.
631 947 733 1013 Avin.
751 953 769 1012 6
785 946 829 1014 id.
842 946 914 1033 julii
931 966 1022 1012 anno
1041 967 1070 1026 9.

491 697 551 764 592
1029 693 1187 761 llauribme
1206 694 1309 760 annea.
1853 686 1859 702 '
1885 393 1903 785 1

525 1085 1159 1148 Reganus,t.329v;vet.79,f.216,n.1866.
1897 800 1903 1107 1

539 1243 674 1326 1612.
1525 1274 1622 1339 1325,
1641 1256 1686 1320 16
1695 1255 1822 1338 juillet.
1899 1114 1903 1345 1

535 1361 684 1440 Johanni
699 1360 870 1445 quondam
887 1359 1037 1426 Pulciani
1053 1359 1096 1426 de
1112 1358 1287 1424 Crethrinc
1303 1358 1471 1424 confertur
1486 1359 1712 1425 canonicatus
1726 1356 1856 1425 ecclesie

416 1535 418 1538 ,
494 1467 522 1532 F
523 1465 678 1546 ossensiS,
695 1463 891 1530 Leodiensis
905 1463 1057 1546 diocesis,
1073 1466 1134 1530 sub
1149 1462 1388 1550 expectatione
1403 1463 1585 1549 prebende.
1900 1444 1903 1579 1

536 1568 734 1655 Apostolice
750 1567 885 1634 Sedis...
1707 1575 1710 1580 “
1901 1592 1903 1603 ·

537 1673 615 1738 Dat.
631 1671 731 1737 Avin.
752 1690 788 1754 17
804 1669 871 1736 kal.
887 1672 1017 1756 augusti
1033 1691 1125 1737 anno
1144 1691 1172 1751 9.
1902 1700 1903 1709 ι

539 1775 578 1839 ln
594 1796 623 1840 e.
639 1795 684 1839 m.
702 1773 966 1857 Engolismensis
992 1781 1028 1839 et
1043 1774 1075 1841 S.
1092 1773 1208 1840 Crucis
1231 1794 1270 1840 ac
1293 1774 1324 1838 S.
1342 1773 1435 1838 Pauli
1453 1772 1699 1839 Leodiensium
1712 1773 1857 1840 ecclesia·
1901 1812 1903 1817 .

494 1898 568 1943 rum
583 1877 730 1944 decanis.

526 2012 587 2073 Reg.
600 2013 647 2060 Ax.
660 2013 699 2067 23,
711 2011 729 2059 i.
742 2012 800 2060 347*
811 2027 817 2069 ;
829 2011 888 2060 var.
901 2015 940 2087 79,
954 2014 971 2062 f.
985 2015 1040 2075 245,
1052 2029 1079 2063 ιι.
1095 2017 1166 2064 1921.

543 2175 680 2258 1613.
1523 2209 1620 2273 1325,
1640 2211 1686 2276 19
1696 2190 1825 2273 juillet.

537 2297 662 2362 Abbati
678 2299 870 2366 monasterii
887 2300 918 2365 S.
936 2298 1068 2365 Mathie
1083 2307 1179 2364 extra
1194 2317 1307 2362 muros
1331 2295 1554 2360 Treverenses
1570 2304 1606 2360 et
1621 2295 1860 2362 archidiacono

497 2400 694 2467 Treverensi
726 2423 767 2469 ac
795 2401 943 2469 Certano
965 2404 1008 2468 de
1033 2403 1120 2482 Sala,
1147 2400 1311 2467 canonico
1337 2399 1478 2465 ecclesie
1503 2397 1692 2480 Tervisine,
1717 2398 1860 2486 scriptori

494 2525 592 2590 pape,
607 2506 786 2572 mandatur
801 2514 967 2592 quatenus
982 2505 1169 2572 Walterum
1184 2505 1226 2570 de
1244 2503 1505 2588 Meynseborch,
1529 2501 1774 2589 presbiterum,
1785 2502 1860 2568 ordi·

495 2628 574 2672 nem
589 2609 727 2675 statmm
742 2611 910 2677 minomm
925 2610 1123 2697 professum,
1139 2607 1356 2675 Treverensis
1374 2606 1525 2687 diocesis,
1541 2605 1598 2691 qui
1622 2626 1696 2672 non
1727 2611 1861 2673 obtenta

494 2713 673 2798 superioris
687 2713 736 2779 sui
747 2715 883 2780 licentia
892 2735 934 2779 ex
949 2713 1070 2781 eodem
1081 2713 1198 2779 ordine
1208 2712 1270 2778 fuit
1282 2732 1442 2797 egressus,
1452 2712 1494 2776 ab
1506 2710 1860 2776 excommunicatione

495 2817 673 2882 absolvant
688 2817 772 2882 etin
795 2818 1000 2884 monasterio
1027 2816 1058 2883 S.
1076 2817 1228 2882 Remacli
1255 2815 1471 2894 Stabulensis,
1488 2813 1530 2881 Ο.
1546 2813 1578 2880 S.
1595 2811 1648 2893 Β.,
1666 2812 1860 2879 Leodiensis

496 2920 648 3002 diocesis,
665 2921 699 2985 in
716 2922 921 2987 monachum
936 2921 1039 3007 recipi
1056 2920 1191 2987 faciant.

541 3023 661 3111 Nuper
673 3044 734 3109 pro
749 3032 885 3110 parte...

540 3128 618 3194 Dat.
635 3128 734 3194 Avin.
755 3149 792 3213 14
808 3127 874 3194 kal.
891 3128 1022 3213 augusti
1039 3148 1130 3193 anno
1147 3148 1175 3208 9.

528 3274 588 3333 Reg.
601 3275 648 3322 Ar.
658 3276 697 3332 23,
710 3274 729 3326 i.
744 3275 802 3322 387¹
815 3290 821 3330 ;
834 3273 893 3322 Vct.
906 3276 945 3332 79,
957 3275 976 3325 f.
991 3276 1045 3333 3ll,
1058 3289 1084 3322 n.
1097 3275 1169 3323 2119.

542 3441 681 3524 1614.
1513 3472 1610 3537 1325,
1627 3475 1673 3518 20
1691 3454 1815 3536 juillet.
1901 3460 1903 3539 1

540 3558 773 3625 Conventibus
802 3557 846 3623 de
870 3557 1015 3624 Stabulis
1037 3567 1072 3623 et
1098 3558 1141 3622 de
1169 3555 1391 3622 Malmedario
1413 3556 1699 3622 monasteriorum
1733 3556 1854 3624 insimul
1900 3556 1903 3625 1

501 3664 664 3730 canonice
679 3662 859 3743 unitorum,
871 3683 936 3746 que
960 3681 1020 3747 per
1044 3680 1147 3725 unum
1173 3662 1330 3725 abbatem
1351 3668 1428 3725 sunt
1445 3659 1544 3725 solita
1567 3662 1762 3744 gubernari,
1777 3661 1816 3731 0.
1829 3659 1854 3722 S.
1900 3642 1903 3675 ¹

496 3767 546 3847 Β.,
564 3766 760 3832 Leodiensis
776 3773 811 3830 et
839 3764 1052 3830 Coloniensis
1078 3763 1260 3844 diocesum,
1277 3763 1454 3829 mandatur
1480 3772 1658 3848 quatenus,
1671 3786 1750 3830 cum
1777 3765 1854 3830 dicta

495 3869 699 3936 monasteria
715 3888 835 3933 vacare
851 3868 1040 3952 contigerit,
1057 3867 1204 3952 aliquem
1220 3867 1253 3931 in
1270 3869 1426 3933 abbatem
1440 3867 1561 3951 eligere
1571 3887 1642 3932 non
1660 3876 1854 3953 presumant,

497 3973 561 4038 nisi
576 3972 765 4056 religiosam
782 3991 961 4057 personam
978 3979 1013 4036 et
1028 3971 1180 4036 ordinem
1196 3969 1228 4036 S.
1247 3969 1421 4036 Benedicti
1438 3991 1595 4056 expresse
1610 3973 1807 4057 professam.

539 4074 625 4140 Cum
641 4075 844 4140 coherere...

540 4179 619 4244 Dat.
634 4178 734 4244 Avin.
755 4198 791 4261 13
808 4175 874 4243 kal.
891 4178 1021 4261 augusti
1038 4197 1127 4242 anno
1145 4197 1174 4257 9.

529 4319 589 4379 Reg.
602 4320 649 4366 Ar.
662 4320 700 4376 23,
714 4319 731 4366 l.
744 4319 808 4375 4003
823 4317 880 4366 Vat.
893 4319 930 4375 79,
944 4317 962 4365 f.
975 4317 1030 4376 338,
1042 4331 1067 4364 n.
1080 4318 1152 4366 2195.

542 4489 679 4572 1615-
1535 4522 1631 4586 1325,
1648 4525 1692 4570 20
1702 4505 1822 4588 juillet.

541 4605 710 4691 Episcopo
733 4604 912 4671 Leodiensi
935 4604 1116 4671 mandatur
1138 4613 1303 4690 quatenus
1325 4604 1494 4670 concedat
1516 4605 1535 4683 J
1540 4606 1679 4689 ohanni,
1695 4610 1766 4696 regi
1783 4609 1858 4674 Boe-

497 4709 572 4784 mie,
585 4708 779 4774 facultatem
794 4707 989 4775 removendi
1006 4709 1171 4794 capellam
1187 4708 1229 4773 de
1247 4708 1380 4789 Delbui,
1394 4708 1459 4773 alia
1472 4710 1603 4796 capella
1613 4710 1706 4796 prius
1722 4733 1784 4800 per
1792 4730 1859 4778 eum

498 4818 701 4876 constructa.

543 4976 764 5042 «Venerabili
797 4976 922 5043 fratri...
950 4978 1109 5064 episcopo
1140 4977 1319 5044 Leodiensi
1346 4980 1501 5047 salutem.
1527 4980 1740 5065 Significavit
1775 4981 1861 5049 nobis

498 5080 684 5145 carissimus
715 5084 747 5144 in
764 5079 898 5144 Christo
914 5079 1000 5146 filius
1015 5090 1131 5146 noster
1146 5079 1165 5158 J
1169 5082 1330 5163 ohannes,
1353 5103 1411 5147 rex
1433 5081 1574 5150 Boemie
1602 5084 1754 5168 illustris,
1779 5083 1862 5172 quod
