4409 6017
897 672 1045 739 linitione
1065 668 1168 739 annis.
1655 680 1717 744 483

353 825 500 905 obtinet,
525 823 692 890 decimam
719 824 919 890 auctoritate
943 821 1130 908 apostolica
1155 820 1349 907 impositam
1376 822 1418 890 de
1444 824 1605 893 fructibus
1629 826 1718 893 dicte

352 928 526 1017 prebende
547 928 785 995 collectoribus
800 926 951 1013 ejusdem
967 925 1097 992 decime
1114 945 1173 1011 per
1187 924 1316 992 litteras
1330 930 1536 1013 apostolicas
1551 930 1720 1018 deputatis

310 1032 527 1146 Ξεοίνεκϊ
519 1053 552 1097 in
564 1032 718 1097 terminis
733 1030 936 1110 constitutis,
947 1050 986 1097 ac
999 1030 1260 1095 nullatenust
1202 1038 1260 1095 ext
1262 1028 1370 1097 imans
1380 1040 1519 1119 propter
1530 1033 1719 1119 hujusmodi

310 1102 531 1204 ²solutionis
545 1135 658 1202 defect
644 1143 717 1201 tum
732 1134 957 1222 procuratoris
979 1133 1129 1218 ejusdem
1145 1153 1181 1199 se
1197 1133 1342 1218 aliquam
1362 1138 1721 1204 excommunicationis

351 1260 414 1308 seu
437 1240 664 1326 suspensionis
687 1237 891 1305 sententiam
915 1236 1100 1318 incurrisse,
1124 1244 1201 1323 post
1224 1237 1393 1323 predictos
1416 1242 1578 1308 terminos
1609 1242 1722 1307 divina

353 1342 468 1410 officia
484 1343 667 1409 celebravit
683 1353 719 1409 ut
736 1343 826 1428 prius
841 1350 876 1409 et
892 1362 928 1408 se
943 1340 1081 1426 ingessit
1097 1340 1235 1422 eisdem,
1258 1362 1299 1406 ac
1321 1342 1509 1411 carissimus
1531 1346 1563 1410 in
1587 1344 1723 1410 Christo

353 1446 443 1511 filius
467 1454 582 1512 noster
606 1445 755 1527 Carolus,
782 1466 840 1511 rex
868 1444 1010 1511 Francie
1033 1452 1069 1510 et
1091 1442 1244 1510 Navarre
1267 1445 1413 1528 illustris,
1436 1447 1547 1514 eidem
1571 1447 1722 1513 Roberto

350 1550 589 1618 cancellariam
604 1549 748 1616 ecclesie
773 1551 805 1615 S.
822 1548 976 1634 Quintini
1001 1548 1034 1613 in
1058 1546 1288 1629 Viromandia,
1313 1548 1554 1618 Noviomensis
1569 1555 1722 1636 diocesis,

352 1665 438 1721 tunc
453 1661 632 1720 vacantem
649 1662 684 1719 et
700 1653 743 1718 ad
759 1673 854 1719 suam
877 1651 1094 1719 collationem
1117 1660 1332 1738 spectantem
1356 1656 1501 1721 contulit
1523 1665 1558 1723 et
1577 1659 1723 1744 providit

310 1747 461 1838 ‚³⁶⁴etiam
481 1758 524 1824 de
551 1758 682 1824 eadem.
710 1756 796 1822 Cum
820 1764 935 1823 autern
960 1755 1180 1842 postmodum
1208 1755 1297 1823 idem
1323 1756 1490 1825 Robertus
1521 1763 1723 1848 compererit

309 1850 547 1950 fpredictum
571 1870 822 1948 procuratorem
846 1861 880 1926 in
903 1859 1072 1926 solutione
1094 1859 1186 1926 dicte
1209 1860 1340 1927 decime
1365 1862 1397 1927 in
1422 1883 1490 1929 nno
1513 1866 1567 1930 vel
1591 1861 1722 1931 duob'us

310 1958 334 2005 Ε
352 1965 507 2033 terminis
530 1965 692 2032 defecisse
715 1985 818 2050 seque
842 1972 981 2051 propter
1002 1964 1070 2030 hoc
1097 1963 1273 2030 incurrisse
1300 1968 1660 2034 excommunicationis
1686 1978 1721 2035 et

310 2064 329 2110 ²
352 2069 584 2156 suspensionis
608 2068 794 2134 sententias
819 2068 852 2132 in
878 2088 947 2134 non
974 2069 1148 2133 solventes
1172 2066 1299 2133 dictam
1325 2068 1493 2137 decimam
1518 2072 1720 2138 auctoritate

352 2173 544 2260 apostolica
560 2173 798 2259 promulgatas,
822 2192 884 2257 pro
907 2178 1002 2258 parte
1025 2189 1084 2236 sua
1108 2170 1169 2237 fuit
1191 2170 1288 2237 nobis
1312 2172 1482 2239 humiliter
1497 2175 1723 2262 supplicatum

353 2287 393 2345 ut
412 2298 489 2343 cum
504 2276 547 2341 de
562 2275 694 2342 decima
709 2274 861 2361 predicta
876 2275 1004 2360 integre
1026 2274 1226 2341 satisfecisse
1249 2296 1285 2341 se
1309 2275 1423 2342 credat
1438 2285 1484 2359 et,
1500 2278 1527 2345 si
1542 2299 1613 2345 non
1629 2278 1725 2345 satis·

309 2365 330 2427 *ss
355 2379 446 2461 fecit,
458 2379 652 2446 satisfacere
667 2379 712 2445 sit
731 2386 868 2465 paratus
884 2378 927 2445 de
942 2386 1037 2465 parte
1053 2399 1119 2464 que
1135 2378 1301 2463 contingit
1321 2379 1467 2446 eundem
1486 2381 1618 2449 ratione
1633 2383 1724 2449 dicte

309 2485 328 2533 s·
354 2482 529 2571 prebende
544 2484 587 2549 de
603 2483 734 2550 decima
758 2481 959 2569 supradicta,
982 2481 1160 2568 providere
1183 2482 1244 2548 sibi
1267 2503 1366 2569 super
1381 2485 1549 2573 premissis
1567 2488 1609 2554 de
1626 2508 1724 2574 opor-

355 2597 440 2653 tune
465 2586 685 2653 absolutionis
712 2594 747 2652 et
770 2585 1032 2673 dispensationis
1058 2585 1226 2652 beneficio
1253 2585 1478 2673 dignaremur.
1505 2588 1580 2656 Nos
1611 2591 1724 2677 itaque

357 2691 506 2758 eundem
531 2690 729 2771 Robertum,
755 2690 952 2756 meritorum
975 2710 1110 2756 suorum
1133 2690 1256 2756 intuitu
1279 2699 1315 2756 et
1339 2691 1609 2760 consideratione
1639 2695 1725 2781 regis

309 2815 323 2859 u
356 2795 520 2881 ejusdem,
537 2794 592 2880 qui
608 2814 670 2881 pro
684 2794 778 2860 dicto
795 2794 955 2875 Roberto,
978 2794 1157 2880 capellano
1178 2802 1214 2859 et
1231 2794 1384 2860 familiari
1408 2817 1479 2876 suo,
1501 2796 1534 2860 in
1550 2798 1614 2863 hac
1629 2806 1724 2884 parte

309 2901 323 2964 l
357 2899 458 2965 nobis
483 2918 559 2964 cunr
584 2897 743 2964 instantia
766 2897 979 2984 supplicavit,
1003 2899 1160 2963 volentes
1182 2898 1339 2984 prosequi
1361 2899 1516 2985 gratiose,
1533 2900 1723 2967 discretioni

309 3021 322 3068 u
356 3014 427 3084 tue,
444 3002 487 3067 de
503 3021 569 3088 qua
583 3003 719 3089 plenam
735 3002 769 3066 in
786 3001 936 3068 Domino
951 3001 1109 3068 fiduciam
1131 3002 1288 3088 gerimus,
1302 3003 1508 3088 presentium
1524 3005 1724 3071 auctoritate
1748 3010 1750 3013 ’

308 3126 320 3174 r
355 3105 602 3174 committimus
616 3113 651 3169 et
666 3103 865 3171 mandamus
881 3114 1047 3190 quatenus
1062 3104 1208 3170 eundem
1225 3105 1423 3188 Robertum,
1445 3107 1617 3174 satisfacto
1631 3108 1723 3194 prius

309 3231 319 3277 1
355 3230 518 3299 pereum,
534 3209 561 3275 si
586 3229 654 3274 non
677 3208 850 3289 satisfecit,
875 3208 917 3274 de
940 3208 1072 3274 decima
1095 3208 1297 3295 supradicta,
1322 3230 1341 3274 a
1363 3209 1524 3296 predictis
1546 3212 1723 3277 sententiis

352 3316 451 3401 juxta
467 3313 610 3379 ecclesie
628 3312 771 3378 formam
794 3312 960 3393 absolvas,
984 3332 1153 3397 secunque
1176 3333 1276 3398 super
1295 3312 1535 3399 irregularitate
1552 3313 1629 3380 inde
1645 3335 1723 3381 con-

355 3427 476 3499 tracta,
500 3425 535 3482 et
558 3415 649 3502 quod
672 3416 778 3501 possit
801 3415 990 3502 predictam
1012 3415 1260 3498 cancellariam,
1283 3437 1353 3483 non
1381 3419 1538 3484 obstante
1563 3418 1654 3504 quod
1677 3419 1724 3484 sic

358 3522 481 3607 ligatus
493 3519 620 3606 recepit
632 3518 786 3600 eandem,
802 3528 837 3584 et
852 3519 917 3585 alia
932 3540 991 3585 sua
1007 3517 1172 3586 beneficia
1187 3520 1425 3602 ecclesiastica,
1436 3518 1463 3588 si
1474 3531 1509 3588 et
1520 3532 1620 3609 prout
1632 3523 1723 3588 illam

308 3665 311 3696 ς
359 3637 396 3693 et
409 3626 465 3691 illa
477 3625 559 3690 alias
570 3622 734 3690 canonice
744 3623 887 3705 obtinet,
897 3643 937 3689 ac
949 3622 1075 3689 fructus
1090 3631 1270 3713 perceptos
1282 3645 1323 3689 ex
1335 3646 1374 3691 ea
1386 3625 1531 3691 retinere
1544 3635 1579 3692 et
1591 3626 1724 3712 interim

359 3727 606 3818 percipiendos,
622 3725 686 3792 nisi
702 3726 758 3791 alii
775 3726 808 3790 in
825 3726 915 3792 illam
932 3727 986 3791 vel
1001 3745 1064 3812 pro
1082 3726 1138 3791 illa
1162 3735 1341 3814 propterea
1367 3727 1465 3794 fuerit
1477 3729 1531 3815 jus
1546 3730 1723 3815 quesitum,

359 3831 563 3900 auctoritate
580 3838 694 3896 nostra
718 3828 854 3895 studeas
876 3830 1079 3915 dispensare.
1096 3830 1176 3897 Dat.
1191 3830 1291 3896 Avin.
1309 3835 1326 3895 6
1343 3828 1410 3898 kal.
1425 3832 1537 3917 aprilis
1552 3853 1641 3899 anno
1658 3837 1686 3900 8.
1704 3857 1722 3897 1)

398 3964 462 4022 neg.
475 3966 524 4012 nv.
541 3964 581 4020 10,
595 3961 614 4008 r.
626 3961 674 4007 roc
686 3975 691 4015 ;
705 3959 763 4007 var.
777 3961 815 4019 m,
830 3960 917 4019 1113,
931 3974 956 4007 n.
970 3962 1024 4008 1111.

311 1209 341 1252 Τ

410 4132 553 4216 1305-
1406 4170 1423 4211 1
1449 4169 1469 4211 2
1517 4151 1679 4217 28112ars.

406 4249 653 4331 Helie,decano
669 4248 809 4314 ecclesie
825 4248 1025 4330 Aniciensis,
1038 4248 1235 4334 providetur
1246 4249 1287 4316 de
1299 4168 1501 4337 episcopfatif
1508 4251 1723 4335 Tomacensi,

360 4362 503 4420 vacante
520 4374 579 4440 per
605 4353 862 4418 translationem
887 4352 1052 4419 Guidonis
1076 4353 1226 4439 episcopi
1251 4354 1294 4419 ad
1319 4354 1549 4441 episcopatum
1570 4356 1723 4425 Camera-

359 4480 508 4525 censem.

406 4562 558 4648 Suscepti
574 4582 692 4628 cura...

406 4668 485 4732 Dat
501 4666 600 4733 Avin
619 4666 720 4751 5kal.
737 4669 849 4757 aprilis
864 4670 1000 4734 anno8.

406 4771 490 4835 Ine.
508 4791 551 4836 m.
580 4770 728 4857 capitulo
753 4774 895 4839 ecclesie
920 4771 1168 4852 Tomacensis;
1194 4773 1285 4838 clero
1308 4779 1342 4837 et
1369 4774 1495 4860 populo
1518 4750 1661 4841 civitatis
1689 4786 1722 4843 et

359 4874 503 4942 diocesis
518 4872 760 4957 Tomacensis;
791 4876 929 4944 vassalis
955 4875 1096 4942 ecclesie
1121 4873 1363 4957 Tornacensis;
1386 4878 1641 4967 archiepiscopo
1657 4880 1722 4946 Re-

361 4978 469 5046 mensi
486 5001 494 5060 ;
511 4976 642 5060 Carolo,
658 4980 726 5065 regi
746 4981 894 5049 Francie.

397 5109 459 5171 Bag.
473 5110 521 5157 Av.
533 5110 656 5167 000111
671 5127 678 5169 ;
691 5110 750 5161 Vat.
763 5114 801 5172 76,
817 5113 835 5160 f.
847 5114 902 5173 294,
915 5127 940 5160 n.
953 5112 1008 5159 893.
