4409 6017
512 474 569 539 176
1049 473 1207 540 Deurilne
1228 473 1330 540 annea.

512 621 717 688 Morinensis
732 634 766 687 et
782 622 1005 689 Tomacensis
1019 623 1202 703 diocesurn,
1218 642 1258 688 ac
1274 620 1515 687 Bartholorneo
1530 622 1573 687 de
1590 621 1718 704 Canali,
1735 620 1871 707 Magun·

511 724 582 788 tine
598 726 815 791 ecclesiarum
831 727 1022 813 prepositis,
1906 743 1907 750 ’

545 889 605 949 Reg.
618 890 665 937 Ar.
680 892 733 948 115,
745 890 763 937 f.
778 893 823 938 llo
837 908 842 939 :
856 891 914 939 Vnt.
927 893 965 950 67,
978 891 996 939 i.
1011 894 1075 949 143⁸,
1089 905 1114 938 n.
1127 889 1188 938 llll(

556 1086 667 1167 471.
1544 1101 1640 1182 1518,
1657 1100 1678 1164 6
1687 1098 1825 1182 jonuier.
1903 1000 1907 1140 i

557 1204 718 1284 Roberto,
735 1215 816 1271 nato
840 1206 1009 1289 quondam
1033 1204 1218 1270 Baldewini
1243 1204 1285 1269 de
1309 1203 1438 1289 Lapide
1462 1202 1505 1269 de
1522 1202 1692 1285 Messinis,
1709 1204 1870 1270 confertur

513 1308 736 1373 canonicatus
747 1310 888 1374 ecclesie
901 1310 932 1373 S.
945 1308 1052 1373 Marie
1065 1307 1294 1388 Messinensis,
1306 1306 1510 1373 Morinensis
1519 1307 1672 1388 diocesis
1685 1311 1745 1374 sub
1757 1329 1868 1393 expec-

513 1411 643 1475 tatione
659 1412 839 1496 prebende,
855 1432 925 1477 non
942 1414 1098 1476 obstante
1116 1411 1207 1495 quod
1227 1417 1424 1497 perpetuam
1449 1411 1671 1495 capellaniam
1688 1412 1720 1476 in
1737 1413 1867 1477 ecclesia

513 1512 544 1578 S.
563 1512 741 1579 Michaelis
757 1514 954 1591 Gandensis,
970 1514 1193 1581 Tornacensis
1208 1514 1360 1592 diocesis,
1377 1514 1518 1578 obtinet.

558 1617 630 1683 'lue
645 1618 806 1684 merita...
1887 1537 1899 1778 Ι

558 1721 636 1787 Dat.
652 1722 751 1787 Avin.
769 1724 787 1786 8
804 1722 848 1788 id.
861 1722 1000 1807 januarii
1017 1741 1108 1786 anno
1126 1742 1154 1786 2.

559 1823 598 1888 In
616 1845 644 1889 e.
659 1846 704 1891 m.
722 1831 886 1912 utsupra,
903 1849 935 1892 n.
951 1844 1025 1910 470.

550 1978 610 2036 aeg.
623 1981 670 2026 Au.
685 1981 738 2031 llr'».
750 1980 768 2027 i.
784 1982 828 2027 ll7
837 1995 843 2028 τ
856 1979 914 2027 vat..
927 1982 966 2029 67.
978 1980 997 2026 f.
1008 1981 1062 2034 rll.
1075 1994 1100 2027 n.
1114 1980 1168 2026 493.

557 2176 671 2258 472.
1551 2190 1829 2275 1318,6janvier.
1885 1843 1907 2286 i

557 2293 759 2375 Christiano
772 2304 854 2359 nato
876 2294 1054 2359 Christiani
1071 2294 1153 2360 dicti
1171 2292 1358 2378 Bolengarii
1375 2293 1417 2358 de
1434 2293 1532 2375 Dam,
1549 2294 1674 2360 clerico
1688 2293 1862 2360 Tomacen-
1902 2289 1907 2298 “

513 2397 557 2463 sis
572 2398 724 2478 diocesis,
740 2407 926 2463 reservatur
942 2397 1092 2464 custodia
1108 2418 1166 2463 seu
1187 2396 1411 2463 matricularia
1426 2398 1538 2463 altaris
1559 2398 1592 2463 in
1608 2399 1720 2484 aliqua
1740 2394 1865 2462 ecclesia
1899 2439 1907 2476 ,-

514 2501 694 2567 comitatus
711 2501 876 2581 Flandrie,
892 2501 935 2567 ad
951 2500 1167 2567 collationem
1184 2500 1314 2566 abbatis
1330 2510 1364 2565 et
1377 2510 1564 2567 conventus
1584 2501 1616 2567 S.
1630 2500 1777 2567 Bavonis
1791 2498 1868 2563 Gan·

514 2603 636 2684 densis,
653 2604 694 2670 0.
711 2604 742 2670 S.
760 2602 809 2684 B,
825 2603 1046 2669 Tomacensis
1062 2604 1215 2669 diocesis.

561 2706 744 2772 Laudabile
760 2707 1002 2771 testimonium.
1012 2758 1032 2770 ..

560 2811 638 2876 Dat.
654 2810 753 2874 Avin.
772 2811 789 2873 8
808 2809 850 2875 id.
864 2810 1003 2894 januarii
1021 2830 1111 2875 anno
1128 2831 1156 2874 2.

562 2913 600 2978 In
618 2936 646 2978 e.
664 2935 707 2978 m.
726 2918 888 2998 utsupra,
907 2936 937 2977 u.
954 2930 1025 2996 470.

551 3070 610 3128 atu.
623 3073 669 3118 Ar.
684 3074 737 3120 115.
750 3072 767 3119 t.
781 3073 838 3119 lllll
850 3087 855 3128 ;
869 3071 927 3119 Vat.
940 3073 979 3122 67.
991 3072 1009 3117 t.
1025 3072 1087 3130 tw,
1100 3086 1125 3119 n.
1139 3072 1194 3120 ⁴92.

561 3273 1622 3367 473.1318,
1640 3303 1681 3366 19
1692 3282 1839 3365 janvier.

564 3389 716 3455 Henrico
745 3388 786 3453 de
811 3388 956 3452 Culento
988 3386 1203 3452 conseruntur
1234 3386 1451 3452 canonicatus
1476 3394 1510 3450 et
1540 3387 1712 3472 prebenda
1743 3389 1883 3453 ecclesie

520 3491 758 3570 laudunensis,
771 3499 931 3556 vacantes
946 3511 1005 3575 per
1021 3490 1150 3555 obitum
1166 3489 1283 3567 Jacobi
1294 3491 1336 3555 de
1349 3488 1582 3570 Boccamatiis,
1593 3490 1780 3576 apostolice
1793 3491 1886 3556 Sedis

520 3595 650 3674 notarii,
678 3594 766 3680 apud
793 3594 1011 3659 Cameracnnr
1042 3593 1202 3671 defuncti,
1226 3614 1291 3658 non
1325 3595 1481 3657 obstante
1507 3592 1598 3677 quod
1627 3593 1660 3657 in
1685 3592 1885 3672 vastinensi,

520 3698 734 3764 Bituricensis
747 3697 897 3777 diocesis,
910 3698 944 3760 in
960 3717 1025 3781 qua
1040 3696 1072 3760 in
1089 3697 1287 3762 canonicum
1304 3705 1355 3761 est
1370 3704 1535 3781 receptus,
1545 3697 1753 3781 prebendam
1766 3718 1886 3782 expec-

520 3810 571 3867 tat
587 3810 621 3865 et
638 3802 670 3864 in
688 3800 865 3865 Leodiensi
882 3810 916 3864 et
932 3801 974 3865 de
990 3808 1100 3865 castro
1118 3798 1316 3864 Bituricensi
1341 3800 1489 3864 ecclesiis
1515 3799 1735 3865 canonicatus
1763 3808 1799 3864 et
1814 3820 1886 3885 pre·

521 3905 659 3980 berrdas,
676 3916 710 3969 et
734 3914 884 3987 quartam
909 3904 1083 3969 bladorum
1107 3910 1137 3967 et
1172 3904 1304 3968 tertiam
1335 3903 1402 3967 vini
1434 3911 1564 3988 partem
1592 3903 1723 3969 decime
1746 3905 1887 3969 ecclesie

522 4008 554 4073 S.
580 4006 756 4072 Michaelis
779 4007 821 4072 de
845 4007 1011 4083 Cucuron,
1035 4005 1064 4070 T
1067 4007 1228 4071 holosane
1251 4006 1401 4086 diocesis
1426 4006 1556 4071 obtinet
1580 4016 1614 4071 et
1645 4006 1736 4091 quod
1760 4007 1821 4092 ipsi
1847 4006 1887 4071 de

521 4111 794 4176 archidiaconatu
810 4110 852 4175 de
869 4110 1021 4175 Condros
1039 4110 1070 4173 in
1088 4110 1236 4196 predicta
1256 4109 1434 4175 Leodiensi
1451 4110 1602 4191 ecclesia,
1618 4131 1720 4195 quern
1735 4111 1887 4176 nondum

521 4214 681 4299 possidet,
705 4214 875 4299 provisum
899 4223 949 4278 est
973 4223 1007 4278 et
1029 4213 1062 4276 in
1079 4214 1279 4279 canonicatu
1296 4227 1330 4277 et
1346 4213 1516 4298 prebenda
1532 4213 1673 4279 ecclesie
1688 4212 1732 4279 de
1750 4213 1886 4293 LileriiS,

524 4315 729 4382 Mutinensis
745 4316 896 4396 diocesis
912 4318 965 4399 jus
982 4317 1097 4381 asserit
1114 4338 1149 4381 se
1165 4317 1298 4382 hahere.

568 4419 629 4485 Tui
647 4420 870 4485 nobilitatis...

569 4524 646 4588 Dar.
662 4524 762 4588 Asin.
785 4546 820 4607 14
836 4524 901 4588 kal.
921 4524 1069 4589 telunarii
1087 4545 1177 4588 anno
1195 4544 1222 4587 2.

571 4627 608 4691 ln
635 4650 663 4692 e.
689 4649 732 4691 nr.
759 4629 870 4692 abbati
897 4628 1087 4692 monasterii
1118 4628 1148 4691 S.
1175 4626 1342 4692 Vincentii
1370 4627 1600 4693 laudunensis
1622 4638 1658 4694 et
1682 4628 1785 4695 Petro
1799 4629 1883 4708 nini,

523 4731 831 4809 Autissiodorensis,
848 4751 887 4795 ac
905 4731 1004 4795 Petro
1020 4732 1062 4795 dc
1078 4734 1260 4816 Argeneto,
1280 4730 1454 4796 Remensis
1477 4731 1646 4798 canonicis
1662 4733 1884 4799 ecclesianrm.

557 4894 618 4955 Beg.
633 4896 680 4942 An.
693 4895 715 4944 8.
728 4895 745 4942 f.
759 4896 805 4941 215
819 4910 824 4942 ι
839 4893 895 4943 Vnt.
909 4896 946 4952 or,
959 4895 978 4942 f.
992 4896 1044 4952 116,
1058 4909 1082 4942 n.
1096 4895 1152 4941 ltin.
