4409 6017
894 726 1042 792 Pramibre
1063 727 1166 791 anate.
1659 729 1712 793 113

342 883 497 939 nostrum
518 874 696 960 siquidem,
711 895 780 941 non
803 875 875 941 sine
895 875 984 960 gravi
1010 874 1134 939 mentis
1157 876 1357 957 turbatione,
1380 877 1534 963 pervenit
1561 876 1713 942 auditum

343 977 432 1062 quod
457 977 574 1044 dilecti
600 978 657 1043 filii
681 979 811 1045 nobiles
827 979 888 1044 viri
906 976 1010 1058 Otho,
1026 978 1093 1043 dux
1111 978 1314 1064 Burgundie,
1331 987 1366 1044 et
1381 978 1582 1059 Ludovicus,
1600 1000 1714 1045 comes

345 1079 580 1161 Nixernensis,
611 1102 651 1147 ac
681 1082 806 1166 alligati
836 1082 879 1148 de
911 1082 1075 1148 comitatu
1106 1081 1301 1169 Campanie,
1326 1082 1495 1148 nescimus
1525 1104 1592 1167 quo
1620 1082 1712 1148 ducti

343 1184 472 1270 spiritu,
484 1183 684 1250 fidelitatem
697 1194 731 1250 et
744 1185 936 1271 homagium
949 1194 984 1250 et
1000 1194 1113 1250 cetera
1128 1185 1171 1250 ad
1182 1206 1246 1270 que
1257 1186 1428 1252 carissimo
1443 1186 1476 1251 in
1490 1186 1627 1252 Christo
1645 1186 1713 1251 filio

343 1296 462 1353 nostro
478 1288 648 1374 Philippo,
675 1289 742 1374 regi
772 1288 913 1354 Francie
939 1297 972 1353 et
1002 1287 1152 1354 Navarre
1180 1289 1308 1370 illustri,
1337 1298 1495 1355 tenentur
1514 1298 1551 1355 ut
1572 1290 1713 1356 domino

345 1391 405 1458 sibi
432 1400 586 1477 prestare
612 1392 780 1477 refugiunt
804 1400 839 1458 et
866 1391 1058 1457 obedientie
1081 1394 1208 1458 bonum
1234 1393 1325 1458 omni
1347 1394 1550 1478 prestantius
1575 1394 1713 1460 victima

345 1504 579 1581 pretereuntes
602 1496 798 1582 improvide,
815 1496 950 1561 obedire
967 1495 1013 1560 illi
1038 1497 1217 1561 temerarie
1240 1497 1483 1577 contradicunt,
1501 1497 1605 1562 immo
1620 1498 1712 1581 quasi

347 1620 381 1664 se
405 1599 516 1664 velint
541 1602 583 1664 ab
610 1600 681 1684 ejus
707 1599 858 1665 dominio
884 1607 918 1663 et
943 1599 1151 1683 subjectione
1175 1600 1369 1680 subducere,
1394 1600 1504 1684 aliqua
1523 1600 1714 1666 indecentia
1796 1621 1798 1625 ·

346 1711 466 1768 contra
501 1724 579 1767 eum
613 1711 769 1788 satagunt
796 1710 1010 1788 attemptare
1037 1703 1237 1768 Audivimus
1265 1703 1367 1768 ctiam
1399 1703 1488 1789 quod
1514 1703 1628 1768 dilecti
1657 1704 1712 1767 filii

346 1806 479 1872 nobiles
489 1806 550 1870 viri
561 1804 744 1885 Johannes,
760 1805 917 1871 dominus
932 1804 974 1871 de
992 1804 1135 1886 Fienles,
1154 1805 1330 1887 Robertus,
1348 1806 1448 1871 frater
1463 1807 1543 1890 ejus,
1564 1805 1715 1872 Ferricus

346 1909 388 1975 de
421 1908 652 1994 Piquigniac0,
683 1910 859 1990 Gerardus,
895 1908 996 1974 frater
1029 1911 1109 1993 ejus,
1136 1908 1309 1987 Johannes
1339 1910 1396 1999 de,
1417 1908 1564 1989 varenis,
1592 1908 1714 1988 Guid0,

346 2012 507 2078 dominus
531 2012 574 2077 de
596 2010 828 2092 Calvomonte,
853 2010 1036 2091 Johannes,
1064 2012 1220 2078 dominus
1245 2012 1288 2078 de
1310 2013 1476 2094 Souastre,
1499 2020 1533 2077 et
1550 2011 1716 2077 Gerardus

349 2115 490 2194 Kiereti,
507 2115 641 2194 milites,
658 2123 692 2180 et
708 2125 881 2181 consortes
904 2136 1029 2195 eorum,
1057 2116 1113 2199 qui
1138 2116 1318 2201 vulgariter
1343 2116 1468 2202 alligati
1490 2104 1656 2194 dicuntur,
1680 2137 1715 2182 se

345 2222 436 2305 juste
466 2220 603 2303 querele
634 2240 768 2284 causam
795 2228 913 2284 contra
947 2240 1060 2303 regem
1090 2220 1236 2284 eundem
1269 2220 1391 2285 habere
1423 2240 1520 2304 super
1550 2219 1715 2303 aliquibus

347 2331 549 2402 asserentes,
564 2343 633 2387 non
656 2343 731 2387 eam
752 2323 889 2407 juribus,
907 2322 966 2388 sed
982 2323 1116 2402 viribus,
1133 2343 1201 2387 non
1219 2344 1279 2408 per
1288 2324 1416 2407 justitie
1432 2323 1598 2404 semitam,
1615 2342 1716 2407 quam

348 2427 440 2493 idem
451 2447 511 2491 rex
521 2425 643 2491 dicitur
654 2426 702 2491 eis
718 2426 899 2491 liberaliter
911 2426 1082 2506 obtulisse,
1094 2447 1157 2491 nec
1169 2426 1229 2490 viis
1239 2427 1397 2512 pacificis,
1415 2427 1475 2493 sed
1486 2425 1716 2511 congressibus

349 2529 479 2596 bellicis
506 2528 661 2615 prosequi
688 2529 919 2610 decreverunt,
945 2539 979 2594 et
1005 2550 1025 2593 a
1052 2530 1232 2596 concordia
1258 2550 1357 2614 super
1383 2530 1447 2595 hoc
1474 2529 1614 2616 pridem,
1632 2528 1716 2594 sicut

349 2633 551 2712 audirimus,
568 2633 651 2697 inita
666 2633 844 2698 resiliendo
860 2653 920 2719 pro
936 2633 1042 2712 libitu,
1056 2653 1125 2699 non
1141 2636 1267 2716 absque
1282 2633 1444 2718 promisse
1455 2632 1718 2718 transgressione

351 2736 427 2801 fidei
445 2746 482 2801 et
497 2736 613 2801 divine
628 2736 814 2820 majestatis
830 2735 967 2816 offensa,
983 2736 1026 2801 ad
1036 2747 1050 2771 ⁰
1065 2736 1214 2820 ejusdem
1230 2736 1316 2822 regis
1332 2736 1395 2816 cui,
1411 2737 1587 2821 presertim
1611 2735 1644 2799 in
1668 2734 1717 2799 sui

352 2840 506 2905 novitate
533 2839 712 2924 regiminis,
738 2848 898 2923 tanquam
925 2840 993 2904 veri
1020 2840 1135 2905 fideles
1161 2850 1196 2904 et
1220 2840 1355 2921 subditi,
1371 2840 1535 2905 deberent
1561 2839 1718 2903 adversus

354 2943 491 3028 quosvis
507 2943 701 3028 impugnare
719 2944 872 3008 volentes
895 2944 1058 3024 assistere,
1077 2943 1274 3008 fidelitatem
1297 2953 1332 3007 et
1360 2942 1587 3008 obedientiam
1612 2942 1718 3007 redire

353 3055 613 3132 contempnunt,
640 3067 698 3131 per
734 3046 896 3130 quasdam
927 3046 1168 3130 colligationes,
1199 3067 1242 3110 ne
1273 3046 1422 3112 dicamus
1453 3046 1718 3131 conspirationes

354 3150 532 3236 improbas,
549 3150 632 3215 alios
647 3150 689 3215 ad
712 3149 827 3215 similis
843 3150 1070 3215 inobedientie
1087 3150 1207 3215 vitium
1224 3159 1454 3235 provocantes.
1479 3149 1530 3212 Ex
1546 3150 1675 3232 quibus,
1692 3148 1718 3213 si

354 3255 494 3319 veritate
521 3254 680 3333 nitantur,
712 3253 882 3318 fidelitatis
912 3253 1064 3318 debitum
1095 3253 1317 3338 preterriturl,
1352 3253 1538 3318 animarum
1562 3252 1718 3337 pericula,

356 3368 479 3441 strages
496 3376 675 3441 corporum
692 3365 726 3421 et
743 3356 940 3422 facultatum
956 3358 1067 3442 lapsus
1082 3358 1307 3421 verisimiliter
1330 3356 1559 3434 formidantur,
1576 3376 1717 3437 regnum

358 3461 462 3545 ipsum
491 3459 802 3526 christianissimum
833 3460 896 3540 cui,
927 3461 1101 3526 silentibus
1135 3461 1228 3544 quasi
1259 3480 1450 3543 guerrarum
1486 3459 1718 3543 preteritarum

360 3563 520 3642 fiuctibus,
548 3564 711 3629 amenitas
736 3564 858 3647 quietis
887 3564 1061 3629 videbatur
1087 3563 1299 3649 applaudere,
1329 3564 1361 3627 in
1389 3564 1533 3628 subitam
1562 3562 1720 3646 redigitur

360 3676 605 3753 tempestatem,
624 3667 715 3732 Deus
730 3667 821 3752 pacis
838 3667 1028 3747 offenditur,
1044 3668 1219 3753 presertim
1236 3668 1391 3752 damper
1415 3667 1448 3732 id
1469 3664 1570 3730 Terre
1587 3667 1719 3743 Sancte,

361 3792 454 3853 quam
478 3772 509 3835 ei
535 3780 677 3835 testatur
693 3771 862 3855 Scriptura
883 3794 922 3834 cx
949 3773 1103 3836 omnibus
1131 3772 1302 3847 cariorem,
1318 3769 1502 3835 subsidium
1519 3769 1718 3855 impeditur;

363 3874 423 3958 ipse
451 3895 599 3957 namque
621 3895 678 3937 rex
702 3875 756 3957 qui
784 3875 837 3960 pie
860 3875 1049 3940 devotionis
1075 3875 1301 3939 inflammatus
1325 3874 1457 3952 affectu,
1480 3873 1658 3937 intendens
1678 3872 1720 3937 ad

362 3977 455 4063 ipsius
472 3977 575 4041 Terre
592 3978 763 4062 negotium
781 3979 1049 4063 prosequendum
1059 3989 1078 4059 ⁶,
1092 3979 1290 4063 jamdudum
1313 3988 1490 4062 propterea
1513 3977 1719 4061 signaculum

362 4083 488 4147 iivifice
505 4081 611 4146 crucis
627 4082 816 4167 assumpsit,
832 4091 968 4168 propter
984 4083 1172 4167 hujusmodi
1197 4082 1332 4148 dissidia
1357 4082 1516 4146 intestina
1532 4081 1719 4159 distractus,

360 4184 591 4271 preparatoriis
618 4185 698 4250 dicti
731 4186 855 4270 negotii
890 4187 1006 4270 nequit
1033 4187 1218 4264 intendere,
1250 4195 1285 4249 et
1317 4184 1523 4250 Gallicorum
1554 4183 1721 4249 laudanda

360 4288 504 4362 devotio¹
518 4309 582 4371 que
599 4309 633 4352 se
651 4289 683 4351 in
708 4289 904 4372 obsequium
918 4290 1063 4354 crucifixi
1081 4290 1233 4354 totaliter
1248 4289 1416 4353 devovere
1433 4288 1531 4353 solita
1548 4288 1664 4367 fuerat,
1687 4296 1721 4352 et

309 4388 312 4408 ³
358 4394 395 4458 ad
410 4394 507 4478 cujus
523 4401 599 4477 post
616 4392 727 4457 Deum
744 4393 908 4476 singulare
925 4393 1118 4477 suffragium
1144 4402 1230 4457 terra
1258 4394 1327 4477 ipsa
1353 4392 1597 4478 expectationis
1622 4391 1720 4456 anxie

358 4497 448 4562 tedio
479 4496 618 4579 fatigata
642 4497 794 4581 suspirat,
817 4496 904 4561 circa
930 4497 993 4562 hec
1020 4498 1066 4562 sic
1097 4505 1252 4581 patenter
1280 4497 1393 4561 illicita
1420 4504 1611 4581 occupatur.
1634 4494 1719 4557 Cum

356 4600 468 4684 itaque
515 4600 656 4665 velimus
699 4600 801 4664 tantis
849 4599 982 4664 obviare
1025 4600 1206 4684 dispendiis
1257 4600 1425 4683 tantisque
1477 4599 1720 4664 discriminibus

354 4723 539 4787 congruum
561 4704 745 4768 remedium
762 4704 930 4782 adhibere,
947 4705 1122 4789 presertim
1139 4725 1215 4768 cum
1231 4705 1274 4768 ad
1290 4725 1351 4769 nos
1367 4704 1434 4787 qui,
1451 4704 1529 4768 licet
1552 4703 1720 4777 immeriti,

354 4809 445 4873 vices
461 4806 547 4891 regis
563 4806 692 4890 pacifici
709 4808 862 4887 gerimus,
885 4808 1094 4891 singulariter
1122 4808 1289 4892 pertineat
1315 4808 1346 4871 in
1377 4806 1551 4871 universali
1571 4805 1722 4870 Ecclesia

352 4920 519 4976 cunctare
543 4911 800 4995 congregatione
827 4911 974 4975 fidelium
998 4933 1117 4995 pacem
1142 4933 1278 4995 querere
1315 4933 1353 4975 ac
1379 4911 1484 4995 ipsam
1512 4910 1619 4974 facere
1647 4908 1720 4972 dili-

386 5173 413 5205 ιι,
426 5157 459 5203 nil
474 5158 770 5219 niunpuarep.lfl!).-f1.
784 5158 1110 5220 fidelitatis-—prutcr'ritur
1120 5173 1226 5220 nurupru
1240 5172 1288 5216 inp.
1303 5159 1355 5203 lflfl.
1377 5172 1412 5205 vr.
1428 5152 1596 5216 prosequendi
1610 5168 1659 5213 rep.
1670 5153 1723 5198 fro.

414 5272 518 5310 Analecta
529 5270 724 5322 vaticano-belgica.
739 5273 767 5312 ll.
1662 5267 1673 5304 8
