4409 6017
501 715 562 782 504
1038 713 1196 781 Neunbme
1216 714 1320 781 annea

498 865 578 931 tisse
593 863 835 946 Atrebatensis,
858 862 1031 950 petitionis
1057 863 1160 930 series
1185 872 1303 930 nostro
1329 864 1533 950 apostolatui
1559 865 1745 949 destinata,
1772 866 1867 953 quod,

499 990 577 1037 cum
591 969 717 1037 dudum
733 967 886 1033 nonnulli
901 968 1031 1035 nobiles
1045 969 1164 1034 vasalli
1180 969 1260 1055 ejus,
1277 967 1427 1034 animum
1442 969 1476 1034 in
1489 970 1680 1056 superbiam
1690 970 1867 1057 erigentes,

498 1075 541 1141 ad
557 1074 659 1162 ipsius
686 1072 856 1141 comitisse
878 1092 919 1139 ac
943 1072 1106 1140 heredum
1130 1073 1201 1157 ejus
1217 1072 1515 1139 exheredationem
1542 1083 1578 1141 et
1600 1075 1867 1145 destructionem

498 1178 669 1245 ardentius
685 1177 873 1264 aspirantes
888 1184 924 1242 et
939 1177 1196 1243 confederantes
1211 1197 1246 1242 se
1273 1176 1420 1243 invicem
1446 1186 1565 1245 contra
1589 1200 1677 1263 eam,
1702 1183 1819 1248 multa
1831 1182 1868 1248 de

498 1282 571 1369 ipsa
587 1281 832 1349 contumeliosa
846 1283 949 1346 verba
964 1281 1103 1347 fuissent
1118 1280 1326 1348 mendaciter
1342 1281 1489 1348 oblocuti
1505 1282 1634 1369 sibique
1658 1283 1703 1350 ad
1729 1285 1867 1351 comita·

497 1395 570 1452 tum
586 1406 683 1452 suum
697 1384 871 1452 accedenti
887 1405 947 1471 per
962 1405 1131 1451 armorum
1146 1384 1344 1450 violentiam
1359 1384 1571 1468 restitissent,
1583 1407 1619 1452 se
1629 1394 1756 1454 contra
1766 1388 1867 1475 ipsam

497 1489 664 1556 hostiliter
678 1498 896 1576 preparantes
911 1489 954 1555 ad
968 1490 1107 1570 bellum,
1123 1488 1252 1573 sibique
1268 1487 1415 1574 dampna
1437 1489 1550 1574 gravia
1572 1489 1606 1555 in
1628 1491 1764 1575 castris,
1781 1493 1867 1574 locis,

497 1592 663 1675 domibus,
679 1601 873 1659 sanctorum
888 1592 1044 1678 reliquiis,
1060 1612 1152 1673 aum,
1169 1599 1318 1677 argento,
1331 1592 1496 1677 jocalibus
1520 1601 1554 1659 et
1578 1593 1654 1660 aliis
1678 1595 1782 1662 bonis
1806 1597 1867 1663 suis

497 1696 540 1762 ad
555 1697 707 1764 divinum
722 1699 851 1763 cultum
866 1705 901 1762 et
916 1717 1013 1762 usum
1040 1696 1144 1761 etiam
1170 1696 1342 1783 deputatis
1368 1696 1564 1779 humanum,
1579 1718 1639 1784 per
1661 1698 1822 1785 rapinam
1836 1707 1866 1764 et

496 1800 694 1867 violentiam
718 1800 918 1883 intulissent,
934 1800 1100 1887 capiendo
1124 1808 1243 1887 gentes
1267 1820 1342 1866 suas
1368 1808 1404 1866 et
1426 1801 1653 1888 mancipando
1681 1805 1867 1870 carceribus

497 1926 620 1991 easque
635 1905 812 1972 crudeliter
838 1905 1051 1987 occidendo;
1078 1925 1128 1986 ac,
1144 1913 1282 1992 propter
1306 1905 1454 1992 ipsorum
1479 1905 1642 1971 nobilium
1667 1914 1704 1972 et
1729 1908 1868 1975 aliomm

497 2029 633 2076 suorum
647 2009 681 2074 in
697 2009 761 2075 hac
775 2017 871 2095 parte
886 2011 1090 2095 complicum
1107 2017 1142 2074 et
1158 2008 1326 2075 fautorum
1342 2010 1543 2097 potentiam,
1559 2010 1682 2076 eadem
1695 2011 1868 2078 comitissa

497 2110 613 2178 fuisset
627 2133 688 2199 per
703 2134 772 2178 non
788 2113 960 2178 modicum
974 2121 1110 2200 tempus
1126 2134 1145 2179 a
1161 2113 1326 2180 comitatu
1341 2135 1402 2180 suo
1417 2114 1551 2179 exulare
1566 2121 1602 2179 et
1611 2114 1869 2199 quodammodo

497 2216 689 2282 mendicare
712 2225 840 2299 coacta,
865 2237 943 2283 cum
967 2215 1071 2282 nichil
1098 2224 1214 2303 posset
1239 2217 1411 2305 percipere
1433 2217 1476 2283 de
1500 2217 1662 2283 fructibus
1685 2219 1869 2285 comitatus

499 2319 660 2405 ejusdem.
676 2319 831 2386 Tandem
846 2320 999 2385 nonnulli
1016 2328 1194 2405 magnates
1209 2329 1320 2387 certos
1333 2327 1497 2387 tractatus
1512 2321 1694 2387 concordie
1710 2342 1795 2388 cum
1814 2322 1870 2388 eis·

498 2421 577 2487 dem
593 2422 830 2505 confederatis,
846 2423 938 2489 dicta
954 2423 1127 2490 comitissa
1142 2423 1328 2509 irrequisita
1343 2444 1477 2512 prorsus
1491 2432 1526 2489 et
1538 2423 1653 2506 inscia,
1667 2425 1870 2507 habuerunt,

500 2525 619 2610 quibus
644 2526 935 2593 innotescentibus
961 2526 1033 2608 sibi,
1060 2528 1155 2592 velut
1180 2527 1211 2592 ei
1240 2528 1373 2613 suisque
1397 2528 1573 2593 heredibus
1599 2527 1699 2593 valde
1727 2528 1871 2615 prejudi-
1908 2569 1909 2578 κ

499 2630 646 2711 cialibus,
660 2630 768 2697 noluit
783 2639 932 2717 prestare
942 2651 1153 2697 consensum.
1173 2631 1296 2696 Verum
1312 2652 1373 2717 per
1387 2632 1497 2698 dictos
1512 2639 1687 2718 magnates
1702 2631 1804 2698 illato
1813 2631 1870 2698 sibi

500 2735 592 2820 gravi
608 2743 712 2818 metu,
728 2735 784 2821 qui
800 2735 1018 2822 probabiliter
1034 2734 1153 2801 cadere
1168 2743 1302 2821 poterat
1317 2736 1351 2800 in
1377 2744 1604 2819 constantem,
1619 2735 1722 2801 dictis
1747 2743 1870 2802 tracta·

500 2837 599 2920 tibus,
615 2838 650 2904 in
666 2838 784 2924 quibus
799 2839 910 2924 aliqua
924 2838 1090 2905 contineri
1106 2838 1344 2924 dicunturque
1360 2842 1536 2907 observata
1552 2839 1585 2905 in
1609 2847 1727 2905 eterne
1755 2839 1870 2906 salutis
1908 2882 1909 2913 ,

501 2943 684 3023 interitum,
701 2950 736 3008 et
751 2943 861 3029 aliqua
877 2962 942 3028 que
958 2942 991 3007 in
1007 2941 1099 3009 dicte
1115 2942 1286 3009 comitisse
1301 2964 1341 3009 ac
1356 2944 1518 3010 heredum
1540 2963 1676 3010 suorum
1702 2951 1740 3009 et
1768 2942 1870 3010 comi·
1908 2940 1909 2945 ’

499 3054 591 3113 tatus
627 3046 854 3133 predictorum
903 3066 1040 3112 enorme
1088 3045 1301 3132 dispendium
1348 3055 1382 3112 et
1419 3046 1638 3134 prejudicium
1681 3046 1869 3113 redundare

499 3158 692 3231 noscuntur,
718 3150 825 3216 invita
850 3149 1021 3216 consensit
1055 3157 1090 3214 et
1126 3169 1224 3237 super
1260 3151 1391 3217 illorum
1427 3151 1661 3217 observatione
1694 3151 1868 3236 corporale

499 3255 646 3340 prestitit
658 3255 895 3340 juramentum.
913 3253 1024 3337 Quare
1039 3253 1169 3341 prefata
1184 3254 1355 3320 comitissa
1381 3255 1551 3321 humiliter
1565 3254 1663 3341 petiit
1685 3254 1749 3319 sibi
1774 3273 1868 3341 super

499 3357 565 3428 hiis
579 3357 621 3423 de
637 3366 806 3444 oportuno
821 3356 971 3423 remedio
986 3357 1163 3444 provideri.
1180 3357 1232 3422 De
1253 3366 1365 3423 vestra
1392 3357 1504 3443 itaque
1528 3357 1706 3445 prudentia
1734 3360 1868 3445 plenam

500 3458 534 3524 in
551 3459 699 3526 Domino
715 3461 872 3526 fiduciam
887 3459 1091 3541 obtinentes,
1108 3460 1310 3527 fraternitati
1326 3469 1436 3527 vestre
1452 3482 1511 3548 per
1533 3460 1721 3549 apostolica
1745 3462 1867 3547 scripta

500 3564 742 3630 committimus
758 3575 793 3630 et
808 3564 1007 3631 mandamus
1034 3573 1201 3648 quatenus
1216 3585 1277 3630 vos
1292 3567 1346 3629 vel
1362 3567 1446 3631 alter
1469 3573 1625 3643 vestrum,
1637 3563 1866 3649 juramentum

500 3667 688 3753 predictum
716 3668 827 3753 quoad
853 3668 909 3733 illa
935 3666 1083 3754 capitula
1107 3688 1172 3753 que
1199 3667 1233 3732 in
1257 3668 1432 3734 interitum
1456 3669 1572 3735 salutis
1596 3676 1713 3733 eterne
1730 3686 1864 3753 vergere

501 3770 731 3853 dinoscuntur,
756 3772 956 3838 auctoritate
980 3779 1095 3837 nostra
1118 3771 1306 3838 decernatis
1330 3792 1472 3854 cassum,
1502 3772 1630 3837 irritum
1657 3779 1693 3837 et
1717 3770 1821 3836 inane
1837 3778 1867 3834 et

501 3876 623 3942 nullius
638 3875 782 3941 existere
797 3875 964 3942 firmitatis
989 3897 1028 3942 ac
1043 3876 1155 3941 eidem
1171 3877 1341 3942 comitisse
1364 3876 1547 3963 imponatis
1562 3896 1661 3963 super
1676 3876 1756 3957 hoc,
1772 3883 1867 3962 prout

502 3981 614 4048 anime
630 4000 687 4046 sue
704 3979 801 4045 saluti
825 3979 982 4066 expedire
1007 3979 1242 4065 cognoveritis,
1259 3980 1484 4067 penitentiam
1510 3982 1714 4060 salutarem
1732 3979 1776 4045 de
1800 3978 1868 4044 aliis

501 4084 632 4152 veroin
648 4083 849 4150 tractatibus
863 4083 1024 4170 predictis
1039 4085 1220 4166 contentis,
1238 4106 1301 4169 que
1318 4085 1352 4148 in
1368 4084 1458 4151 dicte
1475 4085 1643 4151 comitisse
1656 4103 1696 4149 ac
1707 4082 1867 4148 heredum

503 4198 538 4257 et
561 4188 742 4256 comitatus
766 4187 995 4274 predictorum
1020 4208 1159 4254 enorme
1183 4188 1402 4276 prejudicium
1430 4197 1464 4254 et
1485 4189 1650 4274 jacturam
1666 4186 1867 4265 redundant,

503 4294 707 4381 simpliciter,
715 4292 892 4359 summarie
909 4301 943 4357 et
959 4292 1001 4357 de
1016 4293 1130 4379 plano,
1147 4293 1218 4358 sine
1233 4294 1375 4379 strepitu
1390 4301 1425 4358 et
1441 4292 1544 4377 figura
1556 4290 1682 4377 judicii,
1696 4312 1760 4357 vos
1772 4289 1867 4356 infor·

503 4419 595 4465 mare
612 4397 733 4463 curetis
748 4404 792 4476 et,
809 4395 835 4460 si
851 4395 947 4461 vobis
973 4396 1015 4462 de
1038 4396 1132 4462 dicto
1159 4405 1253 4463 metu
1279 4396 1478 4478 constiterit,
1495 4395 1638 4462 eandem
1663 4395 1866 4461 comitissam

504 4502 615 4590 quoad
630 4500 781 4587 predicta
796 4498 943 4586 capitula
959 4521 1023 4585 que
1039 4499 1111 4582 sibi,
1136 4500 1315 4566 heredibus
1327 4509 1362 4566 et
1374 4500 1548 4567 comitatui
1561 4498 1722 4586 predictis
1733 4518 1867 4566 enorme

505 4605 650 4672 inferunt
660 4602 910 4683 detrimentum,
930 4602 1131 4669 auctoritate
1141 4611 1256 4669 nostra
1265 4606 1307 4669 ab
1317 4602 1420 4689 ipsius
1429 4604 1644 4671 absolventes
1658 4603 1868 4671 observantia

502 4708 693 4799 juramenti,
706 4707 731 4773 si
746 4707 855 4773 forsan
869 4727 987 4773 canon
998 4707 1237 4789 observaverit,
1248 4729 1323 4774 cum
1336 4707 1526 4793 hujusmodi
1539 4717 1659 4791 metus,
1670 4709 1739 4795 qui,
1752 4717 1867 4795 utpre·

507 4812 696 4894 mittitur,in
709 4820 922 4877 constantem
934 4811 1149 4898 probabiliter
1159 4811 1278 4877 cadere
1291 4819 1510 4898 poterat,eam
1518 4813 1866 4894 excuset,auctoritate

507 4918 657 5006 predicta
672 4915 850 4983 declaretis
865 4914 1007 4980 eandem
1023 4916 1149 4981 nullam
1165 4925 1344 5004 propterea
1359 4917 1469 4981 labem
1482 4916 1614 5002 perjurii
1626 4919 1682 4982 vel
1698 4916 1866 4982 infamiam

508 5021 680 5089 incurrisse
696 5022 750 5085 vel
766 5020 985 5107 imposterum
1005 5018 1222 5087 incursuram.
1239 5020 1317 5086 Dat.
1333 5020 1434 5087 Avin.
1449 5019 1603 5087 kalendis
1614 5021 1694 5087 maii
1707 5041 1800 5087 anno
1811 5038 1865 5102 9.»

541 5161 603 5223 neg.
617 5162 718 5221 avan
731 5156 1012 5218 t.451v,n.993;Vnt.
1027 5160 1067 5220 ra,
1081 5160 1099 5208 r.
1115 5160 1184 5220 sorr,
1198 5173 1224 5211 n.
1236 5161 1283 5208 aaa
1297 5160 1325 5209 Β.
