4409 6017
419 680 535 746 XLVIII
1000 674 1181 740 FormuIaire
1215 739 1218 748 ,

420 843 470 878 seu
494 826 572 888 alios,
595 827 720 880 eundern
743 826 905 891 Hugonem,
929 825 974 877 veI
995 833 1209 888 procuratorem
1227 838 1311 875 suum
1330 822 1391 885 ejus
1410 823 1534 888 nomine,
1553 825 1585 877 in
1604 824 1771 889 corporalem

421 907 630 969 possessionem
651 908 841 968 canonicatus,
862 904 1007 968 prebende
1028 921 1062 956 ac
1082 902 1208 956 cantorie
1233 903 1426 966 predictorum
1449 905 1590 958 inducatis
1615 907 1771 959 auctoritate

419 999 515 1041 nostra
537 1000 564 1040 et
585 988 746 1041 defendatis
768 987 921 1052 inductum,
943 996 1039 1038 amoto
1061 985 1098 1037 ab
1119 984 1159 1037 eis
1178 984 1305 1048 quolibet
1325 986 1481 1048 detentore,
1501 985 1642 1040 facientes
1663 990 1770 1043 eumad

420 1069 542 1121 eandem
569 1068 732 1134 cantoriam,
761 1079 790 1121 ut
819 1077 861 1121 est
886 1068 981 1129 moris,
1010 1064 1124 1119 admitti
1147 1081 1181 1118 ac
1204 1067 1297 1128 ipsum
1320 1065 1441 1128 pacifica
1465 1066 1580 1119 illorum
1603 1070 1770 1130 possessione

420 1150 554 1212 gaudere,
580 1149 690 1214 sibique
717 1151 753 1203 de
779 1150 904 1213 ipsorum
929 1148 1115 1200 canonicatus
1136 1156 1163 1199 et
1179 1147 1325 1210 prebende
1340 1164 1373 1199 ac
1388 1148 1514 1199 cantorie
1530 1147 1679 1211 fructibus,
1695 1150 1767 1203 reddi

422 1233 504 1294 tibus,
531 1232 721 1296 proventibus,
747 1231 855 1294 juribus
881 1241 909 1285 et
934 1230 1155 1285 obventionibus
1175 1232 1310 1283 universis
1331 1232 1440 1293 integre
1461 1234 1638 1296 responderi,
1662 1252 1715 1288 non
1731 1236 1765 1288 ob-

420 1315 561 1368 stantibus
583 1313 714 1368 omnibus
737 1312 912 1378 supradictis,
937 1329 989 1365 seu
1011 1315 1035 1367 si
1058 1313 1167 1365 eisdem
1194 1312 1328 1376 episcopo
1356 1322 1383 1364 et
1411 1313 1535 1375 capitulo
1562 1313 1609 1365 vel
1639 1312 1764 1375 quibusvis

418 1395 480 1448 aliis
498 1395 686 1449 communiter
703 1395 747 1448 vel
767 1394 878 1448 divisim
894 1412 911 1446 a
931 1394 1042 1457 prefata
1059 1393 1136 1446 Sede
1158 1394 1193 1446 sit
1216 1394 1356 1446 indultum
1378 1394 1456 1456 quod
1479 1393 1618 1455 interdici,
1645 1392 1763 1457 suspendi

419 1476 465 1529 vel
480 1476 717 1529 excommunicari
732 1475 911 1539 nonpossint
925 1491 977 1538 per
992 1475 1098 1527 litteras
1119 1475 1290 1539 apostolicas
1312 1492 1369 1528 non
1390 1474 1529 1528 facientes
1551 1474 1670 1537 plenam
1690 1485 1714 1526 et
1732 1491 1764 1525 ex-

419 1574 548 1621 pressam
564 1574 598 1610 ac
616 1557 653 1609 de
670 1557 757 1609 verbo
775 1557 812 1609 ad
830 1556 950 1608 verbum
964 1556 1001 1608 de
1019 1555 1130 1609 indulto
1147 1555 1311 1618 hujusmodi
1326 1557 1509 1609 mentionem.

456 1638 685 1692 Contradictores
712 1639 879 1692 auctorita-te
906 1648 1003 1691 nostra
1028 1647 1080 1692 etc.

457 1718 564 1772 Datum
584 1729 613 1771 ut
633 1735 726 1783 supra.

1072 1988 1117 2073 3.

784 2240 1062 2291 axeacramvn
1087 2221 1178 2291 u'uu
1205 2229 1412 2291 sanantes.

1030 2362 1066 2420 (n.
1091 2362 1163 2423 749).

456 2537 569 2591 Dilecto
593 2538 653 2591 filio
679 2538 809 2601 Johanni,
834 2549 901 2589 nato
926 2536 1022 2589 dilecti
1047 2536 1099 2588 filii
1121 2536 1275 2589 Meliaduci
1299 2536 1435 2600 Salvaygi
1459 2538 1495 2590 de
1519 2539 1620 2602 Janua,
1646 2538 1766 2592 canonico

421 2621 600 2682 Virdunensi,
625 2622 746 2675 salutem
770 2631 822 2674 etc.

456 2702 538 2756 Sedis
560 2703 715 2768 apostolice
738 2705 862 2766 gratiosa
884 2702 1045 2765 benignitas
1067 2701 1186 2766 provide
1201 2719 1323 2767 pensans
1337 2703 1438 2755 merita
1451 2704 1638 2766 singulorum,
1648 2702 1708 2754 illos
1717 2714 1766 2764 pre·

421 2784 575 2837 visionibus
608 2784 805 2837 ecclesiasticis
838 2784 959 2836 libenter
990 2782 1112 2835 honorat
1132 2782 1180 2846 qui
1205 2783 1361 2836 litterarum
1386 2785 1504 2836 scientia
1529 2783 1641 2847 prediti,
1667 2782 1718 2834 vite
1738 2792 1766 2830 ac

419 2881 530 2917 morum
547 2865 697 2918 honestate
716 2864 811 2917 decori
829 2881 864 2917 ac
881 2864 1043 2917 sublimium
1061 2880 1249 2928 personarum
1269 2864 1414 2917 favoribus
1436 2865 1608 2918 circumfulti
1627 2881 1658 2916 se
1678 2858 1766 2916 favoris

419 2945 567 3009 apostolici
587 2947 678 3009 gratia
700 2946 802 3008 dignos
823 2947 952 2999 reddunt.

456 3028 519 3079 Hec
538 3026 622 3090 igitur
642 3029 669 3080 in
687 3038 715 3080 te
734 3039 852 3091 paterna
871 3026 1097 3079 consideratione
1119 3037 1271 3090 pensantes
1287 3045 1321 3079 ac
1337 3028 1463 3079 volentes
1478 3027 1528 3079 tibi
1544 3038 1701 3090 propterea,
1715 3038 1766 3079 nec·

420 3125 477 3162 non
495 3120 522 3162 et
542 3110 659 3162 obtentu
678 3108 813 3162 carissimi
832 3109 861 3161 in
880 3108 993 3159 Christo
1010 3107 1060 3160 filii
1079 3107 1170 3159 nostri
1189 3108 1314 3166 Roberti.
1334 3108 1408 3170 regis
1426 3108 1522 3161 Sicilie
1540 3108 1664 3173 illustris,
1682 3125 1728 3173 pro
1741 3116 1766 3156 te

419 3207 505 3254 super
521 3190 575 3243 hoc
591 3191 673 3243 nobis
690 3207 755 3242 cum
772 3191 903 3243 instantia
920 3189 1095 3252 postulantis,
1117 3189 1239 3251 gratiam
1256 3190 1351 3241 facere
1369 3191 1530 3254 specialem.
1548 3191 1718 3244 beneficium
1732 3202 1766 3239 ec·

419 3272 608 3324 clesiasticum
626 3272 695 3323 nulli
714 3271 761 3323 alii
778 3272 814 3322 de
831 3272 892 3333 jure
911 3270 1045 3328 debitum.
1063 3287 1129 3322 cum
1145 3286 1212 3323 cura
1228 3270 1272 3321 vel
1287 3270 1348 3323 sine
1364 3288 1439 3330 cura.
1458 3272 1545 3324 etiam
1558 3273 1582 3324 si
1597 3272 1717 3335 dignitas
1729 3265 1766 3321 vel

419 3365 587 3418 personatus
612 3364 660 3405 aut
685 3352 813 3405 officium
838 3354 938 3404 existat
963 3352 1001 3403 ad
1025 3351 1197 3404 venerabilis
1216 3351 1309 3404 fratris
1328 3353 1441 3406 nostri..
1462 3353 1587 3417 episcopi
1607 3352 1767 3408 Leodiensis

419 3435 463 3487 vel
490 3434 693 3497 cujuscumque
718 3450 770 3485 seu
794 3449 1037 3496 quorumcumque
1063 3431 1253 3498 collationem,
1280 3434 1470 3497 provisionem
1494 3451 1544 3486 seu
1571 3446 1768 3498 quamcumque

419 3516 505 3568 aliam
520 3515 735 3579 dispositionem
753 3516 896 3578 pertinens
912 3515 1099 3567 communiter
1119 3514 1162 3566 vel
1179 3514 1298 3577 divisim,
1315 3516 1338 3566 si
1352 3516 1429 3577 quod
1444 3515 1472 3566 in
1488 3515 1601 3568 civitate
1616 3517 1659 3568 vel
1675 3510 1771 3569 diocesi

420 3597 570 3650 leodiensi
595 3607 677 3649 vacat
703 3597 740 3648 ad
765 3613 881 3658 presens
907 3596 951 3648 vel
976 3595 1188 3659 quamprimum
1210 3614 1311 3649 vacare
1334 3597 1491 3659 contigerit,
1514 3597 1592 3660 quod
1613 3614 1664 3661 per
1685 3607 1712 3651 te
1731 3590 1771 3646 vel

419 3689 631 3742 procuratorem
652 3687 730 3730 tuum
752 3677 789 3729 ad
809 3678 863 3728 hoc
883 3676 1043 3739 specialiter
1064 3676 1256 3739 constitutum,
1282 3688 1432 3741 postquam
1457 3678 1507 3729 tibi
1532 3679 1576 3729 vel
1603 3679 1696 3731 eidem
1718 3693 1771 3742 pro·

418 3758 540 3813 curatori
561 3759 597 3812 de
620 3759 693 3811 illius
714 3759 862 3811 vacatione
883 3758 1046 3820 constiterit,
1069 3758 1143 3811 infra
1166 3758 1248 3810 unius
1273 3760 1377 3811 mensis
1400 3760 1523 3822 spatium
1547 3760 1661 3814 duxeris
1685 3774 1771 3821 accep

418 3840 544 3902 tandum,
569 3840 774 3893 conferendum
797 3840 848 3892 tibi
871 3850 934 3904 post
958 3841 1185 3903 acceptationem
1205 3841 1367 3904 hujusmodi
1388 3858 1452 3893 cum
1473 3842 1604 3895 omnibus
1624 3842 1728 3904 juribus
1746 3848 1771 3891 et

419 3920 595 3983 pertiuentiis
617 3923 682 3983 suis,
708 3922 853 3974 donationi
875 3920 1030 3984 apostolice
1053 3938 1240 3980 reservamus,
1258 3921 1408 3975 districtius
1424 3922 1585 3975 inhibentes
1602 3923 1695 3975 eidem
1711 3920 1771 3985 epis·

419 4019 492 4066 copo
509 4019 543 4054 ac
561 4002 600 4055 illi
617 4003 661 4055 vel
680 4002 733 4055 illis
752 4002 789 4054 ad
805 4019 892 4065 quern
907 4003 952 4054 vel
970 4003 1007 4055 ad
1024 4019 1095 4065 quos
1103 4002 1265 4064 hujusmodi
1283 4003 1416 4055 beneficii
1433 4003 1554 4065 collatio,
1573 4004 1704 4061 provisio¹
1720 4018 1771 4066 pre

419 4084 540 4137 sentatio
558 4100 609 4136 seu
628 4085 727 4147 quevis
746 4084 801 4137 alia
819 4084 966 4148 dispositio
985 4084 1174 4137 communiter
1192 4085 1236 4137 vel
1257 4085 1368 4139 divisim
1386 4085 1516 4149 pertinet,
1535 4102 1573 4138 ne
1593 4086 1629 4137 de
1646 4086 1695 4138 illo
1714 4085 1771 4138 inte·

419 4164 479 4227 rim,
499 4166 585 4217 etiam
605 4177 671 4218 ante
690 4167 916 4229 acceptationem
935 4165 1106 4228 hujusmodi.
1128 4166 1180 4218 nisi
1197 4179 1348 4230 postquam
1365 4168 1405 4219 cis
1421 4167 1575 4219 constiterit
1592 4167 1669 4231 quod
1685 4177 1715 4219 tu
1728 4179 1771 4228 pet

419 4255 446 4297 te
473 4246 516 4297 vel
543 4257 755 4309 procuratorem
780 4246 938 4309 predictum
965 4246 1033 4299 illud
1059 4246 1184 4299 nolueris
1212 4257 1369 4311 acceptare,
1398 4248 1550 4310 disponere
1577 4246 1771 4311 quoquomodo

419 4339 591 4391 presumant,
616 4345 648 4381 ac
674 4329 860 4381 decernentes
885 4344 995 4381 exnunc
1020 4327 1129 4380 irritum
1157 4340 1184 4380 et
1213 4329 1297 4380 inane
1324 4329 1348 4380 si
1375 4345 1457 4381 secus
1486 4345 1571 4394 super
1598 4329 1651 4381 hiis
1679 4347 1696 4381 a
1715 4345 1771 4392 quo

419 4426 504 4472 quarn
536 4409 635 4473 quavis
659 4411 825 4462 auctoritate
856 4409 978 4463 scienter
1000 4410 1044 4462 vel
1070 4410 1235 4472 ignoranter
1257 4410 1406 4472 contigerit
1428 4410 1597 4474 attemptari.

455 4507 512 4543 non
539 4491 718 4543 obstantibus
755 4492 927 4553 quibuslibet
965 4492 1113 4544 contrariis
1133 4491 1384 4544 consuetudinibus
1416 4492 1460 4543 vel
1492 4493 1610 4553 statutis,
1642 4492 1771 4554 juramen

418 4583 455 4632 to,
476 4570 692 4624 continuatione
713 4573 794 4625 Sedis
814 4573 969 4636 apostolice
988 4590 1038 4625 seu
1059 4590 1240 4636 quacumque
1267 4573 1400 4626 firmitate
1427 4573 1482 4625 alia
1509 4573 1656 4636 roboratis,
1684 4585 1731 4626 aut
1754 4573 1771 4625 s*

418 4651 506 4715 aliqui
528 4670 614 4716 super
636 4654 843 4716 provisionIbus
866 4654 919 4706 sibi
942 4655 1079 4708 faciendis
1099 4655 1136 4706 de
1162 4654 1355 4717 dignitatibus,
1383 4655 1580 4718 personatibus
1606 4655 1651 4707 vel
1677 4654 1771 4709 officit

419 4750 468 4784 seu
496 4735 721 4798 quibuscumque
749 4735 897 4788 beneficiis
924 4736 1123 4789 ecclesiasticis
1149 4736 1176 4787 in
1204 4736 1285 4789 dictis
1311 4735 1422 4788 civitate
1449 4745 1475 4788 et
1501 4736 1607 4789 diocesi
1633 4737 1769 4800 speciales

420 4814 463 4865 vel
485 4815 512 4865 in
534 4816 586 4867 illis
608 4817 732 4879 partibus
753 4818 902 4878 generales
922 4828 1032 4870 nostras
1052 4818 1096 4870 vel
1119 4818 1352 4881 predecessorum
1388 4830 1549 4871 nostrorum
1586 4818 1771 4873 Romanorum

419 4896 586 4958 pontificum
606 4909 653 4949 aut
673 4898 831 4960 legatorum
851 4899 979 4961 ejusdem
998 4900 1079 4952 Sedis
1101 4899 1207 4952 litteras
1231 4900 1415 4963 impetrarint,
1442 4901 1528 4954 etiam
1550 4900 1573 4952 si
1597 4917 1649 4962 per
1674 4917 1724 4954 eas
1745 4901 1771 4954 at‘

419 4978 623 5036 inhibitionem.
652 4980 872 5033 reservationem
898 4991 926 5032 et
951 4980 1098 5034 decretum
1118 4981 1163 5033 vel
1194 4981 1264 5033 alias
1296 4981 1510 5045 quomodolibet
1541 4982 1575 5034 sit
1606 4999 1771 5046 processum

419 5058 521 5120 quibus
539 5060 678 5123 omnibus,
698 5074 879 5125 preterquam
895 5064 1062 5114 auctoritate
1080 5073 1185 5124 nostra,
1205 5063 1369 5124 hujusmodi
1386 5063 1527 5115 beneficia
1545 5063 1573 5117 in
1593 5064 1704 5118 eisdem
1722 5064 1771 5120 civi

419 5149 477 5192 tate
502 5150 529 5192 et
555 5140 662 5194 diocesi
688 5144 911 5206 expectantibus,
938 5153 965 5197 te
992 5143 1021 5197 in
1044 5143 1133 5207 ipsius
1148 5144 1283 5197 beneficii
1298 5144 1476 5197 assecutione
1491 5145 1622 5198 volumus
1637 5147 1772 5202 anteferri
