4409 6017
498 698 532 763 18
1035 694 1188 763 Promitte
1210 698 1313 762 annae.

497 848 627 928 letensi,
646 846 842 925 Morinensi,
859 854 894 909 et
921 845 952 910 S.
976 845 1163 911 Germania
1189 844 1438 910 Cameracensis
1461 843 1619 925 ecclesiis,
1644 841 1865 910 canonicatus

497 960 531 1015 et
546 949 741 1036 prebendas,
751 970 790 1014 ac
799 949 1038 1034 parrochialem
1050 949 1225 1015 ecclesiam
1238 949 1269 1013 S.
1285 948 1373 1013 Petri
1386 948 1428 1013 (16
1439 948 1706 1034 Stepelmordon,
1721 946 1864 1011 [iliensis

497 1055 648 1130 diocesis,
665 1053 756 1118 etde
773 1051 930 1137 Capionis
946 1055 1213 1132 Atrabatensem,
1229 1053 1300 1117 sine
1316 1072 1403 1130 cura,
1420 1053 1596 1118 ecclesiam
1620 1052 1763 1132 obtinet,
1781 1059 1815 1116 et
1831 1050 1864 1113 in

498 1158 638 1223 ecclesia
649 1155 857 1241 maguntina,
870 1159 930 1221 sub
943 1157 1177 1242 expectatione
1189 1155 1367 1241 prebende,
1381 1155 1413 1218 in
1425 1156 1624 1221 canonicum
1636 1164 1793 1240 receptus
1802 1162 1863 1217 est.

542 1261 596 1326 ild
611 1281 787 1346 personam
804 1267 940 1325 tuam...

544 1366 621 1429 Dat.
639 1362 790 1447 Lugduni
809 1382 826 1447 7
844 1362 887 1427 id.
904 1364 1102 1448 septembris
1118 1384 1208 1427 anno
1229 1384 1254 1428 1.

543 1468 583 1533 ln
599 1491 627 1533 e.
644 1489 687 1531 111.
704 1467 815 1531 61111611
833 1468 1024 1532 monasterii
1041 1468 1072 1532 S.
1091 1468 1183 1532 Pauli
1201 1466 1416 1531 Virduuensis
1438 1475 1473 1531 et
1496 1465 1639 1531 Ricardo
1662 1465 1705 1530 de
1727 1463 1866 1529 Monte·

499 1573 603 1657 nigro,
619 1570 878 1651 Cameracensis,
895 1593 934 1635 ac
950 1570 1095 1636 Nicolao
1110 1572 1152 1636 de
1167 1570 1352 1655 Papazuris,
1372 1568 1535 1634 Metensis
1561 1568 1733 1635 canonicis
1756 1569 1864 1633 eccle·

501 1696 632 1740 siarum.

534 1812 593 1872 ltcg.
607 1812 655 1859 Ar.
668 1813 689 1870 l,
703 1812 719 1859 1.
735 1813 808 1866 113’;
827 1811 885 1861 l'at.
900 1814 939 1869 ol,
952 1811 969 1859 1.
983 1813 1017 1870 SV,
1030 1826 1055 1859 n.
1071 1813 1139 1859 16111.

544 1976 625 2059 59.
1032 2066 1036 2073 ¹
1483 1990 1578 2072 1316,
1597 2008 1615 2071 7
1631 1989 1822 2075 septembre.

546 2093 715 2158 Bemardo
737 2094 779 2157 de
798 2092 883 2157 Fuer
907 2093 1074 2157 confertur
1098 2092 1315 2157 canonicatus
1338 2092 1478 2157 ecclesie
1495 2093 1526 2157 S.
1543 2091 1718 2176 Gaugerici
1743 2090 1863 2156 Came-

502 2197 656 2276 racensis,
680 2198 740 2260 sub
765 2196 999 2281 expectatione
1022 2196 1201 2281 prebende,
1224 2216 1292 2261 non
1318 2199 1472 2261 obstante
1496 2195 1585 2280 quod
1608 2196 1641 2259 in
1666 2195 1811 2261 ecclesia
1833 2194 1864 2259 S.

503 2300 641 2366 Martini
657 2299 699 2364 de
715 2298 896 2384 Campellis
912 2300 945 2364 in
963 2299 1048 2378 Bria,
1067 2299 1259 2365 Parisiensis
1275 2299 1427 2380 diocesis,
1444 2301 1678 2365 canonicatum
1702 2300 1846 2364 obtinet.

523 2415 525 2418 ’
546 2403 663 2489 Nuper
679 2402 936 2469 attendentes...

547 2507 625 2572 Dat.
643 2506 794 2591 Lugduni
813 2526 831 2590 7
848 2506 891 2571 id.
908 2507 1106 2592 septembris
1121 2527 1210 2571 anno
1229 2528 1255 2572 1.

547 2610 586 2674 ln
603 2632 631 2676 6.
647 2632 692 2675 m.
708 2610 843 2675 sacriste
860 2609 1090 2695 Lugdunensis
1107 2619 1142 2675 et
1160 2609 1318 2675 Miclraeli
1342 2610 1384 2675 de
1403 2609 1587 2695 Cloquetis,
1604 2609 1866 2684 Cameracensis,

506 2724 539 2778 ct
555 2713 702 2792 Jolranni
719 2715 806 2794 Albi,
825 2713 1083 2779 Matisconensis
1099 2715 1269 2779 canonicis
1284 2714 1509 2780 ecclesiarum.

541 2851 601 2912 llcg.
614 2853 662 2903 Au.
677 2853 699 2908 1,
712 2853 729 2898 t.
744 2854 817 2907 lll5l;
832 2851 889 2898 l'ut.
903 2854 940 2904 (11,
955 2853 971 2899 l.
984 2855 1023 2902 311,
1036 2867 1060 2899 n.
1076 2855 1144 2899 16115.

550 3017 634 3098 60.
1489 3035 1583 3117 1316,
1602 3051 1620 3116 7
1636 3035 1827 3120 septembre.

549 3133 731 3199 Laurentio
745 3134 787 3199 (16
803 3133 1030 3219 Tliedelgariis
1045 3135 1087 3201 de
1106 3135 1208 3214 Urbe,
1224 3136 1340 3221 nepoti
1356 3136 1376 3213 J
1379 3137 1485 3218 acubi,
1499 3136 1530 3202 S.
1544 3136 1678 3221 Georgii
1692 3137 1735 3202 ad
1748 3136 1869 3202 Velum

505 3258 641 3302 aureum
665 3238 796 3303 diaconi
822 3238 1006 3319 cardinalis,
1028 3239 1196 3304 confertur
1229 3240 1446 3305 canonicatus
1478 3241 1619 3305 ecclesie
1651 3240 1870 3320 Vastinensis,

507 3340 720 3407 Bituriceusis
743 3342 894 3423 diocesis,
911 3363 979 3407 non
1003 3345 1158 3407 obstante
1183 3344 1272 3427 quod
1295 3352 1490 3429 perpetuam
1514 3344 1733 3429 capellaniam
1758 3345 1871 3410 altaris

507 3444 537 3508 S.
554 3443 573 3520 J
577 3445 717 3510 ohannis
732 3445 775 3510 (16
791 3447 898 3526 Alost,
917 3446 1166 3511 Cameracensis
1181 3447 1332 3527 diocesis,
1350 3448 1491 3512 obtinet.

550 3546 668 3633 Nuper
682 3548 850 3614 videlicet.
860 3600 884 3614 ..

552 3651 628 3716 Dat.
645 3651 796 3737 Lugduni
816 3672 833 3736 7
851 3654 893 3718 id.
910 3654 1107 3738 septembris
1123 3674 1210 3718 anno
1232 3675 1257 3717 1.

551 3754 589 3818 ln
607 3776 635 3820 e.
652 3776 696 3819 m.
713 3756 872 3840 magistro
888 3755 1097 3841 Neapoleoni
1123 3757 1165 3821 de
1182 3757 1256 3821 liliis
1274 3756 1361 3838 Ursi,
1378 3756 1614 3822 archidiacono
1636 3757 1678 3836 de
1696 3758 1874 3845 Carnpinia

508 3858 540 3921 in
564 3859 704 3923 ecclesia
728 3857 915 3939 Leodiensi,
931 3860 1064 3925 notario
1088 3881 1182 3946 pape,
1200 3869 1234 3925 et
1257 3860 1368 3925 abbati
1393 3860 1584 3926 monasterii
1602 3860 1633 3925 S.
1650 3860 1810 3927 Germani
1833 3850 1897 3929 de

509 3960 616 4026 Pratis
632 3960 833 4042 Parisiensis,
850 3984 889 4028 ac
906 3961 1051 4028 Nicolao
1066 3963 1108 4027 de
1125 3962 1291 4045 Ceccano,
1310 3964 1474 4028 canonico
1489 3965 1715 4030 Atrebatensi.

542 4097 602 4158 Bag.
616 4100 663 4146 Ar.
678 4102 700 4154 ὖ,
715 4099 732 4146 i.
745 4101 800 4158 2115,
813 4114 839 4151 n.
854 4102 918 4146 215⁰
929 4115 934 4150 ;
947 4099 1007 4148 l'at.
1024 4102 1062 4157 til,
1075 4100 1093 4147 1.
1107 4101 1146 4154 au,
1159 4114 1183 4147 u.
1199 4102 1267 4147 lulla.

557 4259 631 4340 61.
1495 4278 1589 4360 1316,
1607 4295 1626 4360 7
1642 4278 1832 4363 septembre.

554 4376 802 4457 Bartholomeo,
815 4387 896 4442 nato
913 4377 1081 4461 quondam
1095 4377 1245 4462 Gregorii
1262 4377 1303 4442 de
1321 4378 1413 4456 Polo,
1426 4378 1551 4468 militis,
1565 4381 1740 4465 capellano
1756 4379 1775 4458 J
1778 4382 1875 4447 acobi

510 4481 552 4546 de
576 4480 775 4566 Columpna,
791 4480 923 4546 diaconi
948 4480 1132 4562 cardinalis
1150 4480 1318 4546 confertur
1342 4482 1557 4548 canonicatus
1580 4484 1721 4548 ecclesie
1737 4483 1769 4549 S.
1785 4482 1877 4549 Wal-

510 4585 621 4669 burgis
649 4583 838 4663 Furnensis,
867 4582 1069 4649 Morineusis
1090 4583 1242 4664 diocesis,
1267 4587 1327 4649 sub
1351 4586 1584 4670 expectatione
1607 4586 1787 4671 prebende,
1808 4607 1875 4652 non

511 4691 666 4753 obstante
682 4688 772 4771 quod
787 4689 929 4752 ruralem
945 4687 1122 4753 ecclesiam
1139 4688 1169 4752 S.
1187 4686 1385 4753 Christosori
1403 4689 1445 4754 de
1461 4689 1597 4770 Girano,
1614 4687 1789 4755 Tiburtine
1805 4690 1877 4756 dio·

512 4791 606 4870 cesis,
622 4791 694 4856 sine
711 4812 799 4868 cura,
816 4792 957 4858 obtinet.

554 4895 751 4980 Apostolice
767 4894 1038 4961 munificentie...

544 5131 568 5164 u.
582 5116 609 5163 Il
615 5115 681 5176 suat
692 5116 806 5178 eurriper
814 5115 935 5163 Germani
946 5131 976 5162 eu
988 5117 1124 5175 Gaugcrici
1138 5130 1167 5162 uu
1180 5131 1211 5162 eu
1223 5117 1346 5165 Germani
1355 5117 1503 5177 Montensis,
1513 5119 1824 5170 Cameracensisdiocesis
