4409 6017
521 738 574 802 no
1061 735 1209 802 Promibre
1231 735 1333 801 annae.

520 886 567 951 tia
583 885 643 950 sibi
660 894 834 970 supportes
849 905 910 970 pro
935 885 1056 949 viribus
1081 904 1192 962 onera,
1210 904 1286 948 eum
1311 883 1344 947 in
1372 884 1639 951 incumbentibus
1655 886 1716 950 sibi
1746 885 1876 970 negotiis

520 989 639 1072 dirigas
655 988 762 1072 eique,
778 989 870 1073 cujus
885 1009 1042 1074 prospera
1057 997 1092 1053 et
1108 987 1246 1053 adversa
1261 1007 1331 1052 non
1346 986 1558 1053 mediocriter
1572 998 1608 1054 te
1624 989 1835 1072 contingunt,
1850 989 1875 1051 in

520 1092 649 1159 cunctis
664 1100 770 1157 status
786 1102 820 1157 et
836 1093 927 1174 regni
945 1112 1079 1157 suorum
1096 1091 1374 1176 tranquillitatem
1390 1092 1671 1157 concernentibus
1686 1100 1721 1157 et
1738 1092 1876 1176 quietem

520 1204 714 1262 constanter
729 1196 871 1262 assistas,
887 1194 906 1273 J
910 1216 967 1261 ura
984 1196 1085 1261 etiam
1102 1195 1269 1279 sanguinis
1285 1217 1326 1258 ex
1342 1195 1564 1261 naturalitatis
1574 1196 1702 1262 indicto
1715 1195 1882 1282 requirunt

520 1300 703 1384 quodcum
719 1299 835 1383 diligas
852 1308 887 1365 ut
904 1309 1063 1385 nepotem
1081 1307 1194 1364 necte
1210 1298 1281 1377 sibi,
1297 1299 1471 1383 presertim
1484 1299 1517 1363 in
1530 1300 1743 1381 necessitate,
1766 1299 1879 1365 subdu·

521 1425 585 1469 cas.
609 1403 695 1479 Hec,
713 1403 768 1479 fili,
786 1404 924 1468 solerter
939 1424 1037 1486 agere
1053 1410 1087 1467 et
1113 1403 1146 1466 in
1170 1403 1233 1467 hiis
1253 1402 1367 1467 sedule
1382 1404 1502 1468 versari
1528 1411 1562 1468 te
1588 1403 1761 1482 convenit,
1778 1412 1815 1468 ut
1838 1402 1880 1467 tui

521 1506 666 1571 nominis
681 1506 784 1590 gloria
801 1508 980 1571 extollatur
996 1508 1028 1569 in
1045 1506 1177 1591 populis
1187 1516 1221 1570 et
1232 1526 1289 1570 ora
1308 1505 1420 1589 iniqua
1437 1506 1646 1591 loquentium
1662 1509 1882 1572 obstruantur.

521 1609 606 1675 Sane
622 1630 709 1690 cum,
726 1610 810 1674 sicut
827 1610 982 1695 scripsisti
999 1610 1105 1684 nobis,
1122 1610 1247 1675 dilecto
1263 1609 1332 1674 lilio
1348 1609 1452 1673 nobili
1476 1610 1548 1674 viro
1569 1609 1756 1691 Ludovic0,
1772 1609 1882 1675 comiti

522 1712 733 1792 Nivemensi,
764 1721 799 1777 te
825 1713 1107 1778 confederationis
1133 1713 1257 1777 unione
1284 1722 1377 1778 certo
1402 1712 1505 1779 modo
1529 1714 1741 1798 conjunxeris
1765 1721 1800 1778 et
1829 1733 1884 1798 per

519 1817 653 1883 tractati
669 1816 874 1881 matrimonii
891 1816 1061 1882 vinculum
1077 1816 1241 1882 affinitate
1259 1816 1341 1881 uniri
1359 1817 1498 1901 spereris
1515 1821 1572 1901 (Ι),
1589 1817 1726 1902 expedit
1742 1817 1884 1903 penitus,

520 1920 545 1986 si
562 1920 655 2000 velis,
671 1920 755 1985 sicut
771 1928 805 1985 te
823 1920 996 2001 condecet,
1012 1920 1132 1985 honori
1149 1929 1208 1984 tuo
1231 1921 1403 1986 consulere
1428 1930 1462 1985 et
1486 1920 1605 2005 linguis
1631 1919 1885 2004 obloquentium

522 2024 666 2103 obviare,
683 2023 774 2107 quod
790 2031 827 2087 tu
843 2024 909 2107 qui,
926 2033 962 2089 ut
979 2024 1176 2108 premissum
1201 2033 1261 2103 est,
1281 2024 1313 2087 in
1338 2023 1602 2108 quibuscumque
1617 2044 1731 2108 regem
1756 2023 1886 2089 contin·

520 2127 675 2212 gentibus
705 2127 912 2192 antedictum
949 2149 990 2192 ex
1026 2128 1156 2192 ratione
1187 2127 1374 2212 participas,
1402 2127 1494 2192 dicto
1524 2126 1639 2192 comiti
1670 2127 1704 2191 in
1735 2126 1885 2209 hiisque

521 2230 677 2296 adversus
684 2251 796 2314 regem
808 2231 915 2315 ipsum
925 2231 1052 2316 cepisse
1066 2231 1168 2296 fertur
1180 2231 1476 2317 improvide,nullo
1486 2231 1588 2296 modo
1598 2229 1794 2296 comunices
1810 2240 1846 2294 ut
1857 2230 1884 2292 ei

521 2333 774 2418 quomodolibet
791 2334 912 2415 sareas,
925 2335 1005 2417 quin
1022 2335 1126 2400 immo
1138 2355 1196 2419 per
1212 2355 1329 2399 omnes
1341 2334 1410 2399 vias
1420 2342 1454 2398 et
1470 2334 1599 2414 modos,
1607 2334 1726 2419 quibus
1743 2332 1886 2398 comode

522 2437 656 2522 poteris,
674 2437 781 2522 ipsum
797 2458 930 2522 prorsus
945 2438 1093 2503 retrahas
1109 2440 1150 2502 ab
1168 2438 1309 2522 inceptis
1328 2446 1362 2502 et
1373 2445 1409 2501 ut
1421 2437 1463 2502 ad
1474 2437 1672 2502 fidelitatem
1682 2446 1718 2502 et
1728 2436 1887 2501 obedien-

520 2540 603 2606 tiam
629 2540 708 2605 dicti
736 2541 821 2625 regis
846 2541 878 2604 in
906 2542 1001 2606 vultu
1025 2542 1210 2626 penitentis
1233 2541 1403 2605 lmmiliter
1431 2541 1547 2606 redeat
1581 2561 1684 2606 acea
1709 2540 1743 2604 in
1769 2540 1887 2624 quibus

524 2651 658 2708 tenetur
674 2643 782 2708 eidem
811 2654 847 2708 ut
872 2644 1011 2709 domino
1035 2653 1160 2731 prestet
1178 2653 1212 2709 et
1234 2644 1341 2718 saciat,
1366 2644 1542 2728 diligenter
1567 2643 1714 2709 inducas.
1737 2642 1771 2707 Si
1797 2642 1886 2707 enim

521 2767 635 2813 comes
652 2748 721 2832 ipse
737 2748 783 2813 sic
799 2748 858 2812 tibi
876 2749 1073 2832 conjunctus
1090 2748 1122 2811 in
1141 2748 1274 2832 incepta
1301 2749 1491 2813 temeritate
1506 2748 1699 2833 perstiterit,
1719 2746 1776 2810 vix
1792 2755 1888 2832 pote-

520 2851 564 2916 ris
580 2852 728 2916 excusari
745 2852 824 2935 quin
841 2852 899 2917 tibi
917 2853 1033 2937 opinio
1049 2851 1191 2934 vulgaris
1207 2852 1348 2916 ascribat
1365 2851 1455 2934 quod
1481 2852 1523 2915 ad
1543 2851 1623 2916 talia
1638 2849 1681 2916 de
1697 2858 1756 2915 tua
1772 2850 1888 2915 conni-

522 2954 636 3019 ventia
652 2975 690 3019 ac
706 2953 748 3019 de
765 2965 824 3019 tuo
850 2956 995 3020 conlisus
1019 2955 1133 3020 favore
1157 2954 1318 3039 procedit.
1348 2953 1424 3019 Hec
1451 2954 1573 3038 itaque,
1591 2953 1647 3033 iili,
1665 2953 1887 3019 meditatione

521 3058 663 3123 sollicita
678 3058 808 3123 discute
824 3067 858 3122 et
874 3059 1054 3143 prudenter
1070 3058 1209 3144 provide
1226 3058 1313 3122 fame
1329 3068 1387 3122 tue
1397 3066 1432 3122 ut
1443 3078 1517 3122 eam
1529 3058 1619 3121 nulla
1631 3065 1727 3121 notet
1749 3056 1886 3121 infamie

521 3162 660 3238 macula,
677 3162 736 3227 sed
752 3183 813 3246 age
829 3162 970 3227 sollicite
987 3172 1023 3226 ut
1039 3171 1255 3227 conservetur
1274 3162 1374 3226 illesa.
1391 3160 1455 3225 Per
1479 3160 1512 3225 id
1527 3161 1627 3240 enim,
1644 3168 1681 3225 ut
1709 3160 1885 3242 credimus,

520 3264 603 3349 Regi
621 3286 733 3349 regum
752 3286 904 3330 occurres
920 3276 1078 3350 acceptus
1094 3276 1128 3330 et
1146 3265 1246 3350 ipsius
1273 3266 1405 3349 nepotis
1421 3265 1467 3329 tui
1485 3264 1527 3329 ad
1543 3273 1577 3328 te
1593 3274 1627 3329 ct
1655 3273 1731 3328 tuos
1746 3264 1885 3327 benivo-

519 3369 657 3433 lentiam
683 3369 894 3433 conservabis
926 3379 960 3434 et
992 3369 1080 3454 apud
1105 3390 1167 3433 nos
1191 3380 1225 3432 et
1250 3368 1467 3453 apostolicam
1497 3367 1616 3432 Sedem
1643 3367 1804 3431 uberioris
1827 3367 1884 3431 tibi

518 3472 711 3537 vendicabis
724 3472 845 3537 favoris
855 3472 1242 3556 augmentumDenique
1254 3472 1489 3557 transcriptum
1501 3470 1581 3536 illud
1591 3470 1884 3549 confederationis,

519 3575 611 3659 quod
626 3576 724 3641 nobis
740 3576 874 3641 mittere
891 3577 1053 3641 inclusum
1079 3580 1139 3641 sub
1164 3585 1224 3640 tuo
1249 3576 1355 3660 sigillo
1381 3575 1512 3653 curasti,
1529 3574 1588 3639 tibi
1604 3574 1807 3640 remittimus
1827 3594 1885 3660 per

518 3678 722 3764 presentium
738 3680 948 3764 portitorem,
964 3680 1075 3746 dilecti
1093 3680 1150 3744 filii
1168 3680 1271 3744 nostri
1288 3678 1416 3759 Jacobi,
1433 3679 1520 3743 tituli
1543 3678 1741 3743 Sanctorum
1758 3677 1883 3756 Jolran-

519 3783 570 3847 nis
586 3792 619 3847 et
636 3782 740 3863 Pauli,
757 3784 865 3867 sigillo
881 3784 1059 3848 munitum.
1077 3784 1155 3849 Dat.
1171 3784 1270 3848 Avin.
1289 3804 1306 3867 3
1324 3783 1388 3847 lral.
1406 3783 1493 3848 rtraii.
1512 3805 1528 3842 r>

552 3968 612 4027 llcg.
625 3967 684 4016 lat.
700 3971 752 4018 lou.
765 3969 782 4016 f.
791 3972 841 4018 51'.
851 3983 876 4018 n.
892 3972 948 4019 202.
963 3997 994 4002 --
1007 3970 1113 4024 Goulon,
1126 3984 1151 4017 n.
1168 3971 1213 4016 auu
1226 3970 1330 4029 (textu).

563 4182 672 4267 331·
1534 4195 1839 4284 [1317l229twr1'l

566 4301 732 4375 Matlrildi.
749 4302 917 4368 comitisse
933 4303 1157 4381 attrebatensi,
1174 4303 1324 4368 scribitur
1349 4313 1384 4366 ut
1410 4302 1538 4367 nunciis
1564 4302 1759 4387 apostolicis
1782 4301 1880 4366 fidem

520 4406 689 4471 adhibeat.

555 4757 574 4803 l.
589 4755 609 4801 ll
622 4755 693 4814 s'agit
708 4754 742 4801 du
757 4752 977 4801 traitr‘ed'nlliancc
989 4752 1078 4798 conclu
1093 4752 1115 4799 lc
1130 4754 1138 4798 l
1155 4767 1222 4798 unns
1236 4754 1296 4798 1317
1306 4757 1378 4799 cutm
1391 4752 1502 4811 erraras,
1515 4757 1598 4801 comte
1609 4753 1641 4800 dc
1655 4753 1747 4813 l'alois,
1760 4763 1785 4802 ot
1800 4755 1882 4802 lautis.

519 4837 646 4886 cmmode
658 4837 759 4894 Novors,
772 4836 813 4882 tils
824 4835 858 4882 du
871 4834 998 4881 <antitodo
1014 4833 1132 4882 lllaudro.
1145 4834 1209 4881 uam
1222 4833 1304 4892 lequel
1326 4834 1357 4880 ils
1368 4836 1516 4881 comburent
1532 4834 1587 4881 loru·
1603 4834 1695 4882 accord
1717 4835 1751 4882 du
1766 4839 1797 4884 2⁰
1817 4851 1881 4883 mans

521 4920 590 4969 130⁸,
603 4919 660 4965 saus
672 4933 722 4977 quc
735 4918 757 4964 lo
770 4918 809 4964 tils
821 4917 852 4964 dc
868 4918 944 4963 lionis
961 4916 993 4963 ilc
1005 4916 1102 4963 Nevors
1121 4915 1250 4977 ‹ipimscra¹
1267 4931 1300 4962 au
1313 4916 1363 4963 lieu
1375 4916 1518 4967 d'lsalmllc.
1533 4917 1585 4963 lille
1596 4917 1629 4963 du
1646 4927 1732 4965 comte
1743 4918 1777 4966 ‹lc
1790 4918 1879 4966 l'alois.

519 5000 582 5047 ccllo
594 5000 639 5046 «los
651 5002 712 5047 trois¹
724 5000 788 5046 lillcs
799 4999 833 5045 ‹ln
847 5004 938 5048 comto.
950 5013 1000 5058 quc
1016 4997 1040 5044 lc
1056 5006 1139 5044 corruo
1158 4998 1189 5044 dc
1210 4998 1307 5044 xer-ars
1319 4997 1449 5044 clmisirait
1468 4998 1512 5059 (do
1533 4999 1777 5059 lrirnlnugbtirum.
1797 4999 1879 5046 (luia

518 5079 698 5143 diplomaticam
712 5080 863 5130 Flamlriur.
877 5087 894 5127 t.
910 5081 945 5129 ll,
959 5095 1000 5142 pp.
1014 5082 1043 5123 83
1056 5089 1076 5126 ct
1094 5081 1162 5139 295).
1177 5082 1210 5126 t‘c
1223 5079 1300 5126 lmiu‘·
1314 5095 1344 5126 nc
1363 5081 1404 5127 lut
1415 5095 1460 5143 pas
1478 5080 1834 5130 extr-11t1121vnlsuucomte
1850 5082 1879 5127 ilc

518 5162 715 5227 Nororsr'pcmst
727 5178 756 5210 cu
775 5165 834 5210 132⁰
848 5164 1012 5225 liar-pruno,
1026 5162 1077 5207 tillo
1089 5161 1123 5208 du
1138 5163 1173 5208 roi
1186 5161 1217 5207 ilo
1232 5162 1327 5209 l'mmu·
1340 5161 1425 5220 (inid,
1438 5176 1461 5224 p.
1475 5165 1542 5216 341).
