4409 6017
864 724 1013 795 lluitibme
1032 728 1136 796 annae.
1621 725 1682 791 465

321 874 416 943 tibus
432 875 580 962 ejusdem
597 878 737 944 Camere
748 899 848 966 super
864 878 931 945 hiis
946 877 1134 965 providere,
1150 874 1343 944 discretioni
1356 883 1415 944 tue
1430 896 1489 964 per
1503 877 1687 964 apostolica

325 980 452 1068 scripta
485 981 730 1049 committimus
756 992 792 1049 et
828 983 1029 1049 mandamus
1052 991 1218 1068 quatenus
1252 980 1419 1067 prefatum
1444 981 1621 1048 Albertum
1652 990 1688 1048 et

322 1085 463 1171 quosvis
486 1086 569 1152 alios
591 1086 704 1171 quide
720 1088 817 1154 bonis
832 1096 867 1154 et
883 1086 1102 1173 proventibus
1117 1086 1294 1153 memorati
1309 1086 1457 1173 episcopi
1473 1086 1599 1171 aliquid
1613 1107 1686 1173 per-

321 1189 494 1276 cepissent
506 1191 561 1255 vel
577 1190 621 1257 ad
636 1211 777 1276 quorum
794 1211 914 1258 manus
928 1193 1018 1258 bona
1034 1190 1107 1277 ipsa
1121 1189 1378 1275 quomodolibet
1392 1190 1635 1277 pervenissent,
1651 1198 1688 1256 ut

323 1313 365 1358 ea
380 1294 453 1375 tibi,
469 1303 586 1361 nostro
602 1304 636 1362 et
655 1295 795 1362 ecclesie
825 1295 978 1362 Romane
1002 1294 1140 1361 nomine
1164 1293 1349 1382 recipienti,
1372 1315 1434 1381 pro
1460 1293 1687 1361 satisfactione

321 1396 515 1464 debitorum
543 1399 576 1464 in
602 1400 723 1485 quibus
750 1399 889 1466 Camere
914 1399 1066 1486 predicte
1091 1400 1269 1465 tenebatur
1302 1395 1412 1465 dictus
1437 1399 1627 1486 episcopm,
1651 1405 1688 1464 ut

320 1502 499 1589 prefertur,
516 1503 650 1570 tradant
666 1504 871 1591 integraliter
886 1511 921 1570 et
936 1495 1275 1589 assignent‚'m0neas
1292 1501 1474 1569 efficaciter
1488 1511 1523 1570 et
1539 1503 1687 1570 inducas.

320 1604 400 1672 Nos
415 1608 506 1671 enim
521 1609 611 1674 bona
627 1617 662 1674 et
677 1609 836 1695 pecunias
850 1608 1040 1694 hujusmodi
1057 1608 1151 1674 dicto
1167 1607 1305 1673 nomine
1320 1608 1472 1695 petendi,
1487 1609 1641 1696 exigendi
1653 1618 1688 1674 et

318 1709 505 1795 recipiendi
522 1711 655 1796 tibique
671 1712 814 1779 faciendi
840 1712 897 1778 illa
922 1733 982 1799 per
1006 1732 1234 1798 quascumque
1256 1731 1417 1798 personas
1443 1713 1688 1782 ecclesiasticas

321 1822 359 1879 et
391 1815 566 1897 seculares,
600 1817 839 1902 cujuscumque
869 1825 985 1898 status,
1016 1816 1152 1898 ordinis,
1184 1815 1388 1883 conditionis
1424 1817 1479 1883 vel
1516 1817 1688 1903 dignitatis

321 1918 482 1999 existant,
505 1940 570 2003 que
594 1940 635 1986 ea
664 1920 871 2007 recepissent
892 1922 948 1999 vel
980 1920 1026 1987 ad
1055 1941 1138 2006 quas
1159 1920 1391 2007 pervenissent
1422 1923 1687 2007 quomodolibet,

321 2022 496 2106 assignari,
511 2031 613 2107 teque
629 2043 728 2111 super
742 2024 801 2108 eis,
817 2024 844 2091 si
858 2043 997 2092 necesse
1012 2024 1122 2107 fuerit,
1138 2023 1339 2090 informandi
1354 2026 1543 2107 summarie,
1563 2027 1687 2113 simpli-

321 2125 410 2192 citer
424 2134 459 2191 et
473 2127 515 2192 de
531 2130 634 2213 plano
648 2148 689 2195 ac
704 2128 776 2195 sine
791 2128 932 2216 'strepitu
948 2137 984 2195 et
999 2129 1104 2215 figura
1115 2127 1231 2214 judicii
1246 2151 1255 2209 ;
1269 2129 1533 2196 contradictores
1554 2151 1686 2216 quoque

320 2247 385 2316 per
401 2250 576 2296 censuram
591 2232 866 2315 ecclesiasticam,
882 2232 1110 2320 appellatione
1126 2232 1325 2319 postposita,
1342 2233 1577 2319 compellendi,
1594 2234 1686 2299 invo-

320 2341 404 2398 cato
420 2332 554 2416 adhoc,
570 2334 597 2400 si
615 2356 699 2421 opus
715 2336 824 2418 fuerit,
839 2336 964 2404 auxilio
979 2335 1106 2403 brachii
1122 2336 1289 2417 secularis,
1312 2356 1381 2403 non
1404 2339 1600 2403 obstante...
1619 2362 1628 2420 ;
1652 2348 1687 2404 et

319 2457 383 2502 eos
404 2438 459 2521 qui
485 2438 637 2523 predicta
661 2440 721 2505 tibi
747 2440 904 2507 duxerint
918 2440 1119 2527 assignanda
1134 2440 1285 2526 quitandi
1302 2449 1337 2507 et
1353 2443 1548 2508 absolvendi
1565 2443 1607 2509 de
1624 2444 1687 2509 hiis

321 2560 390 2625 que
406 2542 448 2606 ab
464 2541 544 2627 ipsis
566 2543 715 2629 recipere
739 2552 774 2636 te
801 2545 986 2631 continget,
1009 2545 1145 2631 plenam
1168 2544 1228 2611 tibi
1252 2544 1469 2612 concedimus
1484 2548 1686 2613 auctoritate

320 2644 532 2731 presentium
547 2647 752 2713 facultatem.
770 2646 933 2715 Volumus
948 2657 1062 2715 autem
1078 2648 1170 2734 quod
1185 2668 1284 2734 super
1299 2648 1523 2734 assignatione
1539 2651 1687 2736 qualibet

321 2746 394 2813 duo
422 2749 490 2814 fieri
518 2750 620 2816 facias
635 2760 647 2782 ⁶
664 2752 850 2818 consimilia
875 2752 1009 2839 publica
1029 2752 1263 2834 instrumenta,
1288 2772 1430 2838 quorum
1454 2756 1561 2821 altero
1583 2776 1687 2842 penes

322 2852 464 2917 eosdem
479 2854 687 2939 assignantes
702 2855 850 2938 dimisso,
866 2857 1031 2941 reliquum
1058 2876 1125 2922 una
1145 2877 1223 2923 cum
1244 2856 1309 2924 hiis
1333 2877 1397 2942 que
1413 2858 1581 2944 premissis
1596 2879 1687 2926 rece-

323 2956 415 3041 peris
430 2956 473 3022 ad
488 2958 630 3023 eandem
647 2958 824 3024 Cameram
839 2960 975 3026 mittere
990 2966 1064 3026 tute
1080 2968 1115 3026 et
1132 2960 1275 3026 fideliter
1300 2981 1369 3026 non
1391 2969 1587 3048 postponas.
1606 2964 1686 3030 Dat.
1719 2958 1721 2962 ’

322 3059 426 3124 Arin.
447 3081 483 3145 13
500 3061 566 3128 kal.
582 3062 768 3129 decembris
783 3083 874 3129 anno
890 3065 948 3129 8.»

360 3198 421 3260 neg.
439 3199 496 3250 rar.
513 3202 569 3262 112,
582 3202 673 3265 paral,
686 3202 704 3252 r.
719 3203 769 3263 arv,
781 3216 807 3253 n.
822 3204 877 3253 rar.

371 3375 506 3459 1251.
1290 3409 1382 3471 1323,
1398 3410 1440 3454 20
1460 3392 1642 3456 novembre.

370 3494 571 3561 Balduwino
586 3494 771 3577 Bertholdi,
781 3492 950 3559 monacho
966 3492 1157 3558 monasterii
1174 3492 1216 3559 de
1227 3491 1321 3559 Loco
1336 3491 1367 3558 S.
1378 3490 1548 3574 Bemardi,
1561 3493 1687 3560 ordinis

324 3595 571 3679 Cisterciensis,
582 3595 832 3663 Cameracensis
846 3593 999 3676 diocesis,
1015 3614 1092 3660 cum
1107 3615 1175 3679 quo
1191 3603 1343 3682 tempore
1359 3594 1545 3663 Clementis
1559 3597 1686 3684 papeV

321 3701 558 3788 dispensatum
574 3701 635 3768 fuit
651 3722 750 3788 super
765 3700 901 3766 defectu
916 3698 1079 3764 natalium
1095 3707 1133 3764 ut
1148 3699 1191 3765 ad
1206 3721 1324 3766 omnes
1339 3699 1473 3767 ordines
1495 3702 1686 3788 promoveri

323 3816 362 3874 et
378 3807 422 3873 ad
437 3805 743 3873 administrationes
761 3822 988 3889 quascumque
1003 3801 1084 3870 dicti
1101 3802 1225 3868 ordinis
1241 3804 1325 3869 citra
1352 3804 1538 3871 abbatiales
1564 3804 1685 3870 assumi

322 3913 465 3994 valeret,
482 3910 678 3978 conceditur
700 3907 907 3994 dispensatio
923 3916 961 3973 ut
983 3906 1027 3973 ad
1041 3928 1268 3992 quascumque
1284 3907 1464 3992 dignitates
1480 3916 1515 3973 et
1537 3909 1687 3974 abbatias

320 4016 446 4104 prefati
462 4013 691 4082 Cisterciensis
707 4011 842 4091 ordinis,
853 4009 987 4076 abbatia
997 4011 1191 4077 monasterii
1202 4010 1442 4093 Cisterciensis,
1455 4010 1687 4078 Cabilonensis

322 4120 480 4199 diocesis,
497 4127 649 4205 excepta,
665 4114 854 4203 promoveri
872 4115 994 4182 valeat.

372 4223 557 4309 Religionis
573 4223 703 4287 zelus...

371 4329 451 4393 Dat.
467 4326 566 4391 Avin.
583 4346 619 4390 12
630 4324 696 4391 kal.
712 4322 899 4390 decembris
914 4341 1004 4387 anno
1021 4323 1050 4387 8.

361 4467 425 4527 Beg.
441 4468 486 4513 Ar.
501 4467 541 4525 20,
556 4465 573 4513 f.
591 4465 664 4521 160'3
684 4462 742 4511 Vct.
758 4464 797 4521 tt,
811 4462 829 4510 f.
846 4462 896 4519 ἴθ’,
910 4475 935 4509 n.
953 4461 1005 4508 177.
1026 4486 1056 4493 -
1079 4457 1201 4518 Berlibrc,
1221 4457 1373 4507 Documenta
1397 4459 1516 4509 l'atieuna
1536 4464 1688 4509 concernunt

325 4547 446 4612 l'abboye
456 4547 487 4595 dn
503 4543 861 4602 rn-Berrwrd-em·-rlaealr,
874 4542 920 4589 XI
925 4540 994 4588 Μ’
1000 4541 1029 4588 Ve
1037 4538 1120 4600 ridete,
1134 4539 1199 4588 dans
1211 4540 1356 4606 Bijdruqen
1367 4545 1402 4588 lot
1413 4541 1444 4590 de
1453 4543 1629 4607 peaolriedenia
1642 4543 1688 4607 bii·

325 4628 469 4691 :onderlijk
491 4644 537 4676 run
557 4628 598 4676 let
617 4626 709 4675 alaude
727 4623 881 4687 Ilertrprlom
903 4622 1029 4679 Benbant,
1049 4623 1205 4684 uitgegercn
1229 4622 1292 4671 door
1308 4623 1335 4671 P.
1351 4623 1376 4671 J.
1394 4623 1590 4685 Goetscbalckx‚
1608 4630 1626 4674 t.
1645 4626 1687 4673 lll

325 4713 427 4774 (1904),
440 4726 464 4775 p.
477 4713 491 4759 9
503 4711 609 4773 (texte).

373 4891 512 4974 1252.
1292 4918 1387 4981 1325,
1403 4919 1446 4964 20
1462 4903 1644 4967 novembre.

371 5010 546 5095 Hugolino
562 5009 591 5074 T
593 5010 671 5074 inoli
689 5010 732 5076 de
750 5008 886 5074 Petusio
902 5006 1072 5075 confertur
1099 5002 1316 5070 canonicatus
1332 5002 1474 5068 ecclesie
1498 5004 1529 5069 S.
1547 5002 1689 5073 Bartho-

361 5181 386 5214 α.
403 5165 508 5213 faciatis
521 5181 571 5229 req.

382 5280 487 5321 Analecta
496 5279 693 5332 vaticano-belgica.
705 5281 736 5321 ll.
1616 5290 1641 5325 30
