4409 6017
509 728 570 793 390
1060 731 1186 799 Sixitme
1207 732 1310 797 annea.

553 878 850 965 1013-1016.
1498 894 1828 977 1521,8drcembre.

550 997 814 1087 Archiepiscopo
829 1000 1022 1067 Coloniensi
1045 1000 1182 1086 ejusque
1206 998 1422 1083 suffraganeis
1444 998 1623 1064 mandatur
1646 998 1742 1083 quod
1764 998 1862 1064 indul·

507 1102 621 1187 gentia
640 1123 800 1171 concessa
824 1114 875 1172 est
889 1104 1179 1192 proficiscentibus
1194 1112 1313 1171 contra
1330 1103 1554 1185 Fredericum,
1572 1103 1777 1186 hereticum,
1793 1102 1862 1168 Gui-

507 1204 632 1272 donem
641 1214 676 1273 et
688 1207 908 1295 Sperantiam,
925 1210 1041 1275 fratres
1056 1209 1137 1295 ejus,
1154 1209 1296 1276 comites
1311 1208 1481 1294 quondam
1497 1207 1540 1273 de
1557 1204 1818 1289 Monteferetro,
1833 1214 1861 1271 et

508 1309 662 1376 civitates
678 1310 880 1378 Urbinatem
895 1321 930 1379 et
946 1314 1175 1401 spoletanam,
1191 1313 1331 1380 ecclesie
1343 1314 1496 1380 Romane
1511 1313 1666 1378 rebelles.

553 1414 719 1502 Exsurget
735 1417 868 1484 Dens...

552 1518 634 1586 Dat.
649 1520 750 1589 Avin.
768 1527 786 1587 6
803 1522 847 1590 id.
863 1522 1049 1589 decembris
1064 1542 1156 1588 anno
1174 1527 1203 1589 6.

540 1669 601 1733 neg.
613 1671 710 1732 1111,
723 1672 742 1722 r.
757 1674 820 1732 4443
834 1673 892 1724 vn.
905 1675 1088 1734 ratonem.
1101 1677 1178 1725 1119.

553 1880 658 1942 1014.
673 1910 718 1920 -
733 1871 871 1939 Eisdem
886 1872 1040 1940 scribitur
1056 1873 1090 1938 in
1106 1874 1251 1941 eundem
1266 1876 1405 1943 modurn
1421 1876 1464 1942 de
1488 1875 1696 1962 indulgentia
1713 1896 1865 1943 concessa

507 1976 795 2063 proficiscentibus
821 1987 937 2044 contra
961 1979 1135 2045 civitatem
1160 1979 1428 2048 Recanatensem
1445 1990 1480 2047 et
1496 1982 1586 2047 cives
1602 1981 1864 2059 RecanatenseS,

453 2123 455 2127 -
508 2082 675 2149 hereticos
690 2082 832 2149 ecclesie
849 2084 1002 2151 Romane
1017 2085 1170 2151 rebelles.

553 2186 719 2274 Exsurgat
735 2186 868 2254 Deus...

552 2290 632 2359 Dat.
643 2290 744 2359 Avin.
762 2296 780 2357 6
797 2292 841 2360 id.
857 2293 1046 2360 decembris
1062 2315 1153 2360 anno
1172 2299 1201 2362 6.

541 2444 602 2507 Reg.
614 2446 662 2495 Av.
675 2446 834 2507 17,1.108’;
847 2447 907 2497 Vat.
920 2449 989 2508 73,1.
1003 2450 1037 2509 l',
1050 2464 1105 2499 cnr.
1117 2463 1143 2500 n.
1158 2450 1197 2499 28.

555 2643 655 2707 1015.
671 2674 716 2685 -
731 2635 868 2703 Eisdem
883 2637 1035 2705 scribitur
1050 2639 1084 2705 in
1099 2638 1245 2705 eundem
1261 2638 1399 2704 modum
1415 2638 1458 2704 de
1482 2636 1692 2723 indulgentia
1709 2656 1866 2704 concessa

506 2740 795 2826 proficiscentibus
804 2750 922 2809 contra
932 2742 1126 2831 Lippatinm
1138 2753 1173 2809 et
1181 2744 1354 2810 Andream
1366 2741 1538 2828 quondam
1550 2739 1866 2823 Gonsolini,militer

510 2845 718 2912 Auximanos
741 2854 777 2911 et
800 2866 981 2913 commune
1009 2847 1248 2929 Auximanum,
1274 2846 1442 2913 hereticos
1468 2853 1503 2911 et
1528 2845 1702 2931 ydolatras
1730 2843 1865 2913 ecclesie

510 2947 664 3014 Romane
679 2951 831 3016 rebelles.

554 3052 718 3139 Exsurget
735 3054 869 3120 Deua...

553 3158 631 3223 Dat.
647 3157 747 3223 Avin.
766 3163 783 3223 6
800 3157 844 3224 id.
860 3156 1048 3225 decembris
1064 3177 1154 3222 anno
1173 3161 1201 3222 ό.

542 3319 603 3381 Reg.
616 3323 663 3369 Av.
673 3323 709 3379 17,
723 3322 740 3369 t.
753 3322 800 3369 380
814 3337 819 3379 ;
832 3320 889 3369 Vnt.
901 3322 937 3380 73,
951 3321 969 3368 t.
983 3323 1031 3379 ll',
1044 3335 1097 3369 cur.
1111 3334 1136 3368 n.
1149 3321 1188 3368 30.

557 3535 654 3595 1016.
671 3565 714 3574 -
731 3527 866 3592 Eisdem
884 3527 1061 3592 mandatur
1076 3534 1241 3610 quatenus
1256 3547 1317 3612 pro
1333 3526 1479 3591 subsidio
1494 3525 1688 3612 pecuniario
1704 3528 1862 3593 solvendo

510 3655 568 3720 per
596 3634 711 3699 fideles
735 3641 853 3698 contra
879 3632 989 3698 dictos
1014 3633 1180 3698 hereticos
1205 3640 1239 3697 et
1266 3631 1437 3717 ydolatras
1463 3631 1587 3698 faciant
1604 3632 1673 3697 fieri
1701 3633 1819 3699 archas
1833 3640 1861 3694 et

509 3747 646 3804 truncos
662 3739 694 3802 in
717 3736 876 3815 ecclesiis
893 3737 926 3800 in
943 3737 1060 3820 quibus
1076 3736 1286 3813 recondatur,
1304 3743 1338 3801 et
1355 3736 1445 3819 quod
1470 3737 1578 3822 ipsum
1603 3737 1786 3804 subsidium
1810 3757 1862 3802 sno

510 3845 587 3909 loco
611 3852 646 3907 et
670 3849 822 3926 tempore
849 3841 1018 3924 assignent
1042 3841 1163 3906 rectori
1192 3850 1226 3905 et
1247 3840 1453 3906 thesaurario
1470 3839 1622 3907 Marchie
1645 3842 1861 3908 Anconitane.

556 3947 674 4031 Sponsi
691 3945 864 4011 celestis...

557 4052 635 4116 Dat.
651 4049 751 4115 Avin.
770 4054 787 4114 6
805 4048 849 4116 id.
865 4049 1051 4116 decembris
1067 4069 1157 4114 anno
1177 4053 1206 4115 6.

545 4208 606 4269 Reg.
618 4209 665 4256 Δν,
679 4209 716 4266 17,
729 4208 746 4255 f.
759 4209 818 4255 427¹
829 4224 835 4264 ;
848 4207 906 4255 Vat.
918 4209 957 4265 73,
970 4207 987 4255 f.
1001 4209 1051 4267 12¹,
1063 4221 1117 4256 cur.
1130 4222 1155 4255 n.
1167 4208 1206 4256 31.

558 4413 696 4496 1017.
1542 4449 1638 4512 1322,
1648 4451 1674 4514 5
1684 4429 1824 4512 Jonor'er.

554 4532 574 4611 J
577 4533 712 4613 ohanni,
724 4540 806 4599 nato
819 4533 967 4599 Poncelli
978 4533 1147 4617 quondam
1164 4529 1306 4613 Mathei,
1322 4532 1447 4613 militis,
1462 4533 1504 4599 de
1520 4532 1596 4598 filiis
1613 4532 1692 4599 Ursi
1708 4542 1744 4599 et
1755 4528 1858 4619 nepoti

511 4636 685 4719 Johannis,
710 4637 741 4701 S.
758 4637 926 4704 Theodori
964 4636 1096 4703 diaconi
1135 4635 1320 4717 cardinalis,
1348 4637 1563 4703 conferuntur
1594 4638 1811 4703 canonicatus
1831 4642 1858 4697 et

512 4743 681 4830 prebenda
693 4743 834 4808 ecclesie
846 4742 1096 4809 Cameracensis
1113 4748 1270 4807 vacantes
1285 4761 1345 4826 per
1360 4741 1489 4806 obitum
1505 4740 1623 4819 Jacobi
1637 4737 1858 4826 Bonisengoris

512 4848 554 4912 de
570 4846 675 4927 Senis,
685 4847 850 4933 capellani
868 4867 964 4932 pape,
976 4853 1070 4911 extra
1088 4844 1278 4910 Romanam
1293 4843 1419 4910 curiam
1434 4843 1594 4926 delmrcti,
1618 4866 1688 4912 non
1714 4849 1856 4913 obstante

513 4952 603 5038 quod
619 4951 652 5015 in
668 4951 809 5018 ecclesia
824 4951 991 5016 Toletana
1015 4948 1252 5016 canonicatum
1279 4956 1314 5013 et
1346 4948 1553 5035 prebendam
1576 4949 1720 5019 obtinet.

558 5058 649 5123 Dum
663 5058 711 5122 tui
728 5056 981 5121 nobilitatem...

558 5163 636 5228 Dat.
652 5160 751 5227 Avin.
769 5181 786 5245 3
803 5181 883 5228 non.
895 5160 1036 5247 januarii
1052 5179 1143 5227 anno
1161 5162 1189 5226 6.
