4409 6017
899 705 1018 771 Seibus
1037 741 1078 754 -
1098 706 1169 773 Sion

360 863 483 929 Setiaus,
510 864 655 928 Johannoe
682 861 801 918 Henrici
826 862 870 922 de,
899 881 924 916 v.
951 862 1010 916 Sef-

393 944 477 998 iawe.

357 1025 444 1093 sitia,
464 1026 556 1078 Sezze.

358 1106 448 1169 Setia,
474 1106 605 1158 Andreas
631 1106 675 1173 de,
703 1122 766 1160 ean.
794 1105 1011 1170 Ferentinaten„

393 1193 457 1241 988.

357 1268 447 1333 Setia,
472 1269 574 1321 Petrus
595 1267 640 1335 de,
664 1267 783 1331 scriptor
806 1284 888 1333 pape,
911 1268 1011 1331 capell.

394 1350 473 1404 Petri
496 1349 533 1402 de
556 1349 719 1412 Columpna
742 1348 815 1401 diac.
840 1350 925 1411 card„
949 1365 1011 1406 can.

392 1430 474 1495 preb.
492 1431 523 1492 Β,
539 1430 632 1484 Marie
647 1430 685 1482 de
700 1429 786 1491 Setia,
801 1446 863 1487 can.
878 1429 932 1482 sub
948 1447 1011 1493 exp.

392 1512 474 1575 preb.
495 1511 527 1574 Β,
547 1511 625 1565 Petri
643 1511 681 1563 de
702 1512 799 1565 Insula
817 1520 844 1564 et
865 1510 1011 1573 Tervisin„

392 1592 584 1648 beneficiatus
602 1593 631 1645 in
647 1594 715 1645 eccl.
735 1591 762 1653 S,
781 1591 856 1644 Petri
871 1592 908 1644 de
926 1591 1011 1654 Setia,

391 1679 440 1728 40.

356 1755 448 1817 Setia,
467 1754 613 1807 Romanus
632 1752 770 1816 Stephani
788 1753 833 1819 de,
851 1772 877 1805 v.
896 1753 1012 1816 Stepha-

390 1852 433 1899 m·

355 1917 533 1987 Sentiacum,
555 1916 794 1979 Sullysur-Loire.

356 1999 456 2062 Seves,
474 1998 619 2051 Walterus
636 1996 680 2062 de,
700 2013 762 2050 can.
781 1996 834 2048 sub
851 2013 912 2059 erp¹
932 1996 1010 2059 preb,

394 2079 428 2136 Β,
453 2079 545 2132 Marie
567 2079 722 2140 Tungren„
749 2082 827 2134 1335.

357 2161 504 2225 Seupbene,
538 2157 796 2213 Sichem-lez·Diest
825 2175 863 2210 ou
896 2158 1008 2211 Sichen.

355 2245 504 2298 Mzanno
529 2241 680 2304 (Susanna),
705 2239 822 2305 Franco,
847 2238 913 2301 ἀέρ’.
939 2239 1011 2290 Mar-

390 2338 438 2382 ne‚
457 2321 531 2375 dioc.
549 2321 666 2383 Troyes

356 2432 389 2440 -
412 2402 491 2456 Eccl.
513 2402 540 2464 S,
563 2401 682 2463 Nicolai,
706 2430 739 2438 -
759 2401 868 2467 capell„
888 2401 1011 2463 Jacobus

392 2484 430 2536 de
453 2483 595 2535 Barbona.

356 2564 490 2627 serenes,
511 2562 707 2620 Theodericus
727 2563 771 2629 de,
794 2592 827 2599 -—
848 2562 911 2624 ejus
929 2563 1010 2628 filius,

392 2646 530 2698 Thomas

356 2725 490 2787 Sezeiles
506 2726 632 2778 Thomas
646 2724 691 2790 de,
708 2740 770 2777 can.
785 2725 839 2776 sub
854 2742 915 2786 exp,
931 2724 1010 2787 preb.

398 2809 428 2862 S.
455 2806 591 2870 Gorgonii
616 2807 791 2869 Hugarden„
817 2811 877 2859 523.

355 2896 453 2945 sezzo
477 2887 581 2952 (Setia),
601 2887 690 2948 Italic,
710 2885 782 2939 dioc.
800 2886 961 2949 Terracine,

357 2999 390 3006 —
411 2968 491 3023 Eccl.
515 2968 577 3030 coll,
601 2969 629 3027 S,
655 2968 756 3029 Marie,
782 2997 814 3005 -
836 2984 898 3023 can.
922 2967 1010 3033 preb,

394 3050 495 3101 Petrus
515 3050 551 3101 de
571 3050 659 3102 Setia.

359 3162 391 3168 —
416 3131 496 3184 Eccl.
520 3131 582 3183 coll.
607 3132 635 3182 S.
662 3129 780 3194 Nicolai,
804 3159 837 3166 -
861 3146 930 3190 can„
957 3130 1009 3182 Ro·

392 3228 496 3263 manus
512 3211 651 3274 Stephani
667 3211 703 3263 de
720 3210 806 3263 Setia.

358 3322 390 3329 —
412 3293 491 3346 Eccl.
518 3292 545 3354 S,
572 3292 656 3353 Petri
684 3321 717 3329 -
742 3290 937 3357 beneficiatus,
964 3292 1011 3344 Pe·

392 3384 453 3426 trus
470 3373 508 3425 de
526 3372 612 3425 Setia.

357 3485 390 3493 —
410 3473 436 3507 v.
456 3454 536 3509 Setia
551 3453 616 3517 (de),

356 3535 508 3603 sicalonia,
528 3535 662 3597 Sologne.

357 3616 494 3674 Sicardus
510 3616 546 3669 de
561 3616 668 3670 Vaur0.

353 3696 822 3764 simmia—nien,Belgique,
846 3712 922 3758 prov.
948 3696 1011 3747 Bra.

385 3779 465 3842 bant,
495 3778 567 3831 dioc.
598 3778 692 3840 urge,
721 3795 760 3830 on
794 3784 921 3843 Sloh0n‚
949 3778 1010 3831 Bel·

397 3860 492 3924 gique‚
522 3877 600 3923 prov.
629 3859 790 3922 Limbourg‚
820 3858 892 3913 dioc.
922 3858 1009 3922 Libge

396 3941 563 4005 (Sepphene).

356 4053 389 4059 -
412 4023 518 4074 Rector
536 4022 666 4085 parroch.
688 4024 764 4083 eccl„
788 4022 853 4073 Udo
874 4021 910 4071 de
931 4022 1009 4072 Paro-

391 4120 440 4156 na.

351 4192 452 4240 sicne
484 4182 611 4247 (Sndhni

357 4294 391 4302 —
413 4265 554 4325 Regnum,
578 4270 644 4323 852:
667 4293 700 4301 -
724 4282 779 4329 rex,
805 4263 955 4316 Robertus.

357 4375 391 4382 —
414 4344 582 4402 Beneficiati
606 4345 634 4397 in
658 4361 755 4407 regn0,
781 4344 1010 4398 Aldebrnndinus

394 4427 431 4478 de
453 4425 572 4486 Combe,
595 4426 744 4488 Riqucrius
767 4426 803 4477 dc
825 4426 922 4477 Stella.

356 4508 500 4573 Siclinen„
523 4507 625 4567 Seciin¹

351 4589 691 4656 Siogburg(Siberpen.),
728 4589 829 4639 Prussc
863 4590 1002 4640 Rhosnane

397 4668 469 4721 dioc.
496 4668 631 4729 Cologne.

359 4779 392 4786 —
415 4748 630 4807 Monasterium,
657 4780 688 4786 -—
714 4751 810 4813 abbas,
840 4755 916 4803 1494.

354 4838 478 4885 Sienne
505 4830 629 4891 (Sirmi),
654 4831 742 4891 italie,

359 4939 392 4945 —
414 4909 493 4963 Eccl.
519 4912 698 4971 cathedralis,
725 4941 757 4947 —
784 4928 843 4972 can,
870 4912 923 4963 sub
949 4929 1011 4974 exp.

399 4991 485 5053 preb„
509 4992 637 5053 Angelus
659 4993 695 5043 de
716 4992 845 5045 'limosis
868 4993 903 5043 dc
927 4993 1006 5043 Urbe

362 5102 395 5107 —-
418 5090 440 5122 v.
463 5071 543 5124 Senis
564 5073 626 5132 (dei,

357 5153 497 5220 Sieraino,
519 5155 627 5208 Seram.

1068 862 1189 925 Siiridiis
1213 864 1250 917 de
1273 863 1475 927 Rennenberg.

1068 944 1196 1007 sigerius
1227 945 1315 999 Paris.

1067 1026 1186 1092 smnio,
1204 1027 1299 1089 Segni.

1067 1106 1208 1170 Sigwasti,
1234 1107 1378 1174 Nicolaus,
1404 1107 1440 1159 de
1465 1106 1559 1171 Tierp,
1586 1106 1720 1159 archidia-

1104 1204 1192 1240 conus
1225 1197 1252 1241 nt
1283 1190 1443 1252 prepositus
1477 1189 1624 1250 Upsalen„
1658 1205 1719 1248 can¹

1102 1269 1182 1333 preb.
1204 1268 1357 1331 Lincopen,
1378 1278 1406 1321 ot
1427 1269 1454 1325 S¹
1476 1268 1630 1322 salvatoris
1651 1268 1721 1320 Har·

1102 1350 1257 1411 leheman,
1280 1360 1372 1403 rector
1394 1350 1460 1411 eccl,
1485 1350 1520 1401 de
1543 1350 1567 1399 T
1570 1352 1636 1414 ierp,
1660 1354 1719 1412 245,

1105 1436 1183 1490 1343,
1211 1436 1290 1486 1344.

1068 1510 1218 1571 Silmarini,
1237 1511 1378 1576 Matheusi
1389 1527 1452 1567 can.
1468 1509 1656 1574 Neapolitan..
1675 1517 1716 1565 69.

1067 1592 1256 1654 8ἰῑυαηεσίεη.,
1275 1593 1375 1659 Senlip,

1068 1674 1204 1727 Silvester
1223 1673 1260 1725 de
1280 1672 1377 1726 Adria.

1068 1755 1260 1822 Sabinianum,
1281 1756 1434 1817 Souvigny.

1068 1835 1165 1888 Simeo
1197 1834 1316 1889 Berardi
1345 1837 1381 1888 de
1413 1835 1500 1899 Urbe,
1532 1853 1558 1887 v.
1593 1835 1715 1887 Bnrnrdi.

1067 1915 1173 1975 Simon.
1192 1916 1219 1969 S.
1237 1916 1333 1969 Prisce
1350 1916 1443 1979 presb.
1461 1916 1546 1975 cardi,
1562 1933 1586 1967 v.
1605 1914 1719 1966 Archia-

1104 2014 1145 2058 c0,
1169 1998 1268 2051 Simon
1290 1998 1335 2049 dc.

1068 2078 1174 2139 Simon,
1203 2077 1352 2141 episcopus
1379 2078 1525 2143 Viennen,
1553 2095 1577 2138 νΙ
1605 2077 1720 2128 Archin-

1104 2176 1145 2218 co,
1166 2159 1265 2214 Simon
1284 2158 1329 2210 de.

1068 2240 1166 2293 Simon
1187 2240 1306 2292 Berardi
1335 2240 1371 2293 de
1402 2240 1501 2304 Roma,
1532 2255 1557 2300 v.
1590 2238 1716 2291 Berardi.

1067 2321 1166 2374 Simon
1188 2320 1295 2373 Billart.

1067 2402 1166 2456 Simon
1187 2400 1387 2455 Clarembaldi.

1067 2483 1167 2536 Simon
1187 2482 1309 2535 Corbeil.

1068 2564 1166 2616 Simon
1187 2563 1222 2614 de
1243 2559 1392 2615 Archinco.

1067 2645 1166 2697 Simon
1186 2643 1222 2695 de
1243 2643 1365 2696 Artrike.

1070 2725 1167 2778 Simon
1189 2725 1224 2776 de
1246 2724 1412 2776 Baianchcs

1067 2806 1166 2860 Simon
1187 2805 1222 2857 de
1243 2803 1449 2859 Castrovillani.

1066 2887 1165 2945 Simon
1185 2886 1222 2939 de
1243 2886 1412 2939 Convennis

1066 2968 1164 3023 Simon
1186 2967 1221 3019 de
1242 2966 1407 3021 Crechiaco.

1067 3049 1164 3102 Simon
1186 3048 1222 3100 de
1243 3048 1354 3100 Goano.

1067 3130 1166 3183 Simon
1186 3130 1222 3181 de
1243 3129 1401 3182 Granchiis.

1067 3211 1165 3266 Simon
1185 3210 1222 3262 de
1243 3211 1415 3262 interamne.

1067 3292 1166 3345 Simon
1186 3291 1222 3343 de
1242 3293 1413 3354 Juiemonte.

1066 3372 1165 3425 Simon
1185 3372 1222 3424 do
1243 3370 1405 3424 Manesiies.

1066 3454 1165 3507 Simon
1186 3454 1221 3505 de
1243 3452 1382 3505 Marvillo.

1066 3535 1165 3588 Simon
1185 3534 1221 3586 de
1242 3534 1347 3587 Sancta
1363 3532 1498 3586 Eusebia.

1066 3617 1164 3671 Simon
1185 3616 1220 3668 de
1240 3614 1439 3677 Villnpetrosa.

1065 3697 1164 3752 Simon
1185 3697 1337 3758 Ovelages.

1066 3778 1164 3834 Simon
1185 3777 1302 3830 Rotarii.

1065 3858 1164 3914 Simon
1184 3857 1293 3910 Suavis.

1065 3940 1164 3994 Simon
1183 3939 1284 3991 Vastin
1302 3939 1338 3990 de
1357 3938 1479 3993 Casleto.
1500 3956 1524 3989 v.
1545 3937 1666 3999 Casino,

1065 4021 1164 4076 Simon
1183 4020 1299 4072 Vcircti.

1065 4101 1240 4155 Simonnitns
1266 4101 1301 4152 de
1326 4100 1433 4152 Villari.

1066 4182 1195 4243 SimoniS,
1230 4182 1394 4252 Balduinu5‚
1427 4180 1599 4243 campreb,
1631 4196 1716 4243 parve

1100 4280 1198 4314 mense
1214 4265 1243 4317 in
1260 4265 1327 4316 eccl.
1346 4261 1489 4324 Lrodien„
1506 4278 1568 4318 can,
1583 4259 1636 4323 sub
1654 4278 1716 4322 exp.

1100 4344 1179 4407 preb.
1204 4345 1234 4406 Β,
1257 4343 1348 4397 Mario
1371 4344 1526 4404 Tarpeii„
1550 4347 1627 4397 1360.

1066 4425 1196 4490 Simonis,
1218 4424 1349 4490 Jacnbns,
1371 4424 1407 4475 de
1429 4425 1511 4487 Vilia,
1534 4424 1599 4474 cler.
1621 4422 1717 4473 Carne·

1101 4524 1204 4567 racen„
1245 4509 1310 4567 cler,
1351 4504 1496 4557 Guillclmi
1544 4504 1572 4561 S,
1614 4502 1717 4556 Cecilic

1101 4588 1194 4650 presb.
1221 4587 1306 4647 card„
1331 4593 1374 4642 42.

1067 4670 1197 4733 Simonis
1220 4668 1351 4732 Jacobus,
1374 4667 1465 4719 dietus
1489 4666 1669 4727 Scavedrose,
1693 4683 1718 4717 ν.

1102 4750 1285 4800 Scnredrcse.

1038 4783 1040 4897 i
1067 4830 1218 4890 Sinebcki·,
1239 4829 1394 4881 Baldninns
1412 4829 1456 4894 do,
1475 4846 1500 4880 v,
1519 4827 1667 4887 Zinebeko

1038 4906 1040 4922 ³
1068 4911 1210 4964 Sinebekc
1229 4909 1399 4972 (Sinobcke),
1419 4910 1519 4971 Petrus
1538 4909 1581 4974 de,
1601 4927 1625 4960 v.
1644 4910 1718 4963 Zino-

1102 4991 1185 5043 beke.

1067 5072 1226 5138 Sirrnein’ica,
1244 5071 1424 5122 Zonnebeke.

1067 5162 1143 5209 Sion
1178 5153 1341 5212 (Sminnmi),
1367 5151 1470 5213 Suisse,
