4409 6017
893 683 1173 767 Deuxilmefaunde.
1656 690 1714 753 177

403 828 509 910 474.
1363 849 1458 930 1318,
1476 848 1517 911 26
1527 846 1671 928 janvier.

403 944 541 1010 Guerino
556 943 649 1011 dicto
672 945 714 1010 de
740 945 892 1025 Tilleriis,
908 949 1061 1033 scriptori
1086 970 1183 1035 pape,
1200 950 1416 1015 conteruntur
1440 951 1657 1016 canonicatus
1681 959 1736 1015 61

372 1048 518 1132 prebenda
545 1047 686 1113 ecclesie
713 1047 931 1115 Lexoviensis
956 1060 1115 1117 vacantes
1136 1073 1196 1137 per
1222 1052 1353 1118 obitum
1379 1053 1527 1137 magistri
1551 1052 1716 1120 Boulandi

372 1150 473 1232 Grossi,
485 1172 576 1237 pape
587 1152 763 1236 capellani,
774 1152 1036 1230 licetjobannes
1047 1156 1089 1221 de
1102 1154 1219 1240 Bigarz
1235 1176 1292 1221 eos
1308 1176 1349 1220 ex
1365 1156 1545 1222 collatione
1561 1157 1715 1222 ordinarii

371 1254 401 1318 de
412 1254 497 1320 facto
512 1255 664 1320 detinere
687 1255 826 1338 dicatur,
850 1277 919 1322 non
943 1261 1100 1324 obstante
1116 1259 1206 1344 quod
1222 1260 1330 1326 dictus
1346 1259 1511 1326 Guerinus
1527 1261 1560 1325 iu
1578 1261 1608 1326 S.
1626 1260 1716 1326 Wal-

370 1358 457 1442 burgis
470 1356 498 1422 F
500 1358 661 1439 urnensis,
675 1357 876 1426 Morinensis
891 1361 1045 1444 diocesis,
1058 1363 1294 1429 canonicatum
1310 1372 1345 1428 et
1361 1365 1567 1449 prebendam
1585 1365 1716 1430 obtinet

309 1543 313 1551 .
371 1463 433 1525 etin
449 1461 645 1528 Ebroicensi
670 1464 827 1542 ecclesiis
844 1467 904 1529 sub
926 1467 1163 1552 expectatione
1185 1467 1364 1553 prebende,
1389 1468 1422 1531 in
1445 1468 1644 1534 canonicum
1665 1475 1716 1532 est

309 1648 314 1658 ι
370 1573 512 1649 receptus.

309 1668 312 1673 ’
399 1666 495 1733 Grate
511 1668 743 1734 devotionis...

399 1770 470 1837 Dat.
485 1772 588 1838 Avin.
606 1791 624 1857 7
640 1772 707 1838 kal.
723 1773 875 1839 februarii
892 1796 982 1841 anno
1000 1797 1029 1841 2.

399 1872 434 1939 In
449 1896 478 1940 e.
494 1896 540 1941 m.
557 1873 576 1953 J
579 1876 715 1957 ohanni,
731 1878 842 1943 electo
858 1877 1067 1960 viterbiensi,
1078 1901 1117 1946 ac
1132 1880 1293 1965 magistro
1309 1880 1410 1947 Petro
1427 1881 1535 1963 Fabri,
1545 1884 1715 1968 preposito

368 1975 389 2041 S.
399 1977 582 2063 Walburgis
595 1978 784 2063 Furnensis,
796 1979 998 2047 Morinensis
1014 1981 1165 2064 diocesis,
1176 2003 1262 2070 pape
1278 1985 1420 2065 notario,
1432 2005 1471 2051 ac
1483 1985 1716 2052 archidiacono

368 2078 634 2168 Rotbomagensis
649 2085 874 2150 ecclesiarum.

388 2220 442 2282 66..
456 2223 505 2269 Α..
518 2224 541 2274 6,
554 2223 572 2269 6.
585 2223 631 2268 aar
645 2237 651 2274 ;
663 2221 720 2269 vu..
733 2224 771 2281 ur,
784 2223 802 2269 6.
816 2224 881 2279 mov,
897 2237 922 2271 η.
936 2226 991 2271 scr.

396 2413 511 2496 475.
1379 2428 1487 2508 v1318,
1503 2444 1524 2506 5
1532 2425 1673 2511 scorrer.

395 2529 496 2596 Petro
521 2528 689 2594 Sinobeke
715 2529 885 2595 confertur
908 2529 1127 2596 canonicatus
1152 2531 1292 2595 ecclesie
1317 2530 1347 2595 S.
1365 2529 1538 2611 Gaugerici
1562 2528 1717 2592 Camera-

353 2635 456 2700 censis
468 2636 529 2700 sub
546 2634 782 2719 expectatione
797 2634 978 2719 prebende.

393 2738 568 2803 Attributa
582 2736 684 2802 tibi...
1019 2729 1021 2732 ’

394 2841 474 2907 Dat.
490 2840 591 2906 Avin.
607 2860 687 2906 non.
703 2839 856 2906 februarii
873 2861 963 2906 anno
980 2862 1009 2905 2.

392 2943 434 3009 ln
449 2965 479 3009 e.
495 2966 541 3009 m.
557 2942 768 3009 Coloniensis
783 2951 818 3008 et
834 2943 1084 3009 Cameracensis
1104 2963 1144 3009 ac
1160 2944 1191 3007 S.
1209 2943 1294 3008 Piati
1312 2942 1512 3022 Siclinensis,
1528 2941 1719 3007 Tornacen·

347 3046 394 3112 sis
408 3046 561 3125 diocesis,
579 3047 830 3112 ecclesiarum...
845 3057 869 3113 ⁰.

385 3201 445 3261 neg.
458 3203 505 3249 nv,
518 3203 540 3259 6,
551 3201 570 3249 r.
580 3202 655 3250 arev:
670 3200 728 3249 rat.
741 3204 779 3259 ur,
792 3203 810 3249 r.
826 3203 878 3260 666,
891 3216 916 3250 n.
929 3203 985 3250 573.

391 3388 512 3471 476.
1370 3401 1672 3487 1518,11sdvr1'er.
1743 3489 1745 3495 Ι

393 3506 584 3572 Bertrando
599 3506 641 3571 de
665 3505 788 3585 Budos
805 3507 969 3572 canonico
993 3506 1217 3587 Laudunensi,
1234 3506 1433 3591 indulgetur,
1450 3503 1718 3570 consideratione

347 3611 473 3676 nobilis
487 3610 548 3675 viri
566 3608 744 3675 Raimundi
762 3609 932 3674 Guillelmi
948 3611 990 3676 de
1007 3610 1131 3691 Budos,
1144 3610 1248 3696 patris
1258 3611 1338 3694 ejuS,
1350 3618 1386 3673 ut
1403 3608 1528 3672 fructus
1543 3606 1719 3671 canonica·

348 3724 446 3780 tuum
457 3723 494 3779 et
503 3713 756 3800 prebendarum,
765 3734 848 3797 quos
858 3713 890 3777 in
903 3713 1118 3780 Laudunensi
1130 3724 1164 3779 et
1174 3712 1406 3778 Cameracensi
1421 3710 1567 3777 ecclesiis
1579 3710 1719 3788 obtinet,

348 3819 456 3902 usque
471 3817 516 3882 ad
530 3816 710 3881 triennium
726 3820 850 3901 absque
866 3817 1046 3883 residentia
1061 3819 1232 3905 percipere
1248 3819 1367 3882 valeat.
1454 3874 1456 3879 .

394 3920 569 3987 Virtutum
585 3920 738 3986 studia...
1406 3905 1412 3917 ⁰

397 4026 477 4090 Dat.
492 4023 593 4089 Avin.
612 4044 628 4107 3
647 4024 690 4089 id.
710 4024 862 4089 februarii
879 4046 970 4090 auno
988 4046 1016 4090 2.

397 4129 438 4194 In
454 4151 484 4194 e.
501 4150 546 4194 m.
563 4129 692 4194 decano
708 4128 952 4194 Suessioneusis
975 4139 1009 4194 et
1032 4129 1268 4194 archidiacono
1285 4126 1503 4206 Vesalmensi,
1520 4123 1721 4202 Vasatensis,

351 4254 391 4299 ac
406 4230 425 4310 J
429 4232 556 4298 ohanni
572 4231 614 4297 de
627 4231 808 4313 Casulibus,
825 4233 990 4298 canonico
1007 4233 1218 4318 Agennensis
1235 4232 1461 4298 ecclesiarum.

386 4386 446 4446 neg.
461 4387 509 4431 nv.
522 4388 544 4442 6,
558 4385 575 4432 r.
588 4386 664 4441 666ν;
678 4384 735 4433 rat.
749 4387 787 4443 cr,
802 4386 819 4433 6.
834 4387 898 4444 mar,
913 4400 938 4433 n.
951 4388 1007 4434 666.

396 4572 514 4652 477.
1378 4581 1472 4661 1318,
1491 4597 1528 4640 ιι
1541 4576 1679 4661 saturier.

398 4689 581 4754 Guillelmo
599 4686 778 4752 Raimundi
794 4686 836 4751 de
852 4686 975 4767 Budos
986 4686 1152 4750 canonico
1169 4684 1415 4767 Burdegalensi,
1429 4681 1628 4763 indulgetur,
1644 4697 1724 4743 con-

359 4793 559 4858 sideratione
577 4791 755 4856 Raimundi
772 4790 942 4855 Guillelmi
959 4790 1000 4855 dc
1018 4788 1140 4869 Budos,
1158 4787 1260 4873 patris
1283 4788 1364 4870 ejus,
1381 4793 1416 4849 ut
1440 4784 1565 4849 tructus
1589 4780 1725 4846 canoni-

361 4903 493 4961 catuum
509 4902 545 4961 et
560 4895 814 4981 prebendarum,
825 4915 909 4979 quos
926 4894 958 4957 in
975 4892 1225 4976 Burdegalensi,
1238 4889 1465 4967 Ambiaueusi,
1476 4884 1674 4952 Camotensi
1692 4891 1725 4947 et

393 5116 416 5149 a.
436 5100 457 5148 il
469 5116 578 5164 maeque
588 5100 751 5150 briderument
766 5116 800 5149 uu
811 5105 869 5160 nur,
878 5098 1068 5163 probableuecnt
1080 5098 1191 5145 decanis.

416 5216 517 5256 Analecta
525 5215 721 5266 reticanobeluica.
734 5217 765 5255 11.
