<?xml version="1.0" encoding="UTF-8"?>
<!DOCTYPE html PUBLIC "-//W3C//DTD XHTML 1.0 Transitional//EN"
    "http://www.w3.org/TR/xhtml1/DTD/xhtml1-transitional.dtd">
<html xmlns="http://www.w3.org/1999/xhtml" xml:lang="en" lang="en">
 <head>
  <title>
</title>
<meta http-equiv="Content-Type" content="text/html;charset=utf-8" />
  <meta name='ocr-system' content='tesseract 3.04.00' />
  <meta name='ocr-capabilities' content='ocr_page ocr_carea ocr_par ocr_line ocrx_word'/>
</head>
<body>
  <div class='ocr_page' id='page_1' title='image "./lettresdejeanxx00xxiigoog_0592.png"; bbox 0 0 4409 6017; ppageno 0'>
   <div class='ocr_carea' id='block_1_1' title="bbox 505 692 1320 761">
    <p class='ocr_par' dir='ltr' id='par_1_1' title="bbox 505 692 1320 761">
     <span class='ocr_line' id='line_1_1' title="bbox 505 692 1320 761; baseline -0.001 -1"><span class='ocrx_word' id='word_1_1' title='bbox 505 694 567 761; x_wconf 80' lang='lat'><strong>506</strong></span> <span class='ocrx_word' id='word_1_2' title='bbox 1051 692 1198 759; x_wconf 77' lang='lat' dir='ltr'><strong>lluit&#39;bmo</strong></span> <span class='ocrx_word' id='word_1_3' title='bbox 1218 692 1320 759; x_wconf 70' lang='lat' dir='ltr'><strong>annis.</strong></span> 
     </span>
    </p>
   </div>
   <div class='ocr_carea' id='block_1_2' title="bbox 503 844 1874 1575">
    <p class='ocr_par' dir='ltr' id='par_1_2' title="bbox 552 844 1837 945">
     <span class='ocr_line' id='line_1_2' title="bbox 552 844 1837 945; baseline -0.002 -17"><span class='ocrx_word' id='word_1_4' title='bbox 552 844 695 931; x_wconf 86' lang='grc'>1356.</span> <span class='ocrx_word' id='word_1_5' title='bbox 1527 851 1694 945; x_wconf 62' lang='lat'><strong>13251,19¹</strong></span> <span class='ocrx_word' id='word_1_6' title='bbox 1706 857 1837 942; x_wconf 78' lang='lat' dir='ltr'><strong>juillet.</strong></span> 
     </span>
    </p>

    <p class='ocr_par' dir='ltr' id='par_1_3' title="bbox 503 962 1874 1260">
     <span class='ocr_line' id='line_1_3' title="bbox 550 962 1874 1053; baseline -0.002 -20"><span class='ocrx_word' id='word_1_7' title='bbox 550 965 720 1053; x_wconf 88' lang='lat' dir='ltr'><strong>Episcopo</strong></span> <span class='ocrx_word' id='word_1_8' title='bbox 736 962 986 1033; x_wconf 79' lang='lat' dir='ltr'><strong>constantiensi</strong></span> <span class='ocrx_word' id='word_1_9' title='bbox 1013 962 1287 1030; x_wconf 90' lang='lat' dir='ltr'><strong>transmittuntur</strong></span> <span class='ocrx_word' id='word_1_10' title='bbox 1308 963 1420 1029; x_wconf 84' lang='lat' dir='ltr'>littere</span> <span class='ocrx_word' id='word_1_11' title='bbox 1443 963 1629 1051; x_wconf 89' lang='lat' dir='ltr'><strong>apostolice</strong></span> <span class='ocrx_word' id='word_1_12' title='bbox 1653 963 1874 1031; x_wconf 79' lang='lat' dir='ltr'><strong>continentes</strong></span> 
     </span>
     <span class='ocr_line' id='line_1_4' title="bbox 504 1064 1874 1160; baseline -0.002 -23"><span class='ocrx_word' id='word_1_13' title='bbox 504 1089 698 1160; x_wconf 85' lang='lat' dir='ltr'><strong>processum</strong></span> <span class='ocrx_word' id='word_1_14' title='bbox 725 1077 842 1136; x_wconf 89' lang='lat' dir='ltr'><strong>contra</strong></span> <span class='ocrx_word' id='word_1_15' title='bbox 868 1065 1088 1150; x_wconf 88' lang='lat' dir='ltr'><strong>Ludovicum,</strong></span> <span class='ocrx_word' id='word_1_16' title='bbox 1116 1065 1236 1134; x_wconf 91' lang='lat' dir='ltr'><strong>ducem</strong></span> <span class='ocrx_word' id='word_1_17' title='bbox 1263 1064 1415 1149; x_wconf 88' lang='lat' dir='ltr'><strong>Bavarie,</strong></span> <span class='ocrx_word' id='word_1_18' title='bbox 1439 1074 1475 1135; x_wconf 91' lang='lat' dir='ltr'><strong>et</strong></span> <span class='ocrx_word' id='word_1_19' title='bbox 1500 1066 1680 1135; x_wconf 89' lang='lat' dir='ltr'><strong>mandatur</strong></span> <span class='ocrx_word' id='word_1_20' title='bbox 1705 1077 1874 1156; x_wconf 85' lang='lat' dir='ltr'><strong>quatenns</strong></span> 
     </span>
     <span class='ocr_line' id='line_1_5' title="bbox 503 1171 1482 1260; baseline -0.006 -17"><span class='ocrx_word' id='word_1_21' title='bbox 503 1176 612 1243; x_wconf 89' lang='lat' dir='ltr'><strong>dictas</strong></span> <span class='ocrx_word' id='word_1_22' title='bbox 625 1174 754 1241; x_wconf 83' lang='lat' dir='ltr'><strong>litteras</strong></span> <span class='ocrx_word' id='word_1_23' title='bbox 769 1171 939 1260; x_wconf 86' lang='lat' dir='ltr'><strong>publicare</strong></span> <span class='ocrx_word' id='word_1_24' title='bbox 954 1178 990 1239; x_wconf 93' lang='lat' dir='ltr'><strong>et</strong></span> <span class='ocrx_word' id='word_1_25' title='bbox 1004 1171 1170 1240; x_wconf 87' lang='lat' dir='ltr'><strong>tenaciter</strong></span> <span class='ocrx_word' id='word_1_26' title='bbox 1185 1173 1362 1238; x_wconf 88' lang='lat' dir='ltr'><strong>observare</strong></span> <span class='ocrx_word' id='word_1_27' title='bbox 1378 1178 1482 1239; x_wconf 86' lang='lat' dir='ltr'><strong>curet.</strong></span> 
     </span>
    </p>

    <p class='ocr_par' dir='ltr' id='par_1_4' title="bbox 548 1277 957 1366">
     <span class='ocr_line' id='line_1_6' title="bbox 548 1277 957 1366; baseline -0.007 -20"><span class='ocrx_word' id='word_1_28' title='bbox 548 1277 600 1347; x_wconf 94' lang='lat' dir='ltr'><strong>Ut</strong></span> <span class='ocrx_word' id='word_1_29' title='bbox 614 1284 788 1366; x_wconf 84' lang='lat' dir='ltr'><strong>processus</strong></span> <span class='ocrx_word' id='word_1_30' title='bbox 799 1283 957 1344; x_wconf 88' lang='lat' dir='ltr'><strong>contra...</strong></span> 
     </span>
    </p>

    <p class='ocr_par' dir='ltr' id='par_1_5' title="bbox 548 1380 1393 1470">
     <span class='ocr_line' id='line_1_7' title="bbox 548 1380 1393 1470; baseline -0.001 -21"><span class='ocrx_word' id='word_1_31' title='bbox 548 1384 627 1450; x_wconf 89' lang='lat' dir='ltr'><strong>Dat.</strong></span> <span class='ocrx_word' id='word_1_32' title='bbox 643 1391 796 1470; x_wconf 90' lang='lat' dir='ltr'><strong>utsupra</strong></span> <span class='ocrx_word' id='word_1_33' title='bbox 814 1380 931 1470; x_wconf 82' lang='lat' dir='ltr'><strong>[Avin.</strong></span> <span class='ocrx_word' id='word_1_34' title='bbox 951 1401 989 1468; x_wconf 87' lang='lat'><strong>14</strong></span> <span class='ocrx_word' id='word_1_35' title='bbox 1005 1380 1072 1449; x_wconf 83' lang='lat' dir='ltr'><strong>kal.</strong></span> <span class='ocrx_word' id='word_1_36' title='bbox 1089 1381 1221 1468; x_wconf 88' lang='lat' dir='ltr'><strong>augusti</strong></span> <span class='ocrx_word' id='word_1_37' title='bbox 1236 1402 1327 1448; x_wconf 90' lang='lat' dir='ltr'><strong>anno</strong></span> <span class='ocrx_word' id='word_1_38' title='bbox 1343 1382 1393 1470; x_wconf 91' lang='lat'><strong>8].</strong></span> 
     </span>
    </p>

    <p class='ocr_par' dir='ltr' id='par_1_6' title="bbox 549 1485 1076 1575">
     <span class='ocr_line' id='line_1_8' title="bbox 549 1485 1076 1575; baseline 0 -21"><span class='ocrx_word' id='word_1_39' title='bbox 549 1487 590 1554; x_wconf 93' lang='lat' dir='ltr'><strong>In</strong></span> <span class='ocrx_word' id='word_1_40' title='bbox 605 1510 635 1557; x_wconf 90' lang='lat' dir='ltr'><strong>e.</strong></span> <span class='ocrx_word' id='word_1_41' title='bbox 650 1508 696 1555; x_wconf 90' lang='lat' dir='ltr'><strong>m.</strong></span> <span class='ocrx_word' id='word_1_42' title='bbox 712 1488 872 1575; x_wconf 91' lang='lat' dir='ltr'><strong>episcopo</strong></span> <span class='ocrx_word' id='word_1_43' title='bbox 887 1485 1076 1554; x_wconf 90' lang='lat' dir='ltr'><strong>Leodiensi.</strong></span> 
     </span>
    </p>
   </div>
   <div class='ocr_carea' id='block_1_3' title="bbox 538 1629 1075 1697">
    <p class='ocr_par' dir='ltr' id='par_1_7' title="bbox 538 1629 1075 1697">
     <span class='ocr_line' id='line_1_9' title="bbox 538 1629 1075 1697; baseline 0.006 -14"><span class='ocrx_word' id='word_1_44' title='bbox 538 1629 601 1694; x_wconf 72' lang='lat' dir='ltr'><strong>neg.</strong></span> <span class='ocrx_word' id='word_1_45' title='bbox 615 1629 675 1685; x_wconf 78' lang='lat' dir='ltr'><strong>Vnt.</strong></span> <span class='ocrx_word' id='word_1_46' title='bbox 691 1633 746 1692; x_wconf 77' lang='lat'><strong>112,</strong></span> <span class='ocrx_word' id='word_1_47' title='bbox 760 1645 820 1695; x_wconf 84' lang='lat' dir='ltr'><strong>pare</strong></span> <span class='ocrx_word' id='word_1_48' title='bbox 830 1631 866 1692; x_wconf 93' lang='lat' dir='ltr'><strong>ll,</strong></span> <span class='ocrx_word' id='word_1_49' title='bbox 879 1631 898 1682; x_wconf 85' lang='lat' dir='ltr'><strong>f.</strong></span> <span class='ocrx_word' id='word_1_50' title='bbox 913 1633 965 1697; x_wconf 75' lang='lat'><strong>72¹,</strong></span> <span class='ocrx_word' id='word_1_51' title='bbox 979 1645 1006 1686; x_wconf 86' lang='lat' dir='ltr'><strong>u.</strong></span> <span class='ocrx_word' id='word_1_52' title='bbox 1020 1632 1075 1686; x_wconf 85' lang='grc'>889.</span> 
     </span>
    </p>
   </div>
   <div class='ocr_carea' id='block_1_4' title="bbox 503 1800 1876 2849">
    <p class='ocr_par' dir='ltr' id='par_1_8' title="bbox 553 1800 1835 1908">
     <span class='ocr_line' id='line_1_10' title="bbox 553 1800 1835 1908; baseline 0.005 -24"><span class='ocrx_word' id='word_1_53' title='bbox 553 1800 694 1886; x_wconf 85' lang='grc'>1357.</span> <span class='ocrx_word' id='word_1_54' title='bbox 731 1892 734 1896; x_wconf 56' lang='grc'><em>,</em></span> <span class='ocrx_word' id='word_1_55' title='bbox 1533 1841 1629 1908; x_wconf 70' lang='lat'><em>1324,</em></span> <span class='ocrx_word' id='word_1_56' title='bbox 1641 1842 1689 1906; x_wconf 77' lang='lat'><strong>30</strong></span> <span class='ocrx_word' id='word_1_57' title='bbox 1700 1822 1835 1906; x_wconf 83' lang='lat' dir='ltr'><strong>juillet.</strong></span> 
     </span>
    </p>

    <p class='ocr_par' dir='ltr' id='par_1_9' title="bbox 503 1920 1876 2621">
     <span class='ocr_line' id='line_1_11' title="bbox 549 1920 1876 2012; baseline 0.007 -26"><span class='ocrx_word' id='word_1_58' title='bbox 549 1920 719 2010; x_wconf 91' lang='lat' dir='ltr'><strong>Adulpho,</strong></span> <span class='ocrx_word' id='word_1_59' title='bbox 732 1925 891 2012; x_wconf 90' lang='lat' dir='ltr'><strong>episcopo</strong></span> <span class='ocrx_word' id='word_1_60' title='bbox 903 1923 1091 2006; x_wconf 89' lang='lat' dir='ltr'><strong>Leodiensi,</strong></span> <span class='ocrx_word' id='word_1_61' title='bbox 1105 1924 1299 1993; x_wconf 88' lang='lat' dir='ltr'><strong>conceditur</strong></span> <span class='ocrx_word' id='word_1_62' title='bbox 1310 1924 1451 1994; x_wconf 80' lang='lat' dir='ltr'><strong>facultas</strong></span> <span class='ocrx_word' id='word_1_63' title='bbox 1460 1924 1654 1994; x_wconf 85' lang='lat' dir='ltr'><strong>conferendi</strong></span> <span class='ocrx_word' id='word_1_64' title='bbox 1666 1928 1876 1999; x_wconf 88' lang='lat' dir='ltr'><strong>auctoritate</strong></span> 
     </span>
     <span class='ocr_line' id='line_1_12' title="bbox 506 2027 1875 2118; baseline 0.005 -24"><span class='ocrx_word' id='word_1_65' title='bbox 506 2027 695 2115; x_wconf 89' lang='lat' dir='ltr'><strong>apostolica</strong></span> <span class='ocrx_word' id='word_1_66' title='bbox 709 2038 781 2096; x_wconf 88' lang='lat' dir='ltr'><strong>tam</strong></span> <span class='ocrx_word' id='word_1_67' title='bbox 796 2029 830 2097; x_wconf 94' lang='lat' dir='ltr'><strong>in</strong></span> <span class='ocrx_word' id='word_1_68' title='bbox 846 2028 1031 2097; x_wconf 86' lang='lat' dir='ltr'><strong>cathedrali</strong></span> <span class='ocrx_word' id='word_1_69' title='bbox 1047 2050 1150 2117; x_wconf 91' lang='lat' dir='ltr'><strong>quam</strong></span> <span class='ocrx_word' id='word_1_70' title='bbox 1165 2030 1200 2097; x_wconf 95' lang='lat' dir='ltr'><strong>in</strong></span> <span class='ocrx_word' id='word_1_71' title='bbox 1215 2030 1353 2118; x_wconf 89' lang='lat' dir='ltr'><strong>singulis</strong></span> <span class='ocrx_word' id='word_1_72' title='bbox 1368 2031 1551 2118; x_wconf 85' lang='lat' dir='ltr'><strong>collegiatis</strong></span> <span class='ocrx_word' id='word_1_73' title='bbox 1566 2031 1722 2102; x_wconf 91' lang='lat' dir='ltr'><strong>ecclesiis</strong></span> <span class='ocrx_word' id='word_1_74' title='bbox 1738 2053 1875 2103; x_wconf 89' lang='lat' dir='ltr'><strong>suarum</strong></span> 
     </span>
     <span class='ocr_line' id='line_1_13' title="bbox 506 2132 1875 2225; baseline 0.004 -25"><span class='ocrx_word' id='word_1_75' title='bbox 506 2132 652 2200; x_wconf 90' lang='lat' dir='ltr'><strong>civitatis</strong></span> <span class='ocrx_word' id='word_1_76' title='bbox 676 2143 711 2201; x_wconf 94' lang='lat' dir='ltr'><strong>et</strong></span> <span class='ocrx_word' id='word_1_77' title='bbox 737 2133 889 2218; x_wconf 88' lang='lat' dir='ltr'><strong>diocesis,</strong></span> <span class='ocrx_word' id='word_1_78' title='bbox 906 2134 1076 2223; x_wconf 92' lang='lat' dir='ltr'><strong>inquibus</strong></span> <span class='ocrx_word' id='word_1_79' title='bbox 1101 2135 1145 2204; x_wconf 91' lang='lat' dir='ltr'><strong>ad</strong></span> <span class='ocrx_word' id='word_1_80' title='bbox 1170 2157 1250 2203; x_wconf 90' lang='lat' dir='ltr'><strong>eum</strong></span> <span class='ocrx_word' id='word_1_81' title='bbox 1275 2135 1521 2224; x_wconf 91' lang='lat' dir='ltr'><strong>prebendarum</strong></span> <span class='ocrx_word' id='word_1_82' title='bbox 1544 2136 1683 2204; x_wconf 90' lang='lat' dir='ltr'><strong>collatio</strong></span> <span class='ocrx_word' id='word_1_83' title='bbox 1708 2139 1875 2225; x_wconf 85' lang='lat' dir='ltr'><strong>pertinet,</strong></span> 
     </span>
     <span class='ocr_line' id='line_1_14' title="bbox 503 2239 1875 2330; baseline 0.004 -26"><span class='ocrx_word' id='word_1_84' title='bbox 503 2239 640 2325; x_wconf 91' lang='lat' dir='ltr'><strong>singulis</strong></span> <span class='ocrx_word' id='word_1_85' title='bbox 654 2240 806 2326; x_wconf 90' lang='lat' dir='ltr'><strong>personis</strong></span> <span class='ocrx_word' id='word_1_86' title='bbox 820 2262 880 2328; x_wconf 93' lang='lat' dir='ltr'><strong>per</strong></span> <span class='ocrx_word' id='word_1_87' title='bbox 894 2262 972 2310; x_wconf 92' lang='lat' dir='ltr'><strong>eum</strong></span> <span class='ocrx_word' id='word_1_88' title='bbox 987 2239 1158 2330; x_wconf 84' lang='lat' dir='ltr'><strong>eligendis,</strong></span> <span class='ocrx_word' id='word_1_89' title='bbox 1171 2240 1318 2328; x_wconf 89' lang='lat' dir='ltr'><strong>singulos</strong></span> <span class='ocrx_word' id='word_1_90' title='bbox 1329 2239 1546 2308; x_wconf 86' lang='lat' dir='ltr'><strong>canonicatus</strong></span> <span class='ocrx_word' id='word_1_91' title='bbox 1558 2242 1619 2308; x_wconf 91' lang='lat' dir='ltr'><strong>sub</strong></span> <span class='ocrx_word' id='word_1_92' title='bbox 1627 2243 1875 2329; x_wconf 84' lang='lat' dir='ltr'><strong>expectatione</strong></span> 
     </span>
     <span class='ocr_line' id='line_1_15' title="bbox 503 2344 1875 2433; baseline 0.005 -24"><span class='ocrx_word' id='word_1_93' title='bbox 503 2344 758 2430; x_wconf 88' lang='lat' dir='ltr'><strong>prebendarum,</strong></span> <span class='ocrx_word' id='word_1_94' title='bbox 774 2366 843 2412; x_wconf 92' lang='lat' dir='ltr'><strong>non</strong></span> <span class='ocrx_word' id='word_1_95' title='bbox 860 2348 1017 2413; x_wconf 88' lang='lat' dir='ltr'><strong>obstante</strong></span> <span class='ocrx_word' id='word_1_96' title='bbox 1032 2345 1059 2413; x_wconf 95' lang='lat' dir='ltr'><strong>si</strong></span> <span class='ocrx_word' id='word_1_97' title='bbox 1082 2345 1231 2432; x_wconf 91' lang='lat' dir='ltr'><strong>quelibet</strong></span> <span class='ocrx_word' id='word_1_98' title='bbox 1253 2344 1418 2413; x_wconf 90' lang='lat' dir='ltr'><strong>dictarum</strong></span> <span class='ocrx_word' id='word_1_99' title='bbox 1440 2365 1658 2433; x_wconf 87' lang='lat' dir='ltr'><strong>personarum</strong></span> <span class='ocrx_word' id='word_1_100' title='bbox 1680 2366 1794 2415; x_wconf 92' lang='lat' dir='ltr'><strong>unum</strong></span> <span class='ocrx_word' id='word_1_101' title='bbox 1820 2349 1875 2416; x_wconf 84' lang='lat' dir='ltr'><strong>vel</strong></span> 
     </span>
     <span class='ocr_line' id='line_1_16' title="bbox 503 2446 1875 2537; baseline 0.005 -24"><span class='ocrx_word' id='word_1_102' title='bbox 503 2446 572 2514; x_wconf 93' lang='lat' dir='ltr'><strong>duo</strong></span> <span class='ocrx_word' id='word_1_103' title='bbox 596 2449 763 2515; x_wconf 90' lang='lat' dir='ltr'><strong>beneficia</strong></span> <span class='ocrx_word' id='word_1_104' title='bbox 787 2448 1014 2517; x_wconf 90' lang='lat' dir='ltr'><strong>ecclesiastica</strong></span> <span class='ocrx_word' id='word_1_105' title='bbox 1039 2450 1171 2517; x_wconf 90' lang='lat' dir='ltr'><strong>obtinet</strong></span> <span class='ocrx_word' id='word_1_106' title='bbox 1198 2458 1233 2516; x_wconf 91' lang='lat' dir='ltr'><strong>et</strong></span> <span class='ocrx_word' id='word_1_107' title='bbox 1260 2449 1317 2516; x_wconf 90' lang='lat' dir='ltr'><strong>uni</strong></span> <span class='ocrx_word' id='word_1_108' title='bbox 1343 2447 1586 2515; x_wconf 86' lang='lat' dir='ltr'><strong>beneficiorum</strong></span> <span class='ocrx_word' id='word_1_109' title='bbox 1612 2448 1768 2537; x_wconf 90' lang='lat' dir='ltr'><strong>ipsorum</strong></span> <span class='ocrx_word' id='word_1_110' title='bbox 1796 2473 1875 2520; x_wconf 89' lang='lat' dir='ltr'><strong>cura</strong></span> 
     </span>
     <span class='ocr_line' id='line_1_17' title="bbox 505 2552 872 2621; baseline 0.011 -4"><span class='ocrx_word' id='word_1_111' title='bbox 505 2552 660 2619; x_wconf 90' lang='lat' dir='ltr'><strong>imminet</strong></span> <span class='ocrx_word' id='word_1_112' title='bbox 676 2553 872 2621; x_wconf 88' lang='lat' dir='ltr'><strong>animarum.</strong></span> 
     </span>
    </p>

    <p class='ocr_par' dir='ltr' id='par_1_10' title="bbox 549 2655 881 2725">
     <span class='ocr_line' id='line_1_18' title="bbox 549 2655 881 2725; baseline 0.003 -3"><span class='ocrx_word' id='word_1_113' title='bbox 549 2655 731 2725; x_wconf 89' lang='lat' dir='ltr'><strong>Personam</strong></span> <span class='ocrx_word' id='word_1_114' title='bbox 746 2667 851 2725; x_wconf 91' lang='lat' dir='ltr'><strong>tuam.</strong></span> <span class='ocrx_word' id='word_1_115' title='bbox 860 2710 881 2724; x_wconf 93' lang='lat'><strong>..</strong></span> 
     </span>
    </p>

    <p class='ocr_par' dir='ltr' id='par_1_11' title="bbox 548 2761 1154 2849">
     <span class='ocr_line' id='line_1_19' title="bbox 548 2761 1154 2849; baseline 0.007 -24"><span class='ocrx_word' id='word_1_116' title='bbox 548 2762 627 2827; x_wconf 90' lang='lat' dir='ltr'><strong>Dat.</strong></span> <span class='ocrx_word' id='word_1_117' title='bbox 640 2762 740 2828; x_wconf 71' lang='lat' dir='ltr'><strong>rivin.</strong></span> <span class='ocrx_word' id='word_1_118' title='bbox 759 2783 775 2846; x_wconf 88' lang='lat'>3</span> <span class='ocrx_word' id='word_1_119' title='bbox 792 2761 858 2830; x_wconf 89' lang='lat' dir='ltr'><strong>kal.</strong></span> <span class='ocrx_word' id='word_1_120' title='bbox 875 2763 1004 2849; x_wconf 88' lang='lat' dir='ltr'><strong>augusti</strong></span> <span class='ocrx_word' id='word_1_121' title='bbox 1017 2783 1107 2829; x_wconf 89' lang='lat' dir='ltr'><strong>anno</strong></span> <span class='ocrx_word' id='word_1_122' title='bbox 1125 2765 1154 2830; x_wconf 89' lang='lat'><strong>8.</strong></span> 
     </span>
    </p>
   </div>
   <div class='ocr_carea' id='block_1_5' title="bbox 536 2907 1163 2969">
    <p class='ocr_par' dir='ltr' id='par_1_12' title="bbox 536 2907 1163 2969">
     <span class='ocr_line' id='line_1_20' title="bbox 536 2907 1163 2969; baseline 0.006 -13"><span class='ocrx_word' id='word_1_123' title='bbox 536 2907 597 2969; x_wconf 86' lang='lat' dir='ltr'><strong>Reg.</strong></span> <span class='ocrx_word' id='word_1_124' title='bbox 609 2909 657 2957; x_wconf 81' lang='lat' dir='ltr'><strong>Av.</strong></span> <span class='ocrx_word' id='word_1_125' title='bbox 668 2910 707 2966; x_wconf 83' lang='lat'><strong>21,</strong></span> <span class='ocrx_word' id='word_1_126' title='bbox 721 2908 739 2958; x_wconf 81' lang='lat' dir='ltr'><strong>i.</strong></span> <span class='ocrx_word' id='word_1_127' title='bbox 754 2909 801 2956; x_wconf 81' lang='lat'><strong>262</strong></span> <span class='ocrx_word' id='word_1_128' title='bbox 814 2925 819 2966; x_wconf 94' lang='lat'>;</span> <span class='ocrx_word' id='word_1_129' title='bbox 834 2908 892 2958; x_wconf 75' lang='lat' dir='ltr'><strong>vm.</strong></span> <span class='ocrx_word' id='word_1_130' title='bbox 904 2911 942 2968; x_wconf 75' lang='lat'><strong>77,</strong></span> <span class='ocrx_word' id='word_1_131' title='bbox 955 2909 973 2959; x_wconf 82' lang='lat' dir='ltr'><strong>i.</strong></span> <span class='ocrx_word' id='word_1_132' title='bbox 985 2911 1040 2969; x_wconf 76' lang='lat'><strong>232,</strong></span> <span class='ocrx_word' id='word_1_133' title='bbox 1053 2924 1078 2959; x_wconf 94' lang='lat' dir='ltr'><strong>n.</strong></span> <span class='ocrx_word' id='word_1_134' title='bbox 1092 2911 1163 2960; x_wconf 75' lang='lat'>1644.</span> 
     </span>
    </p>
   </div>
   <div class='ocr_carea' id='block_1_6' title="bbox 500 3087 1868 4544">
    <p class='ocr_par' dir='ltr' id='par_1_13' title="bbox 550 3087 1826 3187">
     <span class='ocr_line' id='line_1_21' title="bbox 550 3087 1826 3187; baseline 0.001 -20"><span class='ocrx_word' id='word_1_135' title='bbox 550 3087 691 3173; x_wconf 85' lang='grc'>1358.</span> <span class='ocrx_word' id='word_1_136' title='bbox 1531 3121 1628 3187; x_wconf 71' lang='lat'><em>1324,</em></span> <span class='ocrx_word' id='word_1_137' title='bbox 1639 3120 1688 3183; x_wconf 79' lang='lat'><strong>30</strong></span> <span class='ocrx_word' id='word_1_138' title='bbox 1698 3100 1826 3184; x_wconf 80' lang='lat' dir='ltr'><strong>J‘urllet.</strong></span> 
     </span>
    </p>

    <p class='ocr_par' dir='ltr' id='par_1_14' title="bbox 500 3202 1868 4025">
     <span class='ocr_line' id='line_1_22' title="bbox 549 3202 1868 3295; baseline -0.002 -23"><span class='ocrx_word' id='word_1_139' title='bbox 549 3204 714 3291; x_wconf 90' lang='lat' dir='ltr'><strong>Magistro</strong></span> <span class='ocrx_word' id='word_1_140' title='bbox 730 3206 887 3295; x_wconf 89' lang='lat' dir='ltr'><strong>Philippo</strong></span> <span class='ocrx_word' id='word_1_141' title='bbox 903 3206 1015 3288; x_wconf 90' lang='lat' dir='ltr'><strong>Bruni,</strong></span> <span class='ocrx_word' id='word_1_142' title='bbox 1032 3207 1196 3273; x_wconf 89' lang='lat' dir='ltr'><strong>canonico</strong></span> <span class='ocrx_word' id='word_1_143' title='bbox 1219 3207 1359 3273; x_wconf 90' lang='lat' dir='ltr'><strong>ecclesie</strong></span> <span class='ocrx_word' id='word_1_144' title='bbox 1383 3207 1415 3272; x_wconf 89' lang='lat' dir='ltr'><strong>S.</strong></span> <span class='ocrx_word' id='word_1_145' title='bbox 1432 3205 1546 3271; x_wconf 89' lang='lat' dir='ltr'><strong>Crucis</strong></span> <span class='ocrx_word' id='word_1_146' title='bbox 1562 3202 1774 3288; x_wconf 93' lang='lat' dir='ltr'><strong>Leodiensis,</strong></span> <span class='ocrx_word' id='word_1_147' title='bbox 1790 3226 1868 3272; x_wconf 88' lang='lat' dir='ltr'><strong>con·</strong></span> 
     </span>
     <span class='ocr_line' id='line_1_23' title="bbox 501 3307 1867 3398; baseline -0.001 -22"><span class='ocrx_word' id='word_1_148' title='bbox 501 3311 605 3377; x_wconf 85' lang='lat' dir='ltr'><strong>fertur</strong></span> <span class='ocrx_word' id='word_1_149' title='bbox 619 3311 802 3379; x_wconf 87' lang='lat' dir='ltr'><strong>decanatus</strong></span> <span class='ocrx_word' id='word_1_150' title='bbox 817 3311 967 3398; x_wconf 89' lang='lat' dir='ltr'><strong>ejusdem</strong></span> <span class='ocrx_word' id='word_1_151' title='bbox 983 3312 1125 3378; x_wconf 91' lang='lat' dir='ltr'><strong>ecclesie</strong></span> <span class='ocrx_word' id='word_1_152' title='bbox 1142 3331 1264 3378; x_wconf 87' lang='lat' dir='ltr'><strong>vacans</strong></span> <span class='ocrx_word' id='word_1_153' title='bbox 1279 3331 1339 3397; x_wconf 91' lang='lat' dir='ltr'><strong>per</strong></span> <span class='ocrx_word' id='word_1_154' title='bbox 1354 3309 1612 3395; x_wconf 86' lang='lat' dir='ltr'><strong>resignationem</strong></span> <span class='ocrx_word' id='word_1_155' title='bbox 1628 3329 1647 3374; x_wconf 91' lang='lat' dir='ltr'><strong>a</strong></span> <span class='ocrx_word' id='word_1_156' title='bbox 1660 3307 1817 3375; x_wconf 91' lang='lat' dir='ltr'><strong>Werrico</strong></span> <span class='ocrx_word' id='word_1_157' title='bbox 1828 3309 1867 3376; x_wconf 91' lang='lat' dir='ltr'><strong>de</strong></span> 
     </span>
     <span class='ocr_line' id='line_1_24' title="bbox 501 3413 1865 3502; baseline -0.001 -22"><span class='ocrx_word' id='word_1_158' title='bbox 501 3413 616 3496; x_wconf 87' lang='lat' dir='ltr'><strong>Graas,</strong></span> <span class='ocrx_word' id='word_1_159' title='bbox 641 3415 674 3480; x_wconf 93' lang='lat' dir='ltr'><strong>in</strong></span> <span class='ocrx_word' id='word_1_160' title='bbox 699 3416 853 3483; x_wconf 89' lang='lat' dir='ltr'><strong>manibus</strong></span> <span class='ocrx_word' id='word_1_161' title='bbox 876 3416 1025 3502; x_wconf 86' lang='lat' dir='ltr'><strong>episcopi</strong></span> <span class='ocrx_word' id='word_1_162' title='bbox 1049 3414 1245 3481; x_wconf 91' lang='lat' dir='ltr'><strong>Leodiensis</strong></span> <span class='ocrx_word' id='word_1_163' title='bbox 1269 3414 1403 3495; x_wconf 86' lang='lat' dir='ltr'><strong>factam,</strong></span> <span class='ocrx_word' id='word_1_164' title='bbox 1420 3413 1691 3480; x_wconf 89' lang='lat' dir='ltr'><strong>consideratione</strong></span> <span class='ocrx_word' id='word_1_165' title='bbox 1716 3415 1865 3499; x_wconf 85' lang='lat' dir='ltr'><strong>postula·</strong></span> 
     </span>
     <span class='ocr_line' id='line_1_25' title="bbox 500 3517 1865 3607; baseline -0.002 -22"><span class='ocrx_word' id='word_1_166' title='bbox 500 3518 604 3585; x_wconf 91' lang='lat' dir='ltr'><strong>tionis</strong></span> <span class='ocrx_word' id='word_1_167' title='bbox 619 3520 812 3587; x_wconf 87' lang='lat' dir='ltr'><strong>vicedecani</strong></span> <span class='ocrx_word' id='word_1_168' title='bbox 829 3529 863 3587; x_wconf 89' lang='lat' dir='ltr'><strong>et</strong></span> <span class='ocrx_word' id='word_1_169' title='bbox 879 3519 1014 3607; x_wconf 87' lang='lat' dir='ltr'><strong>capituli</strong></span> <span class='ocrx_word' id='word_1_170' title='bbox 1031 3518 1182 3605; x_wconf 88' lang='lat' dir='ltr'><strong>ejusdem</strong></span> <span class='ocrx_word' id='word_1_171' title='bbox 1198 3519 1229 3584; x_wconf 84' lang='lat' dir='ltr'><strong>S.</strong></span> <span class='ocrx_word' id='word_1_172' title='bbox 1246 3518 1361 3584; x_wconf 92' lang='lat' dir='ltr'><strong>Crucis</strong></span> <span class='ocrx_word' id='word_1_173' title='bbox 1371 3517 1522 3597; x_wconf 90' lang='lat' dir='ltr'><strong>ecclesie,</strong></span> <span class='ocrx_word' id='word_1_174' title='bbox 1534 3517 1759 3583; x_wconf 87' lang='lat' dir='ltr'><strong>asserentium</strong></span> <span class='ocrx_word' id='word_1_175' title='bbox 1777 3517 1865 3603; x_wconf 94' lang='lat' dir='ltr'><strong>quod</strong></span> 
     </span>
     <span class='ocr_line' id='line_1_26' title="bbox 501 3621 1865 3713; baseline -0.004 -24"><span class='ocrx_word' id='word_1_176' title='bbox 501 3624 591 3691; x_wconf 91' lang='lat' dir='ltr'><strong>idem</strong></span> <span class='ocrx_word' id='word_1_177' title='bbox 618 3625 792 3713; x_wconf 88' lang='lat' dir='ltr'><strong>Philippus</strong></span> <span class='ocrx_word' id='word_1_178' title='bbox 829 3633 992 3711; x_wconf 74' lang='lat' dir='ltr'><strong>«utpote,</strong></span> <span class='ocrx_word' id='word_1_179' title='bbox 1019 3625 1105 3692; x_wconf 92' lang='lat' dir='ltr'><strong>sicut</strong></span> <span class='ocrx_word' id='word_1_180' title='bbox 1129 3635 1291 3706; x_wconf 89' lang='lat' dir='ltr'><strong>asserunt,</strong></span> <span class='ocrx_word' id='word_1_181' title='bbox 1317 3624 1367 3689; x_wconf 89' lang='lat' dir='ltr'><strong>vir</strong></span> <span class='ocrx_word' id='word_1_182' title='bbox 1407 3623 1534 3710; x_wconf 88' lang='lat' dir='ltr'><strong>peritus</strong></span> <span class='ocrx_word' id='word_1_183' title='bbox 1558 3621 1591 3686; x_wconf 93' lang='lat' dir='ltr'><strong>in</strong></span> <span class='ocrx_word' id='word_1_184' title='bbox 1614 3622 1698 3707; x_wconf 75' lang='lat' dir='ltr'><strong>iure,</strong></span> <span class='ocrx_word' id='word_1_185' title='bbox 1729 3631 1865 3687; x_wconf 88' lang='lat' dir='ltr'><strong>omatus</strong></span> 
     </span>
     <span class='ocr_line' id='line_1_27' title="bbox 501 3727 1864 3817; baseline -0.004 -23"><span class='ocrx_word' id='word_1_186' title='bbox 501 3729 658 3812; x_wconf 90' lang='lat' dir='ltr'><strong>moribus,</strong></span> <span class='ocrx_word' id='word_1_187' title='bbox 674 3731 928 3797; x_wconf 88' lang='lat' dir='ltr'><strong>conversatione</strong></span> <span class='ocrx_word' id='word_1_188' title='bbox 952 3730 1137 3811; x_wconf 86' lang='lat' dir='ltr'><strong>laudabilis,</strong></span> <span class='ocrx_word' id='word_1_189' title='bbox 1165 3729 1198 3794; x_wconf 93' lang='lat' dir='ltr'><strong>in</strong></span> <span class='ocrx_word' id='word_1_190' title='bbox 1225 3728 1452 3817; x_wconf 90' lang='lat' dir='ltr'><strong>spiritualibus</strong></span> <span class='ocrx_word' id='word_1_191' title='bbox 1467 3727 1731 3811; x_wconf 91' lang='lat' dir='ltr'><strong>circumspectus</strong></span> <span class='ocrx_word' id='word_1_192' title='bbox 1748 3746 1779 3807; x_wconf 72' lang='lat' dir='ltr'><strong>a,</strong></span> <span class='ocrx_word' id='word_1_193' title='bbox 1797 3746 1864 3791; x_wconf 92' lang='lat' dir='ltr'><strong>esse</strong></span> 
     </span>
     <span class='ocr_line' id='line_1_28' title="bbox 500 3829 1864 3921; baseline -0.004 -22"><span class='ocrx_word' id='word_1_194' title='bbox 500 3841 635 3919; x_wconf 88' lang='lat' dir='ltr'><strong>poterat</strong></span> <span class='ocrx_word' id='word_1_195' title='bbox 661 3833 772 3900; x_wconf 93' lang='lat' dir='ltr'><strong>eidem</strong></span> <span class='ocrx_word' id='word_1_196' title='bbox 799 3833 940 3900; x_wconf 89' lang='lat' dir='ltr'><strong>ecclesie</strong></span> <span class='ocrx_word' id='word_1_197' title='bbox 966 3833 1146 3920; x_wconf 91' lang='lat' dir='ltr'><strong>plurimum</strong></span> <span class='ocrx_word' id='word_1_198' title='bbox 1170 3833 1372 3921; x_wconf 86' lang='lat' dir='ltr'><strong>profuturus,</strong></span> <span class='ocrx_word' id='word_1_199' title='bbox 1396 3840 1431 3897; x_wconf 90' lang='lat' dir='ltr'><strong>et</strong></span> <span class='ocrx_word' id='word_1_200' title='bbox 1456 3851 1524 3896; x_wconf 94' lang='lat' dir='ltr'><strong>non</strong></span> <span class='ocrx_word' id='word_1_201' title='bbox 1548 3832 1706 3896; x_wconf 89' lang='lat' dir='ltr'><strong>obstante</strong></span> <span class='ocrx_word' id='word_1_202' title='bbox 1730 3829 1864 3895; x_wconf 86' lang='lat' dir='ltr'><strong>defectu</strong></span> 
     </span>
     <span class='ocr_line' id='line_1_29' title="bbox 501 3935 1450 4025; baseline -0.001 -24"><span class='ocrx_word' id='word_1_203' title='bbox 501 3936 674 4019; x_wconf 86' lang='lat' dir='ltr'><strong>natalium,</strong></span> <span class='ocrx_word' id='word_1_204' title='bbox 690 3959 790 4023; x_wconf 90' lang='lat' dir='ltr'><strong>quem</strong></span> <span class='ocrx_word' id='word_1_205' title='bbox 806 3938 931 4025; x_wconf 90' lang='lat' dir='ltr'><strong>patitur</strong></span> <span class='ocrx_word' id='word_1_206' title='bbox 947 3937 989 4004; x_wconf 89' lang='lat' dir='ltr'><strong>de</strong></span> <span class='ocrx_word' id='word_1_207' title='bbox 1005 3938 1116 4005; x_wconf 92' lang='lat' dir='ltr'><strong>soluto</strong></span> <span class='ocrx_word' id='word_1_208' title='bbox 1131 3937 1263 4022; x_wconf 89' lang='lat' dir='ltr'><strong>genitus</strong></span> <span class='ocrx_word' id='word_1_209' title='bbox 1280 3944 1315 4002; x_wconf 91' lang='lat' dir='ltr'><strong>et</strong></span> <span class='ocrx_word' id='word_1_210' title='bbox 1330 3935 1450 4002; x_wconf 91' lang='lat' dir='ltr'><strong>soluta.</strong></span> 
     </span>
    </p>

    <p class='ocr_par' dir='ltr' id='par_1_15' title="bbox 545 4041 878 4128">
     <span class='ocr_line' id='line_1_30' title="bbox 545 4041 878 4128; baseline 0.009 -23"><span class='ocrx_word' id='word_1_211' title='bbox 545 4041 638 4107; x_wconf 86' lang='lat' dir='ltr'><strong>Sedis</strong></span> <span class='ocrx_word' id='word_1_212' title='bbox 654 4043 878 4128; x_wconf 90' lang='lat' dir='ltr'><strong>apostolice...</strong></span> 
     </span>
    </p>

    <p class='ocr_par' dir='ltr' id='par_1_16' title="bbox 544 4129 1157 4231">
     <span class='ocr_line' id='line_1_31' title="bbox 544 4129 1157 4231; baseline 0.002 -22"><span class='ocrx_word' id='word_1_213' title='bbox 544 4145 624 4211; x_wconf 88' lang='lat' dir='ltr'><strong>Dat.</strong></span> <span class='ocrx_word' id='word_1_214' title='bbox 640 4129 740 4211; x_wconf 79' lang='lat' dir='ltr'><strong>ilvin.</strong></span> <span class='ocrx_word' id='word_1_215' title='bbox 759 4166 775 4229; x_wconf 88' lang='lat'>3</span> <span class='ocrx_word' id='word_1_216' title='bbox 792 4145 858 4212; x_wconf 86' lang='lat' dir='ltr'><strong>kal.</strong></span> <span class='ocrx_word' id='word_1_217' title='bbox 875 4145 1005 4231; x_wconf 91' lang='lat' dir='ltr'><strong>augusti</strong></span> <span class='ocrx_word' id='word_1_218' title='bbox 1021 4166 1111 4211; x_wconf 90' lang='lat' dir='ltr'><strong>anno</strong></span> <span class='ocrx_word' id='word_1_219' title='bbox 1128 4148 1157 4211; x_wconf 91' lang='lat'><strong>8.</strong></span> 
     </span>
    </p>

    <p class='ocr_par' dir='ltr' id='par_1_17' title="bbox 500 4244 1862 4544">
     <span class='ocr_line' id='line_1_32' title="bbox 546 4244 1862 4336; baseline 0 -23"><span class='ocrx_word' id='word_1_220' title='bbox 546 4247 585 4313; x_wconf 94' lang='lat' dir='ltr'><strong>In</strong></span> <span class='ocrx_word' id='word_1_221' title='bbox 602 4269 631 4316; x_wconf 92' lang='lat' dir='ltr'><strong>e.</strong></span> <span class='ocrx_word' id='word_1_222' title='bbox 648 4271 692 4316; x_wconf 92' lang='lat' dir='ltr'><strong>m.</strong></span> <span class='ocrx_word' id='word_1_223' title='bbox 708 4250 868 4334; x_wconf 90' lang='lat' dir='ltr'><strong>magistro</strong></span> <span class='ocrx_word' id='word_1_224' title='bbox 885 4248 1064 4336; x_wconf 88' lang='lat' dir='ltr'><strong>Raynaldo</strong></span> <span class='ocrx_word' id='word_1_225' title='bbox 1079 4249 1122 4316; x_wconf 93' lang='lat' dir='ltr'><strong>de</strong></span> <span class='ocrx_word' id='word_1_226' title='bbox 1150 4249 1225 4314; x_wconf 91' lang='lat' dir='ltr'><strong>filiis</strong></span> <span class='ocrx_word' id='word_1_227' title='bbox 1254 4246 1342 4328; x_wconf 89' lang='lat' dir='ltr'><strong>Ursi,</strong></span> <span class='ocrx_word' id='word_1_228' title='bbox 1358 4246 1595 4313; x_wconf 90' lang='lat' dir='ltr'><strong>archidiacono</strong></span> <span class='ocrx_word' id='word_1_229' title='bbox 1616 4245 1659 4311; x_wconf 91' lang='lat' dir='ltr'><strong>de</strong></span> <span class='ocrx_word' id='word_1_230' title='bbox 1686 4244 1862 4334; x_wconf 90' lang='lat' dir='ltr'><strong>Campinia</strong></span> 
     </span>
     <span class='ocr_line' id='line_1_33' title="bbox 500 4349 1862 4441; baseline 0.001 -24"><span class='ocrx_word' id='word_1_231' title='bbox 500 4351 534 4417; x_wconf 91' lang='lat' dir='ltr'><strong>in</strong></span> <span class='ocrx_word' id='word_1_232' title='bbox 561 4355 703 4421; x_wconf 89' lang='lat' dir='ltr'><strong>ecclesia</strong></span> <span class='ocrx_word' id='word_1_233' title='bbox 729 4353 919 4436; x_wconf 87' lang='lat' dir='ltr'><strong>Leodiensi,</strong></span> <span class='ocrx_word' id='word_1_234' title='bbox 943 4355 1077 4421; x_wconf 86' lang='lat' dir='ltr'><strong>notario</strong></span> <span class='ocrx_word' id='word_1_235' title='bbox 1101 4374 1199 4441; x_wconf 90' lang='lat' dir='ltr'><strong>pape,</strong></span> <span class='ocrx_word' id='word_1_236' title='bbox 1216 4362 1251 4420; x_wconf 92' lang='lat' dir='ltr'><strong>et</strong></span> <span class='ocrx_word' id='word_1_237' title='bbox 1277 4352 1389 4419; x_wconf 88' lang='lat' dir='ltr'><strong>abbati</strong></span> <span class='ocrx_word' id='word_1_238' title='bbox 1418 4350 1612 4416; x_wconf 87' lang='lat' dir='ltr'><strong>monasterii</strong></span> <span class='ocrx_word' id='word_1_239' title='bbox 1638 4350 1670 4415; x_wconf 84' lang='lat' dir='ltr'><strong>S.</strong></span> <span class='ocrx_word' id='word_1_240' title='bbox 1688 4349 1811 4428; x_wconf 90' lang='lat' dir='ltr'><strong>Jacobi</strong></span> <span class='ocrx_word' id='word_1_241' title='bbox 1826 4372 1862 4418; x_wconf 85' lang='lat' dir='ltr'><strong>ac</strong></span> 
     </span>
     <span class='ocr_line' id='line_1_34' title="bbox 502 4457 1178 4544; baseline 0.001 -20"><span class='ocrx_word' id='word_1_242' title='bbox 502 4457 632 4524; x_wconf 87' lang='lat' dir='ltr'><strong>custodi</strong></span> <span class='ocrx_word' id='word_1_243' title='bbox 648 4458 798 4544; x_wconf 87' lang='lat' dir='ltr'><strong>ejusdem</strong></span> <span class='ocrx_word' id='word_1_244' title='bbox 814 4459 956 4526; x_wconf 89' lang='lat' dir='ltr'><strong>ecclesie</strong></span> <span class='ocrx_word' id='word_1_245' title='bbox 972 4458 1178 4525; x_wconf 90' lang='lat' dir='ltr'><strong>Leodiensis.</strong></span> 
     </span>
    </p>
   </div>
   <div class='ocr_carea' id='block_1_7' title="bbox 535 4596 1306 4658">
    <p class='ocr_par' dir='ltr' id='par_1_18' title="bbox 535 4596 1306 4658">
     <span class='ocr_line' id='line_1_35' title="bbox 535 4596 1306 4658; baseline -0.001 -13"><span class='ocrx_word' id='word_1_246' title='bbox 535 4596 595 4658; x_wconf 74' lang='lat' dir='ltr'><strong>neg.</strong></span> <span class='ocrx_word' id='word_1_247' title='bbox 612 4600 659 4646; x_wconf 74' lang='lat' dir='ltr'><strong>nv.</strong></span> <span class='ocrx_word' id='word_1_248' title='bbox 672 4600 710 4657; x_wconf 80' lang='lat'><strong>21,</strong></span> <span class='ocrx_word' id='word_1_249' title='bbox 723 4598 741 4647; x_wconf 86' lang='lat' dir='ltr'><strong>r.</strong></span> <span class='ocrx_word' id='word_1_250' title='bbox 754 4599 822 4657; x_wconf 62' lang='lat' dir='ltr'><strong>auor,</strong></span> <span class='ocrx_word' id='word_1_251' title='bbox 833 4613 858 4648; x_wconf 83' lang='lat' dir='ltr'><strong>n.</strong></span> <span class='ocrx_word' id='word_1_252' title='bbox 875 4600 947 4654; x_wconf 61' lang='lat' dir='ltr'><strong>rain</strong></span> <span class='ocrx_word' id='word_1_253' title='bbox 961 4598 1020 4645; x_wconf 75' lang='lat' dir='ltr'><strong>rat.</strong></span> <span class='ocrx_word' id='word_1_254' title='bbox 1033 4600 1071 4657; x_wconf 78' lang='lat' dir='ltr'><strong>rr,</strong></span> <span class='ocrx_word' id='word_1_255' title='bbox 1084 4597 1102 4647; x_wconf 83' lang='lat' dir='ltr'><strong>r.</strong></span> <span class='ocrx_word' id='word_1_256' title='bbox 1117 4599 1183 4657; x_wconf 70' lang='lat' dir='ltr'><strong>aaa,</strong></span> <span class='ocrx_word' id='word_1_257' title='bbox 1197 4611 1222 4645; x_wconf 85' lang='lat' dir='ltr'><strong>n.</strong></span> <span class='ocrx_word' id='word_1_258' title='bbox 1237 4597 1306 4644; x_wconf 78' lang='lat' dir='ltr'><strong>tols.</strong></span> 
     </span>
    </p>
   </div>
   <div class='ocr_carea' id='block_1_8' title="bbox 498 4775 1861 5188">
    <p class='ocr_par' dir='ltr' id='par_1_19' title="bbox 547 4775 1822 4870">
     <span class='ocr_line' id='line_1_36' title="bbox 547 4775 1822 4870; baseline -0.002 -15"><span class='ocrx_word' id='word_1_259' title='bbox 547 4775 686 4861; x_wconf 84' lang='lat'>1359.</span> <span class='ocrx_word' id='word_1_260' title='bbox 1510 4806 1608 4870; x_wconf 73' lang='lat'><strong>1524,</strong></span> <span class='ocrx_word' id='word_1_261' title='bbox 1627 4805 1677 4867; x_wconf 72' lang='lat'><strong>30</strong></span> <span class='ocrx_word' id='word_1_262' title='bbox 1695 4785 1822 4869; x_wconf 83' lang='lat' dir='ltr'><strong>juillet.</strong></span> 
     </span>
    </p>

    <p class='ocr_par' dir='ltr' id='par_1_20' title="bbox 498 4887 1861 5188">
     <span class='ocr_line' id='line_1_37' title="bbox 543 4887 1861 4981; baseline -0.003 -23"><span class='ocrx_word' id='word_1_263' title='bbox 543 4893 757 4978; x_wconf 89' lang='lat' dir='ltr'><strong>Engelberto,</strong></span> <span class='ocrx_word' id='word_1_264' title='bbox 772 4905 855 4962; x_wconf 90' lang='lat' dir='ltr'><strong>nato</strong></span> <span class='ocrx_word' id='word_1_265' title='bbox 867 4893 1071 4981; x_wconf 88' lang='lat' dir='ltr'><strong>Engelberti,</strong></span> <span class='ocrx_word' id='word_1_266' title='bbox 1084 4894 1217 4962; x_wconf 91' lang='lat' dir='ltr'><strong>comitis</strong></span> <span class='ocrx_word' id='word_1_267' title='bbox 1226 4893 1268 4960; x_wconf 91' lang='lat' dir='ltr'><strong>de</strong></span> <span class='ocrx_word' id='word_1_268' title='bbox 1282 4891 1431 4972; x_wconf 79' lang='lat' dir='ltr'><strong>Marclra,</strong></span> <span class='ocrx_word' id='word_1_269' title='bbox 1444 4897 1631 4956; x_wconf 89' lang='lat' dir='ltr'><strong>reservatur</strong></span> <span class='ocrx_word' id='word_1_270' title='bbox 1646 4887 1797 4974; x_wconf 86' lang='lat' dir='ltr'><strong>dignitas</strong></span> <span class='ocrx_word' id='word_1_271' title='bbox 1808 4910 1861 4956; x_wconf 89' lang='lat' dir='ltr'><strong>seu</strong></span> 
     </span>
     <span class='ocr_line' id='line_1_38' title="bbox 498 4989 1859 5083; baseline -0.005 -20"><span class='ocrx_word' id='word_1_272' title='bbox 498 5008 697 5083; x_wconf 91' lang='lat' dir='ltr'><strong>personatus</strong></span> <span class='ocrx_word' id='word_1_273' title='bbox 711 5001 765 5065; x_wconf 87' lang='lat' dir='ltr'><strong>vel</strong></span> <span class='ocrx_word' id='word_1_274' title='bbox 782 5000 929 5066; x_wconf 91' lang='lat' dir='ltr'><strong>officium</strong></span> <span class='ocrx_word' id='word_1_275' title='bbox 946 5000 1017 5066; x_wconf 91' lang='lat' dir='ltr'><strong>sine</strong></span> <span class='ocrx_word' id='word_1_276' title='bbox 1033 5020 1121 5081; x_wconf 87' lang='lat' dir='ltr'><strong>cura,</strong></span> <span class='ocrx_word' id='word_1_277' title='bbox 1137 4998 1180 5065; x_wconf 94' lang='lat' dir='ltr'><strong>ad</strong></span> <span class='ocrx_word' id='word_1_278' title='bbox 1195 4997 1412 5065; x_wconf 91' lang='lat' dir='ltr'><strong>collationem</strong></span> <span class='ocrx_word' id='word_1_279' title='bbox 1440 4992 1587 5080; x_wconf 90' lang='lat' dir='ltr'><strong>episcopi</strong></span> <span class='ocrx_word' id='word_1_280' title='bbox 1611 4989 1815 5058; x_wconf 89' lang='lat' dir='ltr'><strong>Leodiensis</strong></span> <span class='ocrx_word' id='word_1_281' title='bbox 1829 4993 1859 5057; x_wconf 94' lang='lat' dir='ltr'><strong>in</strong></span> 
     </span>
     <span class='ocr_line' id='line_1_39' title="bbox 498 5095 1859 5188; baseline -0.001 -22"><span class='ocrx_word' id='word_1_282' title='bbox 498 5101 634 5174; x_wconf 87' lang='lat' dir='ltr'><strong>civitate</strong></span> <span class='ocrx_word' id='word_1_283' title='bbox 649 5105 703 5169; x_wconf 89' lang='lat' dir='ltr'><strong>vel</strong></span> <span class='ocrx_word' id='word_1_284' title='bbox 719 5103 843 5175; x_wconf 88' lang='lat' dir='ltr'><strong>diocesi</strong></span> <span class='ocrx_word' id='word_1_285' title='bbox 860 5103 1051 5185; x_wconf 91' lang='lat' dir='ltr'><strong>Leodiensi,</strong></span> <span class='ocrx_word' id='word_1_286' title='bbox 1067 5124 1136 5169; x_wconf 90' lang='lat' dir='ltr'><strong>non</strong></span> <span class='ocrx_word' id='word_1_287' title='bbox 1153 5105 1308 5180; x_wconf 82' lang='lat' dir='ltr'><strong>obstante</strong></span> <span class='ocrx_word' id='word_1_288' title='bbox 1325 5098 1415 5188; x_wconf 90' lang='lat' dir='ltr'><strong>quod</strong></span> <span class='ocrx_word' id='word_1_289' title='bbox 1441 5099 1474 5163; x_wconf 92' lang='lat' dir='ltr'><strong>in</strong></span> <span class='ocrx_word' id='word_1_290' title='bbox 1502 5095 1698 5168; x_wconf 88' lang='lat' dir='ltr'><strong>Coloniensi</strong></span> <span class='ocrx_word' id='word_1_291' title='bbox 1722 5098 1859 5170; x_wconf 89' lang='lat' dir='ltr'><strong>canoni·</strong></span> 
     </span>
    </p>
   </div>
   <div class='ocr_carea' id='block_1_9' title="bbox 0 0 2210 6017">
    <p class='ocr_par' dir='ltr' id='par_1_21' title="bbox 0 0 2210 6017">
     <span class='ocr_line' id='line_1_40' title="bbox 0 0 2210 6017; baseline 0 3"><span class='ocrx_word' id='word_1_292' title='bbox 0 0 2210 6017; x_wconf 95' lang='lat' dir='ltr'><strong> </strong></span> 
     </span>
    </p>
   </div>
  </div>
 </body>
</html>
