4409 6017
499 707 537 770 76
870 795 873 802 Ι
1039 701 1185 770 Premiere
1208 704 1310 767 auree.

496 864 599 930 divini
612 866 693 951 juris
709 865 912 943 immoranti,
928 865 1054 931 fructus
1077 863 1316 930 beneficiorum
1339 883 1474 929 suorum
1494 863 1622 930 faciant
1645 862 1777 949 integre
1798 863 1859 928 mi-

498 970 640 1036 nistrari.

543 1076 694 1143 Dilectus
710 1077 837 1142 filius...

542 1181 619 1246 Dat.
636 1180 735 1245 Avin.
750 1201 767 1264 3
781 1180 846 1245 kal.
858 1179 1009 1245 februarii
1026 1198 1116 1244 anno
1134 1199 1145 1242 1
1167 1180 1213 1262 (¹)

519 1294 591 1379 aeg.
600 1319 646 1365 uv.
659 1320 681 1371 5.
689 1317 706 1365 r.
721 1319 788 1368 ron:
802 1316 859 1366 rat..
872 1318 910 1366 ar.
922 1317 940 1365 r.
953 1317 1008 1367 aro.
1022 1331 1046 1364 n.
1060 1317 1130 1364 rara.

540 1475 653 1560 245.
1533 1503 1629 1570 1317,
1640 1485 1819 1574 jfevrzer.

541 1594 685 1662 Nicolao
701 1594 851 1680 Sigwasti
867 1594 909 1659 de
925 1592 1025 1679 Tierp
1050 1591 1218 1660 confertur
1233 1589 1448 1657 canonicatus
1463 1592 1602 1659 ecclesie
1624 1592 1656 1660 S.
1678 1592 1865 1659 Salvatoris

499 1698 784 1778 Harlebeccensis,
800 1697 1021 1764 Tornaceusis
1035 1696 1186 1776 diocesis,
1197 1698 1256 1761 sub
1273 1697 1507 1781 expectatione
1523 1697 1704 1783 prebende,
1717 1718 1788 1763 non
1804 1699 1865 1762 ob-

497 1812 608 1869 stante
624 1803 714 1887 quod
731 1803 762 1867 in
781 1801 959 1887 Upsaleusi
976 1791 1010 1868 et
1027 1799 1228 1886 Lincopensi
1255 1799 1402 1866 ecclesiis
1426 1800 1642 1867 canonicatus
1662 1808 1697 1865 et
1717 1802 1865 1886 preben-

497 1907 566 1988 das,
591 1926 630 1973 ac
653 1905 895 1992 parrochialem
919 1905 1094 1972 ecclesiam
1118 1905 1161 1970 de
1185 1903 1296 1990 Tierp,
1322 1902 1517 1989 Upsalensis
1533 1903 1683 1985 diocesis,
1702 1902 1865 1989 predictis

497 2011 706 2078 canonicatui
722 2019 757 2076 et
771 2011 941 2096 prebende
958 2009 1155 2097 Upsalensis
1171 2009 1309 2075 ecclesie
1325 2027 1501 2088 annexam,
1518 2006 1659 2073 obtinet.

542 2115 651 2200 Digne
667 2136 808 2201 agere...

541 2218 619 2285 Dat.
636 2219 734 2283 Avin.
753 2239 770 2303 3
788 2240 866 2284 uon.
884 2218 1035 2283 februarii
1051 2237 1142 2282 anno
1163 2237 1189 2281 1.

541 2320 582 2387 Id
597 2342 626 2388 e.
642 2342 686 2387 m.
703 2321 815 2387 abbati
831 2321 1023 2387 monasterii
1039 2321 1070 2385 S.
1089 2319 1317 2385 Bartholomei
1333 2319 1375 2384 de
1393 2317 1614 2385 Eeckhoute“
1637 2327 1673 2384 et
1687 2318 1862 2405 preposito

496 2425 635 2491 ecclesie
651 2425 682 2492 S.
701 2424 808 2492 Marie
825 2424 1010 2511 Brugensis,
1027 2423 1247 2490 Tornaceusis
1263 2423 1412 2504 diocesis,
1428 2443 1467 2489 ac
1483 2422 1642 2508 magistro
1658 2419 1805 2489 Nicolao
1818 2422 1863 2488 de

497 2528 660 2611 Ceccan0,
676 2529 839 2595 canonico
854 2529 1078 2595 Atrebatensi.

530 2661 648 2726 Reg.'Av.
657 2666 679 2714 b.
691 2663 710 2712 f.
720 2665 783 2716 438:
797 2664 855 2713 vat.
868 2667 906 2716 db.
918 2665 937 2714 f.
947 2668 996 2727 83⁹,
1009 2682 1035 2715 u.
1045 2669 1116 2715 2275.

539 2812 654 2897 246.
1534 2849 1627 2915 1317,
1640 2849 1665 2914 5
1672 2830 1814 2918 fdrrrer.

540 2933 724 3014 Antonino,
741 2941 822 2998 nato
839 2931 1004 3000 Francisci
1020 2932 1258 3018 Squarciaficus
1272 2934 1315 2999 de
1330 2931 1448 3016 Janua,
1458 2934 1627 3002 confertur
1641 2936 1859 3004 canonicatus

497 3037 636 3104 ecclesie
652 3037 683 3104 S.
700 3038 882 3104 Donatiaui
906 3036 948 3104 de
974 3037 1098 3123 Brugis,
1115 3036 1337 3105 Tornaceusis
1361 3036 1511 3120 diocesis
1536 3043 1595 3107 sub
1620 3040 1856 3126 expectatione

495 3142 675 3229 prebende,
686 3163 753 3208 non
779 3145 935 3210 obstante
951 3141 1042 3230 quod
1057 3142 1091 3208 in
1107 3141 1292 3210 Veronensi
1309 3152 1343 3209 et
1360 3142 1391 3209 S.
1403 3139 1511 3208 Marie
1526 3141 1569 3209 de
1585 3141 1855 3222 VineisJanuen·

496 3248 539 3316 sis
554 3248 701 3316 ecclesiis
710 3247 743 3313 in
754 3247 952 3315 canonicum
967 3255 1019 3315 est
1034 3257 1188 3335 receptus
1205 3254 1240 3314 et
1255 3245 1441 3335 prebendas
1457 3255 1623 3334 expectat.

541 3350 671 3418 Meritis
686 3361 754 3419 tue.
764 3404 787 3419 ..

540 3457 618 3523 Dat.
634 3458 732 3523 Avin.
749 3457 846 3523 nonis
862 3457 1014 3523 februarii
1030 3476 1120 3522 anno
1141 3477 1167 3523 1.

540 3562 580 3627 In
606 3583 635 3629 e.
651 3584 695 3628 m.
712 3562 946 3628 archidiacono
963 3560 1130 3627 Laticensi
1156 3560 1386 3645 Lingoneusis,
1405 3569 1440 3626 et
1463 3558 1593 3638 Jacobo
1617 3561 1660 3626 de
1686 3561 1857 3644 Penestre,

496 3665 701 3747 Peuestrine,
718 3689 756 3733 ac
774 3667 950 3732 Francisco
966 3666 1008 3732 de
1025 3664 1187 3744 Bononia,
1203 3664 1425 3731 Tornaceusis
1450 3665 1619 3733 canonicis
1634 3667 1858 3733 ecclesiarum.

529 3811 588 3872 Reg.
602 3813 648 3858 Ar.
662 3813 683 3858 5.
695 3811 713 3857 t.
727 3811 789 3857 olli:
805 3809 861 3857 l'at.
874 3811 913 3858 oa.
926 3808 943 3855 i.
958 3810 1011 3869 102,
1024 3823 1048 3855 u.
1061 3808 1132 3855 2347.

537 3976 601 4057 24
609 3976 698 4058 6¹³³&
1531 3997 1626 4064 1317,
1643 4000 1662 4062 9
1669 3979 1813 4066 fevrr'er.

539 4093 676 4168 Blasius‚
697 4092 876 4158 canonicus
894 4087 1108 4166 Morinensis,
1125 4086 1255 4165 nobilis,
1271 4084 1440 4172 preficitur
1460 4083 1492 4148 in
1514 4083 1709 4170 episcopum
1726 4082 1860 4149 Funda-

495 4220 587 4279 num,
604 4218 680 4263 cum
696 4196 836 4263 ecclesia
854 4194 1026 4268 Fundana,
1048 4192 1090 4257 ad
1114 4190 1304 4255 Romanam
1325 4188 1500 4255 ecclesiam
1521 4189 1613 4252 nullo
1629 4186 1744 4253 medio
1758 4188 1860 4274 perti-

495 4324 588 4382 nens,
604 4322 664 4387 per
679 4302 807 4366 obitum
824 4298 940 4377 Jacobi
959 4303 1103 4362 vacaret.

540 4405 705 4488 Regimini
724 4402 961 4468 universalis...

541 4510 618 4575 Dat.
635 4510 697 4573 Av.
716 4529 732 4591 5
751 4507 793 4572 id.
812 4505 961 4570 tebruarii
979 4525 1069 4569 auno
1090 4524 1116 4570 1.

540 4613 579 4678 In
593 4634 622 4678 e.
635 4634 679 4676 m.
693 4611 850 4697 capitulo,
863 4611 963 4688 clera,
976 4610 1102 4694 populo
1114 4617 1149 4675 et
1158 4607 1306 4674 vassallis
1318 4606 1456 4671 ecclesie
1469 4603 1631 4671 Fundane
1646 4625 1685 4672 ac
1696 4604 1857 4684 Robert0,

495 4718 562 4803 regi
579 4716 697 4783 Sicilie.

529 4850 589 4914 licit.
601 4858 649 4904 Ar.
662 4858 683 4906 5.
696 4856 714 4903 t.
727 4855 789 4902 315:
803 4853 861 4901 l'ut.
874 4855 912 4909 tta,
924 4852 943 4900 i.
955 4852 993 4911 aa,
1007 4865 1031 4899 u.
1045 4852 1116 4900 2128.

528 4995 553 5028 a.
566 4978 679 5027 Laclrout
693 4993 742 5040 rep.
755 4977 802 5025 Ar.
814 4981 837 5024 et
856 4977 910 5025 l'at.

531 5180 551 5227 l.
564 5178 637 5226 Certe
649 5176 723 5226 lettre
732 5189 758 5222 se
770 5182 860 5221 trouve
872 5188 918 5238 par
930 5187 1015 5222 errent
1025 5172 1090 5221 «laus
1104 5171 1195 5220 llollnt
1204 5170 1242 5234 (u.
1256 5171 1316 5234 tto)
1328 5173 1342 5217 l
1355 5170 1379 5216 la
1390 5169 1450 5217 ‹lntc
1458 5168 1493 5215 ‹lu
1504 5170 1517 5215 ἲ
1529 5168 1673 5232 septembre
1687 5168 1757 5216 1316.
