4409 6017
934 717 1101 783 Emmerieh
1124 752 1159 763 -
1186 714 1282 782 Evoro

425 903 458 912 -
482 875 560 928 Eccl.
585 876 656 939 coll,
680 904 714 914 -
735 892 796 929 can.
821 875 909 941 preb,
933 875 1075 929 Thilman-

464 972 516 1008 nus
534 957 570 1009 de
589 957 721 1021 Tungris.

424 1036 539 1100 Emont,
562 1036 706 1099 Johannes
728 1037 774 1102 de,
795 1054 821 1089 v.
844 1036 979 1095 Hemont.

425 1118 569 1179 Enomm,
588 1117 725 1175 Eename.

423 1198 526 1265 Enero,
554 1198 656 1252 Albert
691 1198 774 1263 (jadis
802 1199 914 1262 Enete),

424 1278 625 1344 Engelbertus‚
645 1295 741 1332 comes
760 1280 797 1333 de
817 1279 943 1344 Marcka,
961 1309 994 1316 —
1014 1278 1076 1342 ejus

463 1359 545 1424 filius,
567 1360 758 1423 Engelbertus
769 1354 805 1414 do
816 1361 949 1423 Marcka;
960 1389 994 1399 -
1015 1360 1076 1424 ejus

464 1441 540 1495 lilius
567 1440 710 1505 naturalis,
739 1441 931 1504 Engelbertus
957 1442 993 1494 de
1005 1441 1077 1496 Mar·

465 1522 526 1575 eka.

424 1603 618 1665 Engelbcrtus
635 1604 672 1656 de
689 1603 816 1657 Marcka.

421 1692 577 1752 Enghlen
592 1684 742 1749 (Annine),
760 1683 905 1747 Belgione,
919 1700 997 1747 prov.
1011 1683 1076 1739 Hai-

466 1775 542 1826 naut,
572 1765 646 1818 dioc.
677 1764 818 1821 Cambrai.

426 1874 458 1881 —
481 1845 574 1899 Maria
589 1845 633 1908 de,
652 1862 723 1899 uxor
739 1845 865 1908 Roberti‚
883 1846 992 1900 oomitis
1008 1846 1077 1899 Dro-

462 1927 561 1989 censis,
579 1932 641 1986 315.

425 2006 618 2069 Englebertus
639 2007 675 2060 de
697 2007 859 2072 Boleseyes.

425 2088 542 2153 Engles,
558 2087 740 2153 Guillelmus,
748 2089 912 2142 scolasticus
925 2088 1077 2156 Siclinien,

465 2186 527 2221 can.
548 2168 601 2221 sub
623 2185 686 2232 exp.
705 2168 784 2233 preb.
804 2170 831 2221 S.
854 2169 1007 2232 Gaugerici
1026 2169 1076 2222 Ca·

465 2266 616 2313 meracen,
640 2255 718 2307 1476.

425 2331 622 2394 Eupoliemen,
652 2331 840 2394 Angouleme.

425 2411 610 2476 Episcopatu,
640 2410 790 2474 Astorgius
820 2411 865 2477 de,
894 2412 1020 2465 decanus
1048 2413 1077 2466 S.

461 2492 584 2546 Romani
605 2492 642 2545 de
664 2492 831 2556 Colobosco,
854 2509 916 2554 can,
937 2494 992 2546 sub
1014 2511 1077 2558 exp.

460 2573 539 2637 preb,
564 2572 714 2636 Morinen,
739 2583 832 2626 rector
855 2573 983 2636 parroch¹
1009 2578 1077 2632 eccl.

462 2654 490 2715 S,
516 2653 639 2707 Romani
665 2654 702 2706 de
729 2654 822 2707 Bosoo
848 2654 972 2719 Rogerii,
998 2660 1077 2712 1389.

424 2734 561 2798 Equum„
578 2733 701 2797 Equilio.

421 2824 562 2883 Equilto
582 2815 737 2880 (liquuit),
764 2815 854 2873 italie.

425 2925 459 2933 -
483 2895 716 2960 Archidiaconus,
743 2901 802 2963 103,
827 2902 888 2951 104.

425 2975 519 3039 Equo,
546 2977 645 3030 Petrus
672 2977 716 3040 de,
743 2994 805 3029 can
829 2977 883 3030 sub
910 2994 973 3042 exp,
998 2979 1077 3042 preb.

461 3058 491 3114 S.
515 3057 630 3111 Martini
652 3058 795 3121 Leodien,
819 3063 898 3115 1506.

425 3137 564 3190 Eracleus
591 3138 628 3191 de
656 3139 763 3191 Sancto
789 3139 932 3192 Necterio.

425 3218 554 3272 Erardus
571 3218 608 3271 de
627 3219 725 3273 Barro.

424 3299 553 3353 Eremite
574 3300 671 3352 Sancti
693 3300 853 3365 Augustini,
874 3305 936 3367 301,
954 3306 1017 3355 388.

424 3381 528 3445 Ericus
549 3380 663 3445 Bugeri.

424 3461 638 3525 Ermengarius,
656 3462 872 3516 archidiaconus
887 3463 925 3516 de
940 3463 1078 3519 Pardiaco

466 3544 496 3595 in
526 3544 594 3596 eccl.
626 3543 769 3607 Auxitan,
800 3548 878 3602 1353.

426 3623 563 3688 Ernaudi,
584 3623 746 3692 Gauiridus‚
767 3625 803 3678 de
824 3625 922 3695 Ponte,
946 3643 1007 3682 can.
1027 3628 1079 3681 Ve-

464 3714 570 3768 neten,
591 3710 670 3763 1491.

424 3786 570 3838 Emuldus
591 3786 627 3839 de
649 3788 712 3841 Los.

426 3866 611 3931 Erqueriaco,
633 3866 777 3930 Herpinus
797 3868 842 3930 de,
864 3898 897 3906 -
916 3868 977 3931 ejus
995 3869 1078 3931 iilius,

463 3946 626 4025 Philippus,

427 4029 611 4093 Erqueriaco,
629 4029 773 4090 Johannes
790 4030 834 4092 de,
850 4047 911 4082 can.
927 4032 1006 4093 preb,
1026 4032 1080 4083 No·

467 4110 590 4162 viomen.
620 4120 647 4162 et
677 4109 836 4172 Margivuu,
864 4112 908 4174 (1),
937 4128 998 4163 can
1027 4112 1080 4164 sub

469 4207 532 4253 exp.
562 4189 641 4253 preb,
674 4190 821 4254 Morinen.,
851 4196 911 4247 967.

428 4272 611 4334 Erqueriaco,
628 4271 773 4334 Philippus
789 4273 833 4334 de,
846 4289 906 4326 can.
923 4274 1000 4336 preb.
1023 4276 1082 4329 Bel·

465 4368 571 4415 vacen,
597 4352 778 4413 Ambianen„
806 4352 971 4413 Atrebaten,
1000 4366 1026 4405 et
1054 4355 1081 4412 S,

470 4432 610 4495 Stephani
626 4432 755 4495 Trecen,
774 4450 835 4490 can,
853 4433 906 4485 suh
923 4451 984 4498 exp.
1004 4435 1081 4498 preb.

470 4513 590 4565 Remen.
611 4524 638 4566 et
659 4513 851 4577 Cameracen,
871 4519 913 4578 71,
932 4520 992 4570 968.

428 4594 546 4656 EsartiS,
573 4594 740 4646 Guillelmus
766 4594 810 4658 de,
835 4613 860 4648 v.
884 4595 1016 4653 Essartis.

427 4675 622 4739 Eseouelrinee,
642 4676 953 4739 Ecaussines-Lalaing.

426 4765 624 4822 Esoornalx,
656 4773 692 4807 en
720 4757 846 4810 {lamand
887 4767 1081 4825 Schoorlsse,

464 4837 606 4901 (Semnan,
627 4838 812 4901 Seornoeum),
835 4839 981 4902 Belgique,
1002 4856 1080 4905 prov.

465 4917 589 4970 Flandre
610 4917 727 4977 Orient„
750 4918 822 4974 dioc.
846 4919 986 4979 Cambrai,

429 5026 462 5034 -
486 4997 633 5062 Dominus,
657 4998 801 5061 Iohannes
824 5000 860 5051 de
881 4999 984 5053 Gavre.

429 5108 462 5115 -
483 5097 508 5129 v.
531 5078 672 5132 Scornaco
692 5080 757 5144 (de).

1730 711 1791 775 645

1176 874 1286 929 comitis
1308 873 1447 937 Forensis,
1470 888 1532 932 can,
1553 870 1607 924 sub
1630 887 1692 934 exp.
1713 869 1790 934 preb,

1180 956 1209 1010 S.
1231 955 1308 1009 Petri
1329 955 1365 1008 de
1388 954 1491 1016 Insula,
1512 957 1555 1010 17.

1140 1036 1250 1100 Essars,
1271 1035 1439 1090 Guillelmus
1458 1034 1502 1098 de,
1521 1051 1548 1086 v.
1565 1032 1697 1089 Essartis,

1140 1116 1310 1184 Essartellis,
1336 1114 1480 1169 Gerardus
1505 1113 1549 1179 de,
1574 1114 1640 1166 cler.
1666 1112 1790 1177 Roberti,

1179 1199 1255 1261 regis
1277 1196 1379 1266 Sicilie,
1404 1195 1494 1248 abbas
1515 1193 1649 1249 secularis
1670 1194 1738 1247 eccl.
1763 1193 1791 1249 S.

1181 1277 1297 1331 Martini
1314 1278 1352 1330 de
1370 1276 1483 1339 Ocram,
1502 1292 1564 1328 can.
1581 1274 1660 1338 preb,
1681 1275 1707 1326 S.
1726 1274 1791 1326 Dio·

1178 1358 1243 1414 nisii
1272 1358 1416 1421 Leodien,
1447 1373 1509 1414 can.
1538 1355 1591 1409 sub
1619 1373 1681 1418 exp.
1712 1355 1790 1419 preb.

1180 1440 1213 1494 B.
1241 1440 1333 1493 Marie
1360 1439 1398 1492 de
1424 1437 1517 1502 Hoyo,
1545 1442 1623 1495 1299.

1139 1521 1265 1574 Essartis
1279 1520 1405 1584 (Esartis,
1423 1518 1542 1581 Essem),
1561 1517 1729 1571 Guillelmus
1746 1517 1790 1579 de,

1179 1602 1280 1666 capell.
1299 1601 1374 1656 Petri
1402 1600 1430 1657 S.
1443 1600 1578 1652 ¹Susanne
1594 1598 1686 1662 presb.
1706 1598 1790 1660 card,

1179 1699 1242 1736 can.
1266 1682 1320 1735 sub
1345 1699 1408 1745 exp.
1432 1681 1511 1744 preb.
1534 1679 1701 1740 Tomacen.,
1728 1679 1791 1732 Car·

1175 1776 1270 1824 noteu,
1298 1773 1332 1826 pt
1362 1762 1525 1824 Abrincen,
1556 1764 1617 1823 423,
1650 1765 1727 1819 1107,

1141 1847 1272 1909 Essartis,
1292 1844 1459 1897 Vincentius
1479 1843 1524 1907 de,
1544 1858 1606 1895 can.
1625 1841 1703 1905 preb,
1725 1841 1791 1893 Tor-

1179 1942 1287 1989 nacen,
1313 1930 1375 1981 904.

1140 2007 1267 2072 Esseien,
1298 2006 1442 2069 Johannes
1473 2004 1518 2067 de,
1549 2002 1626 2056 iilius
1656 2002 1791 2055 naturalis

1179 2087 1315 2152 Johannis
1337 2087 1374 2150 ΙΙ,
1395 2084 1475 2139 ducis
1496 2084 1657 2149 Brabantie,
1676 2084 1792 2138 scolaris

1180 2169 1373 2229 cameracen,
1398 2172 1476 2224 1034.

1138 2260 1241 2307 Essen
1255 2247 1430 2313 (usuram),
1446 2248 1548 2301 Prusse
1559 2247 1706 2306 Rhenane,
1719 2248 1790 2304 dioc.

1180 2330 1317 2393 Cologne.

1141 2439 1174 2449 -
1194 2409 1365 2476 Capitulum,
1387 2414 1467 2467 1023.

1138 2497 1433 2550 Eettnn0··eu·vel
1471 2490 1607 2554 (Lettino
1637 2491 1669 2544 in
1699 2490 1791 2554 Valle),

1180 2572 1327 2637 Belgique,
1350 2588 1429 2637 prov.
1455 2570 1592 2637 Hainaut,
1615 2571 1688 2629 dioc.
1712 2571 1791 2633 Carn-

1176 2653 1249 2709 brai.

1140 2763 1173 2772 —
1193 2734 1300 2788 Rector
1318 2733 1448 2798 parroch.
1468 2734 1545 2800 eccl,
1564 2734 1708 2798 Johannes
1728 2733 1791 2786 Pre-

1178 2814 1271 2880 positi.
1599 2860 1602 2865 .

1139 2896 1255 2962 natm,
1277 2896 1556 2960 Bringhurst-Eston.

1139 2976 1334 3042 Estoutevilla,
1355 2976 1523 3031 Guillelmus
1543 2979 1587 3042 de,
1606 2978 1731 3031 decanus
1743 2979 1791 3030 Le·
1899 2987 1901 2990 ·

1178 3059 1298 3122 xovien,
1331 3075 1394 3116 can.
1427 3059 1505 3122 preb.
1538 3058 1730 3112 Constantien.
1764 3070 1790 3111 et

1180 3140 1208 3193 S.
1240 3138 1393 3203 Gaugerici
1425 3140 1617 3203 Cameracen,
1649 3145 1726 3196 1261.

1135 3224 1412 3278 notrae-Brennus
1435 3220 1573 3284 (10111001),
1593 3221 1709 3286 France,
1725 3220 1790 3284 dep.

1179 3300 1393 3365 Pas-de·Calais,
1423 3301 1496 3354 dioc.
1527 3301 1727 3358 Therouanne.

1140 3411 1173 3419 —
1194 3381 1335 3437 Fundatio
1356 3382 1513 3446 capellanie
1532 3383 1561 3437 in
1580 3383 1706 3447 ecclesia,
1729 3388 1791 3439 117.

1138 3463 1257 3530 Butram,
1283 3461 1530 3519 Estree-Blanche.

1137 3550 1297 3613 Etampes
1319 3544 1458 3610 (Stampe),
1479 3546 1595 3610 Franco,
1615 3545 1679 3609 dep.
1698 3546 1792 3600 Seine·

1180 3624 1294 3688 et-Oise,
1315 3625 1388 3678 dioc.
1408 3626 1488 3684 Sens.

1141 3734 1173 3742 -
1201 3706 1457 3761 Archidiaconatus
1486 3708 1515 3761 in
1543 3708 1611 3761 eccl.
1639 3708 1790 3773 Senonen„

1179 3804 1204 3840 v.
1224 3786 1305 3845 Sens.

1141 3897 1173 3903 -·
1196 3867 1280 3920 Eccl.'
1299 3861 1361 3926 coll,
1386 3870 1416 3922 B.
1440 3869 1540 3932 Marie,
1565 3898 1597 3907 -
1619 3887 1679 3922 can.
1703 3871 1790 3935 preb,

1181 3949 1316 4003 Nicolaus
1334 3950 1370 4002 de
1390 3950 1532 4004 Noisiaco.

1141 4029 1283 4093 Eugubio‚
1312 4031 1464 4092 Joachinus
1494 4032 1629 4094 Agurelle
1656 4033 1700 4094 de,
1729 4049 1790 4086 can.

1179 4110 1232 4162 sub
1256 4129 1319 4173 exp.
1343 4113 1421 4174 preb,
1444 4112 1596 4175 Tungren,
1622 4118 1698 4168 1607.

1141 4192 1283 4255 Eugubio,
1301 4192 1399 4244 Petrus
1416 4193 1460 4255 de,
1475 4193 1540 4246 cler.
1557 4193 1676 4246 Camere
1692 4206 1791 4262 apost„

1111 4269 1114 4288 ¹
1179 4284 1273 4326 custos
1298 4273 1424 4325 thesauri
1450 4275 1579 4326 Romane
1607 4274 1734 4328 Ecclesie
1764 4277 1792 4328 in

1181 4353 1294 4406 civitate
1314 4355 1421 4415 Assisii,
1444 4366 1542 4406 cantor
1562 4355 1710 4420 Morinen,
1730 4373 1791 4413 can.

1180 4433 1260 4496 preb.
1293 4433 1469 4498 Laudunen,
1502 4440 1563 4501 420,
1595 4440 1655 4490 430.

1141 4514 1309 4580 Eupalium,
1326 4514 1450 4569 Gubbio.

1142 4595 1227 4660 Eure,
1247 4597 1391 4658 Iohannes
1412 4598 1456 4659 de,
1476 4614 1537 4649 can.
1557 4598 1610 4650 sub
1632 4615 1694 4661 exp,
1714 4599 1791 4661 preb.

1182 4677 1214 4730 B.
1241 4677 1331 4731 Marie
1356 4677 1526 4743 trajecten„
1553 4678 1686 4731 Leodien.
1710 4680 1791 4740 dioc,

1182 4763 1261 4813 1523.

1142 4839 1312 4891 Eustachius
1329 4840 1365 4891 dc
1381 4841 1449 4902 hys.

1142 4919 1211 4983 Eva,
1230 4937 1299 4971 uxor
1314 4920 1434 4974 Walteri
1448 4921 1485 4972 de
1501 4922 1623 4987 Vertiox,
1641 4928 1702 4976 770.

1141 5000 1303 5052 Evcrardus
1325 5001 1361 5053 de
1385 5001 1479 5054 Cleve.

1141 5080 1302 5132 Everardus
1328 5081 1364 5133 de
1389 5082 1599 5136 Wildcshusen.

429 5160 603 5223 Escoyrello,
623 5160 767 5224 Johannes
789 5162 833 5228 de,
853 5163 918 5216 cler.
936 5163 1080 5231 JohanniS,
1109 5160 1112 5197 ¹
1135 5172 1244 5222 Evora
1272 5165 1427 5229 (nitorem,
1451 5164 1592 5227 portugal.
