4409 6017
923 734 1049 800 Sixilme
1069 731 1172 798 annin.

413 882 642 947 Attendentes
657 882 874 968 benignius..

413 984 493 1050 Dat.
509 985 609 1051 Arin.
627 1004 644 1071 5
661 985 705 1052 id.
722 986 874 1052 februarii
891 1007 981 1052 anno
999 991 1028 1053 6.

400 1114 465 1174 neg.
478 1116 524 1163 nv.
539 1117 575 1174 16,
588 1116 605 1163 r.
619 1117 677 1163 191v
690 1132 696 1173 ;
710 1116 767 1164 Vnt.
782 1118 820 1176 ra,
833 1118 850 1164 1.
865 1118 969 1175 157511.
983 1118 1038 1164 113.

415 1288 522 1349 1026.
554 1319 584 1327 -
608 1279 727 1346 Eidem
753 1280 941 1365 indulgetur
968 1287 1008 1345 ut
1034 1301 1091 1345 sex
1115 1277 1226 1345 clerici
1250 1276 1316 1342 suis
1338 1276 1506 1360 obsequiis
1528 1275 1729 1354 insistentes,

367 1383 528 1449 videlicet
544 1384 691 1469 magistri
706 1382 880 1461 Johannes
903 1383 945 1449 de
962 1383 1079 1465 Pratis,
1095 1382 1268 1461 Johannes
1295 1382 1337 1447 de
1360 1378 1484 1461 Buaco,
1499 1378 1519 1457 J
1523 1380 1673 1444 ohannes
1688 1377 1730 1443 de

367 1487 570 1568 Curvavilla,
587 1486 761 1564 Johannes
776 1487 818 1553 de
834 1486 921 1569 Bria,
939 1487 1135 1553 Lamfredus
1161 1486 1203 1552 de
1219 1486 1334 1552 Turno
1349 1494 1385 1551 et
1399 1484 1546 1563 Jacobus
1561 1483 1603 1548 de
1620 1482 1730 1548 Vado-

366 1592 511 1671 herbeti,
528 1592 653 1656 fructus
679 1612 813 1656 suorum
838 1592 1078 1658 beneficiorum
1111 1590 1155 1656 ad
1185 1589 1367 1655 triennium
1393 1592 1518 1673 absque
1551 1586 1729 1653 residentia

365 1695 541 1781 percipere
556 1697 701 1762 valeant.

414 1798 466 1865 Ut
481 1799 750 1864 benivolentie„.

413 1903 492 1970 Dat.
508 1903 607 1968 Avin.
627 1923 643 1988 5
661 1903 705 1970 id.
721 1904 873 1970 februarii
891 1925 981 1970 anno
999 1909 1027 1969 ό.

413 2006 454 2072 ln
470 2029 499 2072 e.
515 2029 560 2073 m.
577 2008 608 2074 S,
624 2009 763 2074 Auberti
780 2016 816 2074 et
831 2010 863 2074 S.
880 2009 1027 2095 Sepuleri
1046 2007 1339 2075 Cameracensium
1366 2005 1646 2073 monasteriorum
1671 2006 1727 2068 ab·

365 2112 503 2178 batibus
518 2120 553 2177 et
568 2112 808 2179 archidiacono
824 2111 1013 2180 Parisiensi.

403 2251 464 2312 neg.
477 2252 525 2299 nv.
538 2250 755 2310 16‚1.7lv;vat
770 2252 809 2309 ra,
821 2251 840 2301 f.
854 2252 908 2311 158,
920 2265 946 2300 n.
961 2252 1016 2301 415.

412 2431 520 2490 1027.
536 2463 574 2473 -
590 2421 710 2487 Eidem
721 2421 910 2507 indulgetur
919 2421 1060 2488 facultas
1076 2422 1235 2488 visitandi
1247 2442 1308 2508 per
1317 2419 1587 2488 alium'ecclesias
1600 2437 1731 2483 suarum

364 2527 516 2595 civitatis
531 2533 566 2591 et
581 2526 733 2608 diocesis,
750 2546 827 2592 cum
850 2547 912 2612 pro
933 2527 1077 2593 tuitione
1099 2535 1135 2592 et
1158 2526 1412 2593 conservatione
1435 2524 1558 2609 jurium
1592 2520 1731 2586 ecclesie

367 2630 622 2696 Cameracensis
659 2632 837 2696 nonnullas
870 2630 1063 2696 inimicitias
1095 2631 1268 2697 incurrerit
1293 2638 1328 2695 et
1354 2625 1555 2695 visitationis
1583 2625 1731 2692 officium

365 2740 495 2820 absque
511 2735 660 2821 corporis
675 2734 823 2821 periculo
838 2755 993 2801 exercere
1009 2756 1078 2801 non
1093 2734 1212 2822 possit.

414 2837 521 2904 Grata
544 2838 776 2905 devotionis...

414 2941 494 3009 Dat.
510 2940 611 3008 Avin.
629 2960 646 3027 5
664 2942 707 3009 id.
724 2942 875 3008 februarii
892 2963 984 3009 anno
1001 2946 1030 3009 6.

414 3048 456 3114 In
483 3068 512 3112 e.
537 3068 582 3112 m.
608 3047 639 3112 S.
664 3046 803 3113 Auberti
829 3055 863 3112 et
899 3047 930 3112 S.
956 3046 1104 3133 Sepulcri
1132 3045 1425 3112 Cameracensium
1449 3044 1731 3109 monasteriorum

364 3152 546 3219 abbatibus
561 3172 600 3217 ac
610 3151 847 3217 archidiacono
861 3150 1052 3216 Parisiensi.

401 3291 525 3351 Reg.1lv.
539 3292 576 3349 16,
589 3290 606 3337 l.
620 3293 665 3340 75:
680 3289 737 3337 Vat.
751 3291 789 3348 13,
802 3290 821 3339 i.
838 3291 902 3348 1581,
916 3290 1008 3337 11116.

416 3448 560 3531 1028.
1407 3486 1501 3548 1322,
1517 3488 1538 3552 9
1546 3466 1687 3553 savrier.

414 3566 579 3651 Magistro
591 3567 738 3646 Johanni
755 3568 798 3633 de
810 3568 938 3651 BriacO,
948 3568 1120 3655 utriusque
1126 3570 1208 3655 juris
1218 3569 1404 3658 professori,
1416 3570 1584 3636 confertur
1596 3569 1732 3635 canoni·

368 3679 465 3737 catus
480 3672 621 3737 ecclesie
638 3671 669 3738 S,
686 3670 859 3757 Gaugerici
876 3672 1127 3740 Cameracensis
1136 3675 1197 3741 sub
1213 3675 1449 3762 expectatione
1466 3674 1646 3761 prebende,
1662 3694 1730 3738 non

370 3777 529 3839 obstante
545 3775 636 3858 quod
652 3774 685 3839 in
703 3776 734 3840 S.
760 3776 850 3841 Petri
867 3777 909 3842 de
926 3775 1039 3842 insula
1064 3785 1099 3842 et
1115 3777 1146 3842 S.
1162 3776 1327 3855 Johannis
1350 3779 1392 3844 de
1410 3778 1571 3865 Nogento
1589 3779 1730 3844 Rotrodi

370 3878 520 3943 ecclesiis
535 3879 752 3945 canonicatus
768 3888 802 3945 et
818 3880 1016 3966 prebendas
1028 3900 1068 3946 ac
1083 3882 1326 3967 parrochialem
1349 3884 1525 3950 ecclesiam
1547 3884 1590 3949 de
1604 3882 1732 3947 Artinis

372 3991 404 4048 et
430 3990 648 4066 personatum
671 3983 714 4048 de
732 3983 940 4069 Hugnehies,
957 3984 1207 4051 Cameracensis
1222 3996 1245 4067 ⁶,
1261 3985 1483 4052 Tomacensis
1509 3996 1544 4052 et
1567 3986 1731 4051 Cenoma-

372 4086 483 4149 nensis
498 4084 679 4167 dioeesum,
695 4087 837 4169 obtinet,
850 4088 929 4154 licet
945 4087 987 4153 de
1002 4088 1095 4154 dicto
1111 4097 1292 4175 personatu
1308 4090 1427 4175 litiget.

414 4189 618 4255 Litterarum
634 4190 816 4255 scientia...
1258 4196 1259 4199 ’

416 4293 494 4357 Dat.
511 4293 610 4357 Avin.
629 4313 645 4377 5
664 4294 708 4359 id.
724 4294 877 4360 februarii
894 4316 984 4360 anno
1003 4301 1032 4361 6.

416 4396 456 4459 ln
482 4417 511 4459 e.
539 4417 584 4463 m.
609 4398 640 4461 S,
667 4399 807 4462 Auberti
835 4407 870 4464 et
898 4401 932 4466 S.
959 4400 1108 4486 Sepulcri
1136 4402 1427 4468 Cameracensium
1453 4404 1731 4468 monasteriorum

376 4500 552 4565 abbatibus
568 4521 607 4565 ac
621 4502 793 4587 preposito
811 4501 1022 4569 Maeliniensi
1038 4504 1098 4570 ὁ111
1115 4506 1256 4572 ecclesia
1273 4506 1461 4573 Leodiensi.

406 4638 466 4700 neg.
481 4640 529 4686 Av.
544 4642 580 4698 16,
593 4639 610 4687 i.
623 4642 671 4687 289
684 4655 689 4695 ;
704 4639 762 4689 Vnt.
778 4644 816 4700 73,
829 4643 848 4690 f.
864 4643 930 4697 1571,
944 4645 1036 4692 11411.

419 4813 560 4897 1029.
1387 4856 1481 4916 1322,
1502 4857 1540 4919 ¹4
1548 4838 1689 4923 fiturier.

417 4933 589 5018 Stephano
601 4934 643 4998 de
657 4933 768 5015 Ruffo,
781 4936 944 5001 canonico
955 4936 1170 5019 Tomacensi,
1186 4960 1347 5024 germano
1364 4940 1565 5024 Raymundi,
1583 4939 1733 5008 S.Marie

407 5180 431 5214 a.
447 5166 637 5215 Cameracensis
648 5183 758 5232 meaque
769 5184 820 5231 req.
841 5168 895 5218 Vut.
911 5197 942 5206 -
955 5169 976 5218 b.
989 5169 1154 5219 Mucluriensi
1168 5185 1219 5234 rep.
