4409 6017
952 736 1121 819 cinquime
1141 741 1243 810 anuto.
1712 754 1774 820 888

456 883 575 969 995.
1467 903 1727 991 '1321,10aodt.

458 1004 674 1090 Engelberto,
690 1016 773 1074 nato
799 1014 903 1080 comit
905 1014 933 1080 is
889 1016 999 1082 tde
1020 1018 1172 1105 Marcha,
1189 1024 1358 1091 confertur
1381 1027 1602 1092 canonicatus
1628 1027 1769 1093 ecclesie

412 1106 610 1175 Leodiensis
633 1113 693 1176 sub
710 1116 946 1200 expectatione
972 1126 1153 1211 prebende,
1177 1148 1247 1193 non
1271 1131 1429 1195 obstante
1456 1130 1579 1215 quod
1570 1151 1604 1195 rn
1629 1132 1770 1254 ecclesia

410 1212 607 1279 Coloniensi
624 1217 862 1285 canonicatum
877 1229 912 1287 et
934 1228 1141 1310 prebendam
1157 1232 1299 1299 obtinet.

456 1319 548 1383 Dum
565 1319 814 1387 conditiones..

456 1424 537 1490 Dat.
552 1424 653 1490 Avin.
669 1446 689 1509 4
706 1425 750 1491 id.
765 1429 896 1513 augusti
911 1449 1002 1496 anno
1021 1450 1049 1517 5.

456 1527 498 1593 In
513 1549 543 1595 e.
559 1550 604 1595 m.
619 1530 732 1596 abbati
748 1533 941 1599 monasterii
968 1534 999 1601 S.
1015 1534 1133 1613 Jacobi
1157 1547 1191 1604 et
1218 1539 1350 1607 decano
1374 1542 1405 1609 S.
1421 1542 1441 1621 J
1444 1544 1589 1613 ohannis
1604 1546 1770 1614 Leodien-

409 1634 553 1714 siumac
569 1635 728 1720 magistro
750 1635 878 1705 Buzolo
893 1640 935 1706 de
952 1640 1081 1723 Parma,
1108 1645 1273 1712 canonico
1296 1644 1518 1716 Tomacensis
1544 1653 1770 1739 ecclesiarum,

409 1757 499 1824 pape
515 1740 690 1826 capellano
707 1740 764 1824 (¹).

444 1877 506 1938 Reg.
521 1878 568 1927 Ar.
585 1880 624 1937 15,
638 1880 729 1927 1333*
743 1895 748 1934 ;
762 1878 821 1928 Vat.
840 1882 880 1939 72,
894 1880 912 1928 1.
927 1882 984 1939 237,
996 1896 1021 1930 n.
1040 1883 1110 1931 1442.

455 2162 614 2248 Philippo
643 2161 756 2244 Bruni,
783 2164 825 2230 de
852 2165 964 2231 soluto
989 2167 1105 2251 genito
1138 2177 1173 2233 et
1197 2172 1317 2253 soluta,
1344 2076 1771 2262 conceditjuerldlisopcdirglatrtio

409 2288 511 2352 super
521 2267 656 2334 defectu
668 2269 840 2350 natalium,
853 2278 890 2334 ut
906 2290 982 2335 cum
998 2272 1200 2339 canonicatu
1215 2283 1250 2340 et
1265 2278 1436 2362 prebenda
1451 2280 1591 2346 ecclesie
1608 2281 1639 2346 S.
1657 2281 1772 2348 Crucis

410 2371 619 2454 Leodiensis,
644 2393 727 2457 quos
754 2372 868 2458 vigore
883 2375 1001 2460 prioris
1016 2376 1275 2463 dispensationis
1301 2382 1443 2465 obtinet,
1459 2384 1549 2450 aliud
1568 2388 1771 2454 beneficium

407 2478 560 2563 recipere
574 2479 697 2544 valeat.

455 2576 635 2663 Illegitime
650 2578 823 2664 genitos...

454 2682 536 2749 Dat.
552 2684 652 2749 Avin.
668 2706 688 2769 4
704 2684 748 2751 id.
764 2685 894 2771 augusti
910 2705 1001 2751 anno
1019 2704 1048 2771 5.

444 2822 505 2884 neg.
520 2823 568 2871 nv.
584 2825 623 2884 15,
637 2823 656 2873 f.
671 2824 730 2871 esu
742 2841 749 2882 ;
762 2823 821 2873 vu.
838 2827 878 2883 ra,
892 2825 910 2874 f.
925 2825 982 2885 ers,
997 2838 1022 2874 n.
1040 2826 1111 2874 1479.

455 2987 572 3071 997.
1471 3027 1565 3091 1321,
1582 3025 1622 3089 17
1639 3010 1727 3071 aeut.
1744 3004 1746 3008 ’

456 3108 622 3176 Riccardo
637 3109 679 3174 de
694 3109 867 3176 Anibaldis
883 3110 925 3175 de
942 3109 1035 3176 Urbe
1050 3119 1239 3177 reservatur
1253 3111 1400 3201 dignitas
1422 3132 1480 3177 seu
1505 3119 1703 3199 personatus
1717 3110 1771 3174 vel

408 3214 561 3280 officium
578 3214 612 3278 in
627 3214 769 3280 ecclesia
787 3214 955 3297 Remensi‚
971 3236 1040 3281 non
1055 3219 1213 3282 obstante
1228 3216 1320 3301 quod
1335 3217 1369 3281 in
1385 3216 1504 3283 eadem
1530 3238 1569 3283 ac
1586 3216 1619 3281 in
1637 3214 1770 3280 Lincol-

407 3319 528 3400 mensi,
543 3318 773 3399 Ambianensi‚
800 3317 1046 3400 Cameracensi,
1071 3319 1275 3386 Tornacensi
1304 3328 1340 3385 et
1370 3319 1590 3388 Lateranensi
1621 3320 1771 3387 ecclesiis

409 3422 631 3492 canonicatus
647 3431 681 3487 et
697 3423 884 3508 prebendas
900 3422 1041 3489 obtinet.

455 3528 547 3593 Dum
563 3526 815 3593 conditiones...

455 3635 534 3698 Dat.
547 3633 647 3699 Avin.
668 3637 705 3696 16
721 3630 787 3697 kal.
804 3630 1003 3717 septembris
1018 3650 1109 3695 anno
1126 3648 1155 3713 5.

454 3737 496 3803 in
513 3758 542 3803 e.
558 3759 602 3803 m.
620 3735 835 3822 Neapoleoni
851 3735 893 3801 de
911 3734 985 3799 filiis
1002 3732 1091 3814 Ursi,
1107 3732 1345 3798 archidiacono
1361 3734 1403 3799 de
1419 3733 1595 3820 Campinia
1611 3737 1645 3800 in
1663 3735 1769 3802 eccle-

409 3844 458 3909 sia
473 3842 663 3923 Leodiensi,
679 3862 766 3928 pape
782 3840 923 3921 notario,
940 3847 975 3903 et
990 3838 1021 3904 S.
1039 3836 1166 3903 Nicasii
1184 3836 1360 3903 Remensis
1385 3858 1425 3904 ac
1452 3839 1483 3904 S.
1500 3840 1585 3905 Sabe
1610 3840 1652 3905 de
1674 3840 1769 3906 Urbe

409 3948 690 4014 monasteriorum
707 3946 892 4013 abbatibus.

443 4088 503 4148 Reg.
519 4088 566 4136 Av.
584 4089 622 4145 15,
636 4088 654 4135 f.
670 4087 733 4135 365:
748 4084 805 4133 Vnt.
822 4086 894 4143 72,1.
911 4084 966 4142 194,
982 4097 1006 4130 n.
1027 4083 1097 4132 1304.

452 4256 571 4342 998.
1388 4284 1483 4347 1321,
1498 4284 1518 4328 r
1534 4264 1725 4351 septembre.

453 4379 587 4445 Buxolo
601 4377 643 4442 de
660 4375 790 4453 Parma,
802 4393 889 4459 pape
902 4371 1087 4457 capellano,
1096 4377 1283 4435 reservatur
1292 4369 1504 4450 beneficium,
1515 4369 1618 4434 etiam
1627 4368 1653 4433 si
1664 4366 1769 4452 digni-

409 4496 463 4550 tas
478 4484 533 4549 vel
549 4489 747 4568 personatus
763 4498 822 4543 seu
837 4476 984 4542 officium
1001 4473 1109 4554 fuerit,
1125 4473 1168 4538 ad
1183 4474 1399 4539 collationem
1415 4473 1563 4559 episcopi
1580 4480 1615 4536 et
1631 4470 1768 4556 capituli

410 4585 643 4666 Tornacensis,
660 4604 728 4648 non
750 4583 905 4648 obstante
930 4579 1021 4664 quod
1047 4578 1081 4643 in
1105 4576 1323 4658 Tornacensi,
1340 4574 1547 4657 Belvacensi,
1573 4573 1769 4655 Veronensi,

413 4691 600 4758 Mantuana
615 4696 649 4754 et
665 4688 696 4753 S.
715 4685 823 4751 Marie
840 4683 978 4769 Majoris
994 4682 1215 4748 Bononiensis
1231 4681 1449 4748 canonicatus
1474 4689 1508 4745 et
1523 4679 1709 4765 prebendas
1731 4698 1770 4743 ac

413 4795 656 4882 preposituram
684 4792 717 4855 in
745 4790 816 4876 ipsa
847 4787 1032 4854 Mantuana
1059 4786 1209 4852 ecclesiis
1235 4785 1377 4867 obtinet,
1402 4805 1502 4869 quam
1528 4783 1770 4869 preposituram

416 4900 583 4966 dimittere
598 4895 777 4962 tenebitur.

452 5195 471 5241 l.
485 5190 632 5246 Saucrlnnd,
645 5203 670 5236 n.
683 5191 737 5237 579.
749 5203 810 5236 avec
823 5188 848 5235 la
859 5188 919 5235 date
930 5187 1049 5233 inexacte
1059 5184 1095 5231 du
1109 5185 1139 5231 18
1149 5184 1220 5232 cont.
