<?xml version="1.0" encoding="UTF-8"?>
<!DOCTYPE html PUBLIC "-//W3C//DTD XHTML 1.0 Transitional//EN"
    "http://www.w3.org/TR/xhtml1/DTD/xhtml1-transitional.dtd">
<html xmlns="http://www.w3.org/1999/xhtml" xml:lang="en" lang="en">
 <head>
  <title>
</title>
<meta http-equiv="Content-Type" content="text/html;charset=utf-8" />
  <meta name='ocr-system' content='tesseract 3.04.00' />
  <meta name='ocr-capabilities' content='ocr_page ocr_carea ocr_par ocr_line ocrx_word'/>
</head>
<body>
  <div class='ocr_page' id='page_1' title='image "./lettresdejeanxx00xxiigoog_0223.png"; bbox 0 0 4409 6017; ppageno 0'>
   <div class='ocr_carea' id='block_1_1' title="bbox 943 716 1761 785">
    <p class='ocr_par' dir='ltr' id='par_1_1' title="bbox 943 716 1761 785">
     <span class='ocr_line' id='line_1_1' title="bbox 943 716 1761 785; baseline -0.001 -1"><span class='ocrx_word' id='word_1_1' title='bbox 943 717 1091 785; x_wconf 76' lang='lat' dir='ltr'>Premilre</span> <span class='ocrx_word' id='word_1_2' title='bbox 1111 719 1213 785; x_wconf 66' lang='lat' dir='ltr'>annu.</span> <span class='ocrx_word' id='word_1_3' title='bbox 1704 716 1761 784; x_wconf 79' lang='lat'>137</span> 
     </span>
    </p>
   </div>
   <div class='ocr_carea' id='block_1_2' title="bbox 420 862 1763 1053">
    <p class='ocr_par' dir='ltr' id='par_1_2' title="bbox 420 862 1763 1053">
     <span class='ocr_line' id='line_1_2' title="bbox 455 862 1763 952; baseline 0.002 -24"><span class='ocrx_word' id='word_1_4' title='bbox 455 862 489 928; x_wconf 94' lang='lat' dir='ltr'>In</span> <span class='ocrx_word' id='word_1_5' title='bbox 512 885 542 930; x_wconf 89' lang='lat' dir='ltr'>e.</span> <span class='ocrx_word' id='word_1_6' title='bbox 567 885 613 929; x_wconf 91' lang='lat' dir='ltr'>m.</span> <span class='ocrx_word' id='word_1_7' title='bbox 638 864 797 949; x_wconf 86' lang='lat' dir='ltr'>magistro</span> <span class='ocrx_word' id='word_1_8' title='bbox 818 864 996 933; x_wconf 88' lang='lat' dir='ltr'>Leonardo</span> <span class='ocrx_word' id='word_1_9' title='bbox 1020 867 1063 933; x_wconf 93' lang='lat' dir='ltr'>de</span> <span class='ocrx_word' id='word_1_10' title='bbox 1088 867 1266 949; x_wconf 89' lang='lat' dir='ltr'>Guarcino,</span> <span class='ocrx_word' id='word_1_11' title='bbox 1293 867 1499 933; x_wconf 89' lang='lat' dir='ltr'>thesaurario</span> <span class='ocrx_word' id='word_1_12' title='bbox 1529 864 1763 952; x_wconf 75' lang='lat' dir='ltr'>LingonensiS,</span> 
     </span>
     <span class='ocr_line' id='line_1_3' title="bbox 420 967 1573 1053; baseline 0.004 -22"><span class='ocrx_word' id='word_1_13' title='bbox 420 986 490 1053; x_wconf 89' lang='lat' dir='ltr'>pape</span> <span class='ocrx_word' id='word_1_14' title='bbox 505 968 650 1049; x_wconf 90' lang='lat' dir='ltr'>notari0,</span> <span class='ocrx_word' id='word_1_15' title='bbox 667 976 701 1033; x_wconf 91' lang='lat' dir='ltr'>et</span> <span class='ocrx_word' id='word_1_16' title='bbox 716 967 846 1034; x_wconf 90' lang='lat' dir='ltr'>decano</span> <span class='ocrx_word' id='word_1_17' title='bbox 863 990 902 1036; x_wconf 89' lang='lat' dir='ltr'>ac</span> <span class='ocrx_word' id='word_1_18' title='bbox 918 972 1094 1037; x_wconf 90' lang='lat' dir='ltr'>scolastico</span> <span class='ocrx_word' id='word_1_19' title='bbox 1109 971 1331 1038; x_wconf 87' lang='lat' dir='ltr'>Tomacensis</span> <span class='ocrx_word' id='word_1_20' title='bbox 1346 971 1573 1038; x_wconf 90' lang='lat' dir='ltr'>ecclesiarum.</span> 
     </span>
    </p>
   </div>
   <div class='ocr_carea' id='block_1_3' title="bbox 440 1114 1077 1177">
    <p class='ocr_par' dir='ltr' id='par_1_3' title="bbox 440 1114 1077 1177">
     <span class='ocr_line' id='line_1_4' title="bbox 440 1114 1077 1177; baseline 0.009 -16"><span class='ocrx_word' id='word_1_21' title='bbox 440 1114 496 1174; x_wconf 73' lang='lat' dir='ltr'>Bag.</span> <span class='ocrx_word' id='word_1_22' title='bbox 509 1118 559 1165; x_wconf 81' lang='lat' dir='ltr'>Ar.</span> <span class='ocrx_word' id='word_1_23' title='bbox 573 1116 596 1173; x_wconf 83' lang='lat'>7,</span> <span class='ocrx_word' id='word_1_24' title='bbox 609 1114 627 1163; x_wconf 86' lang='lat' dir='ltr'>f.</span> <span class='ocrx_word' id='word_1_25' title='bbox 640 1115 716 1172; x_wconf 76' lang='lat'>186&#39;;</span> <span class='ocrx_word' id='word_1_26' title='bbox 734 1115 793 1163; x_wconf 80' lang='lat' dir='ltr'>Vat.</span> <span class='ocrx_word' id='word_1_27' title='bbox 805 1116 843 1175; x_wconf 83' lang='grc'>66,</span> <span class='ocrx_word' id='word_1_28' title='bbox 855 1115 874 1165; x_wconf 78' lang='lat' dir='ltr'>f.</span> <span class='ocrx_word' id='word_1_29' title='bbox 888 1118 954 1177; x_wconf 78' lang='lat'>187&#39;,</span> <span class='ocrx_word' id='word_1_30' title='bbox 965 1132 991 1168; x_wconf 88' lang='lat' dir='ltr'>n.</span> <span class='ocrx_word' id='word_1_31' title='bbox 1006 1120 1077 1168; x_wconf 76' lang='lat'>3699.</span> 
     </span>
    </p>
   </div>
   <div class='ocr_carea' id='block_1_4' title="bbox 446 1304 1719 1411">
    <p class='ocr_par' dir='ltr' id='par_1_4' title="bbox 446 1304 1719 1411">
     <span class='ocr_line' id='line_1_5' title="bbox 446 1304 1719 1411; baseline -0.001 -20"><span class='ocrx_word' id='word_1_32' title='bbox 446 1304 699 1391; x_wconf 73' lang='lat' dir='ltr'>soa-395.</span> <span class='ocrx_word' id='word_1_33' title='bbox 1434 1342 1528 1410; x_wconf 62' lang='lat'><em>1317,</em></span> <span class='ocrx_word' id='word_1_34' title='bbox 1544 1323 1719 1411; x_wconf 54' lang='grc'>296666.</span> 
     </span>
    </p>
   </div>
   <div class='ocr_carea' id='block_1_5' title="bbox 403 1422 1767 2444">
    <p class='ocr_par' dir='ltr' id='par_1_5' title="bbox 403 1422 1765 2034">
     <span class='ocr_line' id='line_1_6' title="bbox 448 1422 1763 1508; baseline 0.002 -19"><span class='ocrx_word' id='word_1_35' title='bbox 448 1422 615 1508; x_wconf 85' lang='lat' dir='ltr'>Magistro</span> <span class='ocrx_word' id='word_1_36' title='bbox 630 1423 649 1501; x_wconf 89' lang='lat' dir='ltr'>J</span> <span class='ocrx_word' id='word_1_37' title='bbox 653 1422 777 1489; x_wconf 89' lang='lat' dir='ltr'>ohanni</span> <span class='ocrx_word' id='word_1_38' title='bbox 794 1423 946 1491; x_wconf 87' lang='lat' dir='ltr'>Balcardi</span> <span class='ocrx_word' id='word_1_39' title='bbox 962 1428 1132 1495; x_wconf 84' lang='lat' dir='ltr'>confertur</span> <span class='ocrx_word' id='word_1_40' title='bbox 1147 1430 1363 1495; x_wconf 84' lang='lat' dir='ltr'><strong>canonicatus</strong></span> <span class='ocrx_word' id='word_1_41' title='bbox 1379 1430 1519 1497; x_wconf 83' lang='lat' dir='ltr'>ecclesie</span> <span class='ocrx_word' id='word_1_42' title='bbox 1535 1429 1566 1495; x_wconf 84' lang='lat' dir='ltr'>S.</span> <span class='ocrx_word' id='word_1_43' title='bbox 1580 1428 1763 1494; x_wconf 91' lang='lat' dir='ltr'>Donatiani</span> 
     </span>
     <span class='ocr_line' id='line_1_7' title="bbox 404 1525 1763 1619; baseline 0.004 -27"><span class='ocrx_word' id='word_1_44' title='bbox 404 1525 595 1613; x_wconf 88' lang='lat' dir='ltr'>Bmgensis,</span> <span class='ocrx_word' id='word_1_45' title='bbox 607 1526 829 1595; x_wconf 91' lang='lat' dir='ltr'>Tomacensis</span> <span class='ocrx_word' id='word_1_46' title='bbox 843 1528 993 1611; x_wconf 89' lang='lat' dir='ltr'>diocesis,</span> <span class='ocrx_word' id='word_1_47' title='bbox 1009 1535 1069 1598; x_wconf 93' lang='lat' dir='ltr'>sub</span> <span class='ocrx_word' id='word_1_48' title='bbox 1086 1533 1322 1619; x_wconf 84' lang='lat' dir='ltr'>expectatione</span> <span class='ocrx_word' id='word_1_49' title='bbox 1337 1532 1516 1619; x_wconf 88' lang='lat' dir='ltr'>prebende,</span> <span class='ocrx_word' id='word_1_50' title='bbox 1527 1554 1596 1597; x_wconf 92' lang='lat' dir='ltr'>non</span> <span class='ocrx_word' id='word_1_51' title='bbox 1607 1534 1763 1598; x_wconf 90' lang='lat' dir='ltr'>obstante</span> 
     </span>
     <span class='ocr_line' id='line_1_8' title="bbox 403 1629 1763 1716; baseline 0.004 -22"><span class='ocrx_word' id='word_1_52' title='bbox 403 1631 495 1716; x_wconf 90' lang='lat' dir='ltr'>quod</span> <span class='ocrx_word' id='word_1_53' title='bbox 511 1631 545 1695; x_wconf 93' lang='lat' dir='ltr'>in</span> <span class='ocrx_word' id='word_1_54' title='bbox 563 1631 595 1696; x_wconf 86' lang='lat' dir='ltr'>S.</span> <span class='ocrx_word' id='word_1_55' title='bbox 612 1629 720 1697; x_wconf 90' lang='lat' dir='ltr'>Marie</span> <span class='ocrx_word' id='word_1_56' title='bbox 736 1631 914 1716; x_wconf 86' lang='lat' dir='ltr'>Brugensis</span> <span class='ocrx_word' id='word_1_57' title='bbox 929 1634 1145 1716; x_wconf 89' lang='lat' dir='ltr'>scolastriam,</span> <span class='ocrx_word' id='word_1_58' title='bbox 1162 1644 1197 1701; x_wconf 92' lang='lat' dir='ltr'>et</span> <span class='ocrx_word' id='word_1_59' title='bbox 1223 1636 1255 1701; x_wconf 90' lang='lat' dir='ltr'>in</span> <span class='ocrx_word' id='word_1_60' title='bbox 1282 1636 1400 1703; x_wconf 89' lang='lat' dir='ltr'>eadem</span> <span class='ocrx_word' id='word_1_61' title='bbox 1416 1658 1455 1703; x_wconf 92' lang='lat' dir='ltr'>ac</span> <span class='ocrx_word' id='word_1_62' title='bbox 1471 1638 1504 1702; x_wconf 92' lang='lat' dir='ltr'>in</span> <span class='ocrx_word' id='word_1_63' title='bbox 1521 1637 1552 1702; x_wconf 86' lang='lat' dir='ltr'>S.</span> <span class='ocrx_word' id='word_1_64' title='bbox 1570 1635 1655 1701; x_wconf 88' lang='lat' dir='ltr'>Piati</span> <span class='ocrx_word' id='word_1_65' title='bbox 1672 1636 1763 1701; x_wconf 87' lang='lat' dir='ltr'>Sicli-</span> 
     </span>
     <span class='ocr_line' id='line_1_9' title="bbox 403 1735 1765 1819; baseline 0.003 -20"><span class='ocrx_word' id='word_1_66' title='bbox 403 1735 530 1800; x_wconf 89' lang='lat' dir='ltr'>niensis</span> <span class='ocrx_word' id='word_1_67' title='bbox 545 1755 587 1801; x_wconf 93' lang='lat' dir='ltr'>ac</span> <span class='ocrx_word' id='word_1_68' title='bbox 601 1735 795 1802; x_wconf 85' lang='lat' dir='ltr'>Andanensi</span> <span class='ocrx_word' id='word_1_69' title='bbox 812 1738 969 1819; x_wconf 87' lang='lat' dir='ltr'>ecclesiis,</span> <span class='ocrx_word' id='word_1_70' title='bbox 985 1737 1206 1805; x_wconf 87' lang='lat' dir='ltr'>Tomacensis</span> <span class='ocrx_word' id='word_1_71' title='bbox 1222 1748 1256 1806; x_wconf 90' lang='lat' dir='ltr'>et</span> <span class='ocrx_word' id='word_1_72' title='bbox 1269 1740 1464 1807; x_wconf 89' lang='lat' dir='ltr'>Leodiensis</span> <span class='ocrx_word' id='word_1_73' title='bbox 1474 1741 1654 1819; x_wconf 90' lang='lat' dir='ltr'>diocesum,</span> <span class='ocrx_word' id='word_1_74' title='bbox 1665 1759 1765 1804; x_wconf 89' lang='lat' dir='ltr'>cano·</span> 
     </span>
     <span class='ocr_line' id='line_1_10' title="bbox 403 1841 1765 1926; baseline 0.003 -22"><span class='ocrx_word' id='word_1_75' title='bbox 403 1841 537 1906; x_wconf 91' lang='lat' dir='ltr'>nicatus</span> <span class='ocrx_word' id='word_1_76' title='bbox 567 1848 602 1904; x_wconf 91' lang='lat' dir='ltr'>et</span> <span class='ocrx_word' id='word_1_77' title='bbox 632 1841 819 1926; x_wconf 88' lang='lat' dir='ltr'>prebendas</span> <span class='ocrx_word' id='word_1_78' title='bbox 849 1842 990 1922; x_wconf 91' lang='lat' dir='ltr'>obtinet,</span> <span class='ocrx_word' id='word_1_79' title='bbox 1021 1851 1055 1907; x_wconf 87' lang='lat' dir='ltr'>et</span> <span class='ocrx_word' id='word_1_80' title='bbox 1083 1844 1113 1908; x_wconf 92' lang='lat' dir='ltr'>ei</span> <span class='ocrx_word' id='word_1_81' title='bbox 1139 1845 1257 1910; x_wconf 91' lang='lat' dir='ltr'>eodem</span> <span class='ocrx_word' id='word_1_82' title='bbox 1280 1845 1334 1911; x_wconf 92' lang='lat' dir='ltr'>die</span> <span class='ocrx_word' id='word_1_83' title='bbox 1350 1845 1392 1910; x_wconf 91' lang='lat' dir='ltr'>de</span> <span class='ocrx_word' id='word_1_84' title='bbox 1409 1844 1609 1911; x_wconf 82' lang='lat' dir='ltr'>canonicatu</span> <span class='ocrx_word' id='word_1_85' title='bbox 1625 1843 1765 1909; x_wconf 89' lang='lat' dir='ltr'>ecclesie</span> 
     </span>
     <span class='ocr_line' id='line_1_11' title="bbox 403 1943 1437 2034; baseline 0.004 -25"><span class='ocrx_word' id='word_1_86' title='bbox 403 1943 661 2009; x_wconf 88' lang='lat' dir='ltr'>Cameracensis</span> <span class='ocrx_word' id='word_1_87' title='bbox 676 1947 735 2009; x_wconf 93' lang='lat' dir='ltr'>sub</span> <span class='ocrx_word' id='word_1_88' title='bbox 752 1946 987 2031; x_wconf 83' lang='lat' dir='ltr'>expectatione</span> <span class='ocrx_word' id='word_1_89' title='bbox 1003 1948 1174 2033; x_wconf 89' lang='lat' dir='ltr'>prebende</span> <span class='ocrx_word' id='word_1_90' title='bbox 1190 1950 1359 2034; x_wconf 87' lang='lat' dir='ltr'>provisum</span> <span class='ocrx_word' id='word_1_91' title='bbox 1376 1957 1437 2015; x_wconf 92' lang='lat' dir='ltr'>est.</span> 
     </span>
    </p>

    <p class='ocr_par' dir='ltr' id='par_1_6' title="bbox 448 2038 1326 2116">
     <span class='ocr_line' id='line_1_12' title="bbox 448 2038 1326 2116; baseline 0.001 -1"><span class='ocrx_word' id='word_1_92' title='bbox 448 2050 654 2115; x_wconf 88' lang='lat' dir='ltr'>Litterarum</span> <span class='ocrx_word' id='word_1_93' title='bbox 669 2050 847 2116; x_wconf 88' lang='lat' dir='ltr'>scientia...</span> <span class='ocrx_word' id='word_1_94' title='bbox 1323 2038 1326 2044; x_wconf 44' lang='lat'><strong>⁴</strong></span> 
     </span>
    </p>

    <p class='ocr_par' dir='ltr' id='par_1_7' title="bbox 450 2154 1065 2243">
     <span class='ocr_line' id='line_1_13' title="bbox 450 2154 1065 2243; baseline 0.005 -22"><span class='ocrx_word' id='word_1_95' title='bbox 450 2157 530 2222; x_wconf 89' lang='lat' dir='ltr'>Dat.</span> <span class='ocrx_word' id='word_1_96' title='bbox 545 2155 646 2221; x_wconf 81' lang='lat' dir='ltr'>Avin.</span> <span class='ocrx_word' id='word_1_97' title='bbox 663 2179 683 2240; x_wconf 84' lang='lat'><strong>4</strong></span> <span class='ocrx_word' id='word_1_98' title='bbox 699 2154 765 2221; x_wconf 86' lang='lat' dir='ltr'>kal.</span> <span class='ocrx_word' id='word_1_99' title='bbox 782 2159 911 2243; x_wconf 84' lang='lat' dir='ltr'>augusti</span> <span class='ocrx_word' id='word_1_100' title='bbox 928 2180 1018 2225; x_wconf 92' lang='lat' dir='ltr'>anno</span> <span class='ocrx_word' id='word_1_101' title='bbox 1038 2180 1065 2224; x_wconf 92' lang='lat'>1.</span> 
     </span>
    </p>

    <p class='ocr_par' dir='ltr' id='par_1_8' title="bbox 409 2259 1767 2444">
     <span class='ocr_line' id='line_1_14' title="bbox 451 2259 1767 2351; baseline 0.002 -26"><span class='ocrx_word' id='word_1_102' title='bbox 451 2260 491 2325; x_wconf 92' lang='lat' dir='ltr'>In</span> <span class='ocrx_word' id='word_1_103' title='bbox 508 2282 539 2325; x_wconf 92' lang='lat' dir='ltr'>e.</span> <span class='ocrx_word' id='word_1_104' title='bbox 555 2281 601 2324; x_wconf 91' lang='lat' dir='ltr'>m.</span> <span class='ocrx_word' id='word_1_105' title='bbox 612 2259 772 2344; x_wconf 84' lang='lat' dir='ltr'>magistro</span> <span class='ocrx_word' id='word_1_106' title='bbox 786 2261 962 2329; x_wconf 91' lang='lat' dir='ltr'>Leonardo</span> <span class='ocrx_word' id='word_1_107' title='bbox 972 2265 1014 2331; x_wconf 94' lang='lat' dir='ltr'>de</span> <span class='ocrx_word' id='word_1_108' title='bbox 1027 2263 1204 2346; x_wconf 90' lang='lat' dir='ltr'>Guarcino,</span> <span class='ocrx_word' id='word_1_109' title='bbox 1217 2265 1422 2332; x_wconf 86' lang='lat' dir='ltr'>thesaurario</span> <span class='ocrx_word' id='word_1_110' title='bbox 1435 2263 1664 2351; x_wconf 87' lang='lat' dir='ltr'>Lingonensis,</span> <span class='ocrx_word' id='word_1_111' title='bbox 1680 2283 1767 2349; x_wconf 90' lang='lat' dir='ltr'>pape</span> 
     </span>
     <span class='ocr_line' id='line_1_15' title="bbox 409 2361 1465 2444; baseline 0.006 -15"><span class='ocrx_word' id='word_1_112' title='bbox 409 2365 551 2444; x_wconf 87' lang='lat' dir='ltr'>notario,</span> <span class='ocrx_word' id='word_1_113' title='bbox 568 2372 604 2428; x_wconf 93' lang='lat' dir='ltr'>et</span> <span class='ocrx_word' id='word_1_114' title='bbox 616 2361 746 2431; x_wconf 92' lang='lat' dir='ltr'>decano</span> <span class='ocrx_word' id='word_1_115' title='bbox 762 2386 801 2432; x_wconf 91' lang='lat' dir='ltr'>ac</span> <span class='ocrx_word' id='word_1_116' title='bbox 816 2367 992 2433; x_wconf 92' lang='lat' dir='ltr'>scolastico</span> <span class='ocrx_word' id='word_1_117' title='bbox 1004 2367 1227 2436; x_wconf 90' lang='lat' dir='ltr'>Tomacensis</span> <span class='ocrx_word' id='word_1_118' title='bbox 1242 2370 1465 2437; x_wconf 88' lang='lat' dir='ltr'>ecclesiarum.</span> 
     </span>
    </p>
   </div>
   <div class='ocr_carea' id='block_1_6' title="bbox 441 2502 1038 2563">
    <p class='ocr_par' dir='ltr' id='par_1_9' title="bbox 441 2502 1038 2563">
     <span class='ocr_line' id='line_1_16' title="bbox 441 2502 1038 2563; baseline 0 -11"><span class='ocrx_word' id='word_1_119' title='bbox 441 2504 501 2563; x_wconf 61' lang='lat' dir='ltr'>neg.</span> <span class='ocrx_word' id='word_1_120' title='bbox 516 2506 563 2552; x_wconf 78' lang='lat' dir='ltr'>xv.</span> <span class='ocrx_word' id='word_1_121' title='bbox 575 2504 596 2561; x_wconf 80' lang='lat'>7,</span> <span class='ocrx_word' id='word_1_122' title='bbox 606 2502 624 2550; x_wconf 85' lang='lat' dir='ltr'>r.</span> <span class='ocrx_word' id='word_1_123' title='bbox 640 2505 695 2554; x_wconf 77' lang='lat' dir='ltr'>ror:</span> <span class='ocrx_word' id='word_1_124' title='bbox 709 2502 766 2550; x_wconf 70' lang='lat' dir='ltr'>va.</span> <span class='ocrx_word' id='word_1_125' title='bbox 780 2504 818 2562; x_wconf 87' lang='grc'>66,</span> <span class='ocrx_word' id='word_1_126' title='bbox 831 2504 849 2551; x_wconf 82' lang='lat' dir='ltr'>r.</span> <span class='ocrx_word' id='word_1_127' title='bbox 863 2503 916 2563; x_wconf 81' lang='grc'>166,</span> <span class='ocrx_word' id='word_1_128' title='bbox 929 2517 954 2552; x_wconf 83' lang='lat' dir='ltr'>n.</span> <span class='ocrx_word' id='word_1_129' title='bbox 967 2505 1038 2552; x_wconf 77' lang='lat' dir='ltr'>arou.</span> 
     </span>
    </p>
   </div>
   <div class='ocr_carea' id='block_1_7' title="bbox 413 2681 1769 3189">
    <p class='ocr_par' dir='ltr' id='par_1_10' title="bbox 413 2681 1769 2875">
     <span class='ocr_line' id='line_1_17' title="bbox 453 2681 1769 2768; baseline -0.008 -13"><span class='ocrx_word' id='word_1_130' title='bbox 453 2682 710 2755; x_wconf 74' lang='lat' dir='ltr'>ess-Eidem</span> <span class='ocrx_word' id='word_1_131' title='bbox 721 2684 880 2768; x_wconf 88' lang='lat' dir='ltr'>magistro</span> <span class='ocrx_word' id='word_1_132' title='bbox 895 2684 1042 2762; x_wconf 89' lang='lat' dir='ltr'>Johanni</span> <span class='ocrx_word' id='word_1_133' title='bbox 1060 2684 1210 2752; x_wconf 91' lang='lat' dir='ltr'>Balcardi</span> <span class='ocrx_word' id='word_1_134' title='bbox 1226 2687 1395 2752; x_wconf 83' lang='lat' dir='ltr'>confertur</span> <span class='ocrx_word' id='word_1_135' title='bbox 1405 2683 1621 2753; x_wconf 90' lang='lat' dir='ltr'>canonicatus</span> <span class='ocrx_word' id='word_1_136' title='bbox 1630 2681 1769 2748; x_wconf 90' lang='lat' dir='ltr'>ecclesie</span> 
     </span>
     <span class='ocr_line' id='line_1_18' title="bbox 413 2786 1183 2875; baseline 0.003 -23"><span class='ocrx_word' id='word_1_137' title='bbox 413 2786 659 2854; x_wconf 85' lang='lat' dir='ltr'>Cameracensis</span> <span class='ocrx_word' id='word_1_138' title='bbox 674 2790 734 2852; x_wconf 91' lang='lat' dir='ltr'>sub</span> <span class='ocrx_word' id='word_1_139' title='bbox 751 2787 986 2873; x_wconf 87' lang='lat' dir='ltr'>expectatione</span> <span class='ocrx_word' id='word_1_140' title='bbox 1003 2790 1183 2875; x_wconf 88' lang='lat' dir='ltr'>prebende.</span> 
     </span>
    </p>

    <p class='ocr_par' dir='ltr' id='par_1_11' title="bbox 456 2893 813 2960">
     <span class='ocr_line' id='line_1_19' title="bbox 456 2893 813 2960; baseline -0.003 -2"><span class='ocrx_word' id='word_1_141' title='bbox 456 2893 636 2960; x_wconf 88' lang='lat' dir='ltr'>Probitatis</span> <span class='ocrx_word' id='word_1_142' title='bbox 651 2893 783 2958; x_wconf 90' lang='lat' dir='ltr'>merita.</span> <span class='ocrx_word' id='word_1_143' title='bbox 792 2944 813 2957; x_wconf 95' lang='lat'>..</span> 
     </span>
    </p>

    <p class='ocr_par' dir='ltr' id='par_1_12' title="bbox 453 2995 1061 3084">
     <span class='ocr_line' id='line_1_20' title="bbox 453 2995 1061 3084; baseline 0.007 -24"><span class='ocrx_word' id='word_1_144' title='bbox 453 2998 532 3063; x_wconf 90' lang='lat' dir='ltr'>Dat.</span> <span class='ocrx_word' id='word_1_145' title='bbox 548 2996 648 3061; x_wconf 84' lang='lat' dir='ltr'>Avin.</span> <span class='ocrx_word' id='word_1_146' title='bbox 665 3020 685 3081; x_wconf 82' lang='lat'><strong>4</strong></span> <span class='ocrx_word' id='word_1_147' title='bbox 701 2995 767 3063; x_wconf 88' lang='lat' dir='ltr'>kal.</span> <span class='ocrx_word' id='word_1_148' title='bbox 780 2998 909 3084; x_wconf 88' lang='lat' dir='ltr'>augusti</span> <span class='ocrx_word' id='word_1_149' title='bbox 925 3019 1015 3064; x_wconf 92' lang='lat' dir='ltr'>anno</span> <span class='ocrx_word' id='word_1_150' title='bbox 1036 3020 1061 3065; x_wconf 89' lang='lat'>1.</span> 
     </span>
    </p>

    <p class='ocr_par' dir='ltr' id='par_1_13' title="bbox 454 3101 923 3189">
     <span class='ocr_line' id='line_1_21' title="bbox 454 3101 923 3189; baseline 0.009 -24"><span class='ocrx_word' id='word_1_151' title='bbox 454 3101 494 3165; x_wconf 91' lang='lat' dir='ltr'>In</span> <span class='ocrx_word' id='word_1_152' title='bbox 511 3122 539 3166; x_wconf 89' lang='lat' dir='ltr'>e.</span> <span class='ocrx_word' id='word_1_153' title='bbox 557 3122 602 3167; x_wconf 92' lang='lat' dir='ltr'>m.</span> <span class='ocrx_word' id='word_1_154' title='bbox 620 3106 783 3189; x_wconf 80' lang='lat' dir='ltr'>utsupra,</span> <span class='ocrx_word' id='word_1_155' title='bbox 801 3125 831 3167; x_wconf 87' lang='lat' dir='ltr'>n.</span> <span class='ocrx_word' id='word_1_156' title='bbox 846 3122 923 3187; x_wconf 63' lang='lat'><strong><em>3941.</em></strong></span> 
     </span>
    </p>
   </div>
   <div class='ocr_carea' id='block_1_8' title="bbox 444 3246 1041 3306">
    <p class='ocr_par' dir='ltr' id='par_1_14' title="bbox 444 3246 1041 3306">
     <span class='ocr_line' id='line_1_22' title="bbox 444 3246 1041 3306; baseline 0.003 -13"><span class='ocrx_word' id='word_1_157' title='bbox 444 3246 503 3305; x_wconf 56' lang='lat' dir='ltr'>aaa.</span> <span class='ocrx_word' id='word_1_158' title='bbox 519 3248 566 3294; x_wconf 75' lang='lat' dir='ltr'>xv.</span> <span class='ocrx_word' id='word_1_159' title='bbox 579 3249 600 3304; x_wconf 81' lang='lat' dir='ltr'>r,</span> <span class='ocrx_word' id='word_1_160' title='bbox 614 3247 632 3295; x_wconf 82' lang='lat' dir='ltr'>r.</span> <span class='ocrx_word' id='word_1_161' title='bbox 646 3247 689 3293; x_wconf 83' lang='lat'>121</span> <span class='ocrx_word' id='word_1_162' title='bbox 701 3262 706 3302; x_wconf 91' lang='lat'>;</span> <span class='ocrx_word' id='word_1_163' title='bbox 720 3246 779 3296; x_wconf 76' lang='lat' dir='ltr'>vat.</span> <span class='ocrx_word' id='word_1_164' title='bbox 790 3249 827 3306; x_wconf 86' lang='grc'>66,</span> <span class='ocrx_word' id='word_1_165' title='bbox 839 3247 855 3295; x_wconf 85' lang='lat' dir='ltr'>r.</span> <span class='ocrx_word' id='word_1_166' title='bbox 870 3249 922 3306; x_wconf 77' lang='lat'>192,</span> <span class='ocrx_word' id='word_1_167' title='bbox 932 3263 957 3295; x_wconf 80' lang='lat' dir='ltr'>n.</span> <span class='ocrx_word' id='word_1_168' title='bbox 969 3248 1041 3295; x_wconf 78' lang='lat' dir='ltr'>arri.</span> 
     </span>
    </p>
   </div>
   <div class='ocr_carea' id='block_1_9' title="bbox 412 3418 1770 3724">
    <p class='ocr_par' dir='ltr' id='par_1_15' title="bbox 412 3418 1770 3724">
     <span class='ocr_line' id='line_1_23' title="bbox 488 3418 1726 3502; baseline -0.011 0"><span class='ocrx_word' id='word_1_169' title='bbox 488 3418 571 3502; x_wconf 80' lang='lat'>96·</span> <span class='ocrx_word' id='word_1_170' title='bbox 1442 3450 1503 3494; x_wconf 83' lang='lat' dir='ltr'>rr</span> <span class='ocrx_word' id='word_1_171' title='bbox 1553 3448 1573 3490; x_wconf 84' lang='lat'><em>2</em></span> <span class='ocrx_word' id='word_1_172' title='bbox 1623 3424 1726 3489; x_wconf 71' lang='lat' dir='ltr'>&#39;zu&#39;llet</span> 
     </span>
     <span class='ocr_line' id='line_1_24' title="bbox 453 3422 1770 3619; baseline -0.006 -18"><span class='ocrx_word' id='word_1_173' title='bbox 453 3422 618 3616; x_wconf 53' lang='lat' dir='ltr'>1goberto,</span> <span class='ocrx_word' id='word_1_174' title='bbox 644 3536 758 3602; x_wconf 88' lang='lat' dir='ltr'>comiti</span> <span class='ocrx_word' id='word_1_175' title='bbox 791 3534 956 3615; x_wconf 91' lang='lat' dir='ltr'>Flandrie,</span> <span class='ocrx_word' id='word_1_176' title='bbox 988 3534 1140 3599; x_wconf 89' lang='lat' dir='ltr'>scribitur</span> <span class='ocrx_word' id='word_1_177' title='bbox 1166 3534 1208 3600; x_wconf 87' lang='lat' dir='ltr'>de</span> <span class='ocrx_word' id='word_1_178' title='bbox 1236 3534 1431 3619; x_wconf 88' lang='lat' dir='ltr'>quibusdam</span> <span class='ocrx_word' id='word_1_179' title='bbox 1455 3445 1675 3618; x_wconf 49' lang='lat' dir='ltr'>pictilioiriybus</span> <span class='ocrx_word' id='word_1_180' title='bbox 1701 3549 1770 3594; x_wconf 90' lang='lat' dir='ltr'>non</span> 
     </span>
     <span class='ocr_line' id='line_1_25' title="bbox 412 3639 1271 3724; baseline -0.002 -17"><span class='ocrx_word' id='word_1_181' title='bbox 412 3641 588 3722; x_wconf 69' lang='lat' dir='ltr'>concessis</span> <span class='ocrx_word' id='word_1_182' title='bbox 605 3640 735 3705; x_wconf 89' lang='lat' dir='ltr'>ratione</span> <span class='ocrx_word' id='word_1_183' title='bbox 752 3639 915 3706; x_wconf 88' lang='lat' dir='ltr'>discordie</span> <span class='ocrx_word' id='word_1_184' title='bbox 932 3662 1009 3707; x_wconf 91' lang='lat' dir='ltr'>cum</span> <span class='ocrx_word' id='word_1_185' title='bbox 1024 3661 1102 3724; x_wconf 87' lang='lat' dir='ltr'>rege</span> <span class='ocrx_word' id='word_1_186' title='bbox 1121 3639 1271 3706; x_wconf 89' lang='lat' dir='ltr'>Francie.</span> 
     </span>
    </p>
   </div>
   <div class='ocr_carea' id='block_1_10' title="bbox 411 3825 1775 4951">
    <p class='ocr_par' dir='ltr' id='par_1_16' title="bbox 411 3825 1775 4951">
     <span class='ocr_line' id='line_1_26' title="bbox 455 3825 1773 3908; baseline -0.005 -16"><span class='ocrx_word' id='word_1_187' title='bbox 455 3828 623 3892; x_wconf 70' lang='lat' dir='ltr'>«Dilecto</span> <span class='ocrx_word' id='word_1_188' title='bbox 639 3826 707 3890; x_wconf 89' lang='lat' dir='ltr'>filio</span> <span class='ocrx_word' id='word_1_189' title='bbox 724 3826 827 3891; x_wconf 90' lang='lat' dir='ltr'>nobili</span> <span class='ocrx_word' id='word_1_190' title='bbox 844 3827 915 3891; x_wconf 89' lang='lat' dir='ltr'>viro</span> <span class='ocrx_word' id='word_1_191' title='bbox 933 3826 1093 3902; x_wconf 86' lang='lat' dir='ltr'>Roberto,</span> <span class='ocrx_word' id='word_1_192' title='bbox 1120 3827 1234 3892; x_wconf 87' lang='lat' dir='ltr'>comiti</span> <span class='ocrx_word' id='word_1_193' title='bbox 1261 3825 1426 3891; x_wconf 87' lang='lat' dir='ltr'>Flandrie.</span> <span class='ocrx_word' id='word_1_194' title='bbox 1452 3825 1596 3890; x_wconf 87' lang='lat' dir='ltr'>Litteras</span> <span class='ocrx_word' id='word_1_195' title='bbox 1617 3832 1691 3888; x_wconf 91' lang='lat' dir='ltr'>tuas</span> <span class='ocrx_word' id='word_1_196' title='bbox 1715 3844 1773 3908; x_wconf 87' lang='lat' dir='ltr'>per</span> 
     </span>
     <span class='ocr_line' id='line_1_27' title="bbox 411 3926 1772 4010; baseline -0.005 -13"><span class='ocrx_word' id='word_1_197' title='bbox 411 3933 554 3999; x_wconf 87' lang='lat' dir='ltr'>dilectos</span> <span class='ocrx_word' id='word_1_198' title='bbox 580 3931 694 3996; x_wconf 88' lang='lat' dir='ltr'>filios..</span> <span class='ocrx_word' id='word_1_199' title='bbox 711 3932 868 3995; x_wconf 90' lang='lat' dir='ltr'>abbatem</span> <span class='ocrx_word' id='word_1_200' title='bbox 893 3932 1088 3997; x_wconf 89' lang='lat' dir='ltr'>monasterii</span> <span class='ocrx_word' id='word_1_201' title='bbox 1115 3930 1156 3995; x_wconf 90' lang='lat' dir='ltr'>de</span> <span class='ocrx_word' id='word_1_202' title='bbox 1180 3931 1296 4010; x_wconf 89' lang='lat' dir='ltr'>Dunis,</span> <span class='ocrx_word' id='word_1_203' title='bbox 1325 3929 1554 3995; x_wconf 86' lang='lat' dir='ltr'>Cisterciensis</span> <span class='ocrx_word' id='word_1_204' title='bbox 1579 3926 1712 4002; x_wconf 71' lang='lat' dir='ltr'>ordinis</span> <span class='ocrx_word' id='word_1_205' title='bbox 1738 3935 1772 3991; x_wconf 90' lang='lat' dir='ltr'>et</span> 
     </span>
     <span class='ocr_line' id='line_1_28' title="bbox 412 4032 1774 4119; baseline -0.004 -17"><span class='ocrx_word' id='word_1_206' title='bbox 412 4039 494 4102; x_wconf 89' lang='lat' dir='ltr'>alios</span> <span class='ocrx_word' id='word_1_207' title='bbox 521 4035 666 4119; x_wconf 85' lang='lat' dir='ltr'>collegas</span> <span class='ocrx_word' id='word_1_208' title='bbox 687 4033 797 4119; x_wconf 89' lang='lat' dir='ltr'>ipsius,</span> <span class='ocrx_word' id='word_1_209' title='bbox 824 4036 959 4100; x_wconf 89' lang='lat' dir='ltr'>nuntios</span> <span class='ocrx_word' id='word_1_210' title='bbox 983 4045 1071 4115; x_wconf 65' lang='lat' dir='ltr'>tuos</span> <span class='ocrx_word' id='word_1_211' title='bbox 1097 4034 1301 4100; x_wconf 88' lang='lat' dir='ltr'>exhibitores</span> <span class='ocrx_word' id='word_1_212' title='bbox 1328 4035 1457 4100; x_wconf 88' lang='lat' dir='ltr'>illarum</span> <span class='ocrx_word' id='word_1_213' title='bbox 1468 4045 1491 4115; x_wconf 74' lang='lat'>⁰,</span> <span class='ocrx_word' id='word_1_214' title='bbox 1522 4032 1619 4098; x_wconf 88' lang='lat' dir='ltr'>nobis</span> <span class='ocrx_word' id='word_1_215' title='bbox 1642 4033 1774 4096; x_wconf 85' lang='lat' dir='ltr'>noviter</span> 
     </span>
     <span class='ocr_line' id='line_1_29' title="bbox 411 4138 1774 4226; baseline -0.004 -21"><span class='ocrx_word' id='word_1_216' title='bbox 411 4147 630 4226; x_wconf 87' lang='lat' dir='ltr'>presentatas,</span> <span class='ocrx_word' id='word_1_217' title='bbox 647 4138 793 4224; x_wconf 89' lang='lat' dir='ltr'>benigno</span> <span class='ocrx_word' id='word_1_218' title='bbox 820 4138 943 4205; x_wconf 86' lang='lat' dir='ltr'>affectu</span> <span class='ocrx_word' id='word_1_219' title='bbox 970 4139 1184 4225; x_wconf 68' lang='lat' dir='ltr'>suscepimus</span> <span class='ocrx_word' id='word_1_220' title='bbox 1212 4147 1246 4204; x_wconf 89' lang='lat' dir='ltr'>et</span> <span class='ocrx_word' id='word_1_221' title='bbox 1268 4159 1332 4223; x_wconf 92' lang='lat' dir='ltr'>que</span> <span class='ocrx_word' id='word_1_222' title='bbox 1359 4138 1438 4203; x_wconf 89' lang='lat' dir='ltr'>dicti</span> <span class='ocrx_word' id='word_1_223' title='bbox 1464 4138 1571 4203; x_wconf 91' lang='lat' dir='ltr'>nuntii</span> <span class='ocrx_word' id='word_1_224' title='bbox 1593 4158 1654 4223; x_wconf 92' lang='lat' dir='ltr'>pro</span> <span class='ocrx_word' id='word_1_225' title='bbox 1679 4145 1774 4221; x_wconf 90' lang='lat' dir='ltr'>parte</span> 
     </span>
     <span class='ocr_line' id='line_1_30' title="bbox 411 4240 1774 4327; baseline -0.005 -17"><span class='ocrx_word' id='word_1_226' title='bbox 411 4255 468 4311; x_wconf 92' lang='lat' dir='ltr'>tua</span> <span class='ocrx_word' id='word_1_227' title='bbox 486 4243 584 4309; x_wconf 88' lang='lat' dir='ltr'>nobis</span> <span class='ocrx_word' id='word_1_228' title='bbox 600 4263 768 4327; x_wconf 87' lang='lat' dir='ltr'>exponere</span> <span class='ocrx_word' id='word_1_229' title='bbox 785 4242 998 4308; x_wconf 72' lang='lat' dir='ltr'>curaverunt⁶</span> <span class='ocrx_word' id='word_1_230' title='bbox 1015 4243 1240 4307; x_wconf 87' lang='lat' dir='ltr'>intelleximus</span> <span class='ocrx_word' id='word_1_231' title='bbox 1256 4242 1441 4327; x_wconf 84' lang='lat' dir='ltr'>diligenter.</span> <span class='ocrx_word' id='word_1_232' title='bbox 1459 4241 1554 4321; x_wconf 86' lang='lat' dir='ltr'>Sane,</span> <span class='ocrx_word' id='word_1_233' title='bbox 1569 4241 1624 4320; x_wconf 85' lang='lat' dir='ltr'>iili,</span> <span class='ocrx_word' id='word_1_234' title='bbox 1641 4240 1774 4325; x_wconf 90' lang='lat' dir='ltr'>petitio-</span> 
     </span>
     <span class='ocr_line' id='line_1_31' title="bbox 412 4346 1774 4432; baseline -0.003 -21"><span class='ocrx_word' id='word_1_235' title='bbox 412 4350 508 4413; x_wconf 90' lang='lat' dir='ltr'>nibus</span> <span class='ocrx_word' id='word_1_236' title='bbox 523 4347 600 4426; x_wconf 90' lang='lat' dir='ltr'>tuis,</span> <span class='ocrx_word' id='word_1_237' title='bbox 618 4347 713 4411; x_wconf 90' lang='lat' dir='ltr'>nobis</span> <span class='ocrx_word' id='word_1_238' title='bbox 723 4368 782 4432; x_wconf 92' lang='lat' dir='ltr'>per</span> <span class='ocrx_word' id='word_1_239' title='bbox 798 4347 933 4411; x_wconf 90' lang='lat' dir='ltr'>nuntios</span> <span class='ocrx_word' id='word_1_240' title='bbox 950 4346 1086 4412; x_wconf 87' lang='lat' dir='ltr'>eosdem</span> <span class='ocrx_word' id='word_1_241' title='bbox 1112 4346 1242 4427; x_wconf 70' lang='lat' dir='ltr'>oblatis</span> <span class='ocrx_word' id='word_1_242' title='bbox 1260 4367 1430 4411; x_wconf 90' lang='lat' dir='ltr'>assensum</span> <span class='ocrx_word' id='word_1_243' title='bbox 1447 4346 1606 4411; x_wconf 87' lang='lat' dir='ltr'>decenter</span> <span class='ocrx_word' id='word_1_244' title='bbox 1622 4365 1774 4410; x_wconf 88' lang='lat' dir='ltr'>accomo-</span> 
     </span>
     <span class='ocr_line' id='line_1_32' title="bbox 413 4448 1773 4535; baseline -0.004 -19"><span class='ocrx_word' id='word_1_245' title='bbox 413 4452 490 4517; x_wconf 88' lang='lat' dir='ltr'>dare</span> <span class='ocrx_word' id='word_1_246' title='bbox 531 4450 752 4534; x_wconf 73' lang='lat' dir='ltr'>nequivimus</span> <span class='ocrx_word' id='word_1_247' title='bbox 785 4471 859 4514; x_wconf 91' lang='lat' dir='ltr'>cum</span> <span class='ocrx_word' id='word_1_248' title='bbox 893 4471 1006 4514; x_wconf 87' lang='lat' dir='ltr'>earum</span> <span class='ocrx_word' id='word_1_249' title='bbox 1043 4450 1153 4534; x_wconf 88' lang='lat' dir='ltr'>alique</span> <span class='ocrx_word' id='word_1_250' title='bbox 1184 4450 1255 4516; x_wconf 86' lang='lat' dir='ltr'>sine</span> <span class='ocrx_word' id='word_1_251' title='bbox 1294 4450 1430 4515; x_wconf 87' lang='lat' dir='ltr'>alterius</span> <span class='ocrx_word' id='word_1_252' title='bbox 1474 4449 1590 4535; x_wconf 86' lang='lat' dir='ltr'>injuria</span> <span class='ocrx_word' id='word_1_253' title='bbox 1629 4448 1773 4513; x_wconf 88' lang='lat' dir='ltr'>exaudiri</span> 
     </span>
     <span class='ocr_line' id='line_1_33' title="bbox 414 4552 1775 4640; baseline -0.003 -21"><span class='ocrx_word' id='word_1_254' title='bbox 414 4554 654 4640; x_wconf 80' lang='lat' dir='ltr'>nequiverint‘,</span> <span class='ocrx_word' id='word_1_255' title='bbox 672 4563 706 4619; x_wconf 90' lang='lat' dir='ltr'>et</span> <span class='ocrx_word' id='word_1_256' title='bbox 722 4553 856 4618; x_wconf 68' lang='lat' dir='ltr'>earum‘i</span> <span class='ocrx_word' id='word_1_257' title='bbox 872 4554 1014 4638; x_wconf 89' lang='lat' dir='ltr'>reliquas</span> <span class='ocrx_word' id='word_1_258' title='bbox 1029 4553 1160 4620; x_wconf 91' lang='lat' dir='ltr'>admitti</span> <span class='ocrx_word' id='word_1_259' title='bbox 1187 4552 1331 4619; x_wconf 79' lang='lat' dir='ltr'>vetuerit</span> <span class='ocrx_word' id='word_1_260' title='bbox 1356 4575 1470 4619; x_wconf 92' lang='lat' dir='ltr'>earum</span> <span class='ocrx_word' id='word_1_261' title='bbox 1494 4553 1565 4640; x_wconf 90' lang='lat' dir='ltr'>pro</span> <span class='ocrx_word' id='word_1_262' title='bbox 1580 4553 1697 4638; x_wconf 89' lang='lat' dir='ltr'>quibus</span> <span class='ocrx_word' id='word_1_263' title='bbox 1720 4552 1775 4615; x_wconf 88' lang='lat' dir='ltr'>lie·</span> 
     </span>
     <span class='ocr_line' id='line_1_34' title="bbox 416 4656 1775 4743; baseline -0.004 -20"><span class='ocrx_word' id='word_1_264' title='bbox 416 4662 494 4723; x_wconf 91' lang='lat' dir='ltr'>bant</span> <span class='ocrx_word' id='word_1_265' title='bbox 512 4656 703 4722; x_wconf 89' lang='lat' dir='ltr'>inhabilitas</span> <span class='ocrx_word' id='word_1_266' title='bbox 718 4677 945 4742; x_wconf 89' lang='lat' dir='ltr'>personarum,</span> <span class='ocrx_word' id='word_1_267' title='bbox 957 4678 1020 4741; x_wconf 92' lang='lat' dir='ltr'>que</span> <span class='ocrx_word' id='word_1_268' title='bbox 1032 4678 1171 4743; x_wconf 87' lang='lat' dir='ltr'>capaces</span> <span class='ocrx_word' id='word_1_269' title='bbox 1186 4657 1365 4741; x_wconf 79' lang='lat' dir='ltr'>gratiarum</span> <span class='ocrx_word' id='word_1_270' title='bbox 1382 4658 1533 4736; x_wconf 86' lang='lat' dir='ltr'>existere,</span> <span class='ocrx_word' id='word_1_271' title='bbox 1547 4664 1708 4742; x_wconf 88' lang='lat' dir='ltr'>quantum</span> <span class='ocrx_word' id='word_1_272' title='bbox 1725 4663 1775 4719; x_wconf 87' lang='lat' dir='ltr'>est</span> 
     </span>
     <span class='ocr_line' id='line_1_35' title="bbox 418 4758 1775 4847; baseline -0.002 -22"><span class='ocrx_word' id='word_1_273' title='bbox 418 4763 455 4825; x_wconf 86' lang='lat' dir='ltr'>de</span> <span class='ocrx_word' id='word_1_274' title='bbox 470 4760 629 4846; x_wconf 86' lang='lat' dir='ltr'>presenti,</span> <span class='ocrx_word' id='word_1_275' title='bbox 647 4781 715 4824; x_wconf 89' lang='lat' dir='ltr'>non</span> <span class='ocrx_word' id='word_1_276' title='bbox 732 4767 881 4845; x_wconf 90' lang='lat' dir='ltr'>possunt.</span> <span class='ocrx_word' id='word_1_277' title='bbox 900 4758 1003 4824; x_wconf 87' lang='lat' dir='ltr'>Porro</span> <span class='ocrx_word' id='word_1_278' title='bbox 1019 4759 1099 4824; x_wconf 91' lang='lat' dir='ltr'>dum</span> <span class='ocrx_word' id='word_1_279' title='bbox 1116 4769 1248 4844; x_wconf 89' lang='lat' dir='ltr'>tempus</span> <span class='ocrx_word' id='word_1_280' title='bbox 1270 4763 1476 4847; x_wconf 88' lang='lat' dir='ltr'>acceptabile</span> <span class='ocrx_word' id='word_1_281' title='bbox 1503 4762 1640 4845; x_wconf 89' lang='lat' dir='ltr'>diesque</span> <span class='ocrx_word' id='word_1_282' title='bbox 1661 4758 1775 4824; x_wconf 89' lang='lat' dir='ltr'>salutis</span> 
     </span>
     <span class='ocr_line' id='line_1_36' title="bbox 421 4864 1775 4951; baseline -0.004 -21"><span class='ocrx_word' id='word_1_283' title='bbox 421 4864 599 4943; x_wconf 78' lang='lat' dir='ltr'>advenerit,</span> <span class='ocrx_word' id='word_1_284' title='bbox 617 4885 703 4944; x_wconf 91' lang='lat' dir='ltr'>cum,</span> <span class='ocrx_word' id='word_1_285' title='bbox 720 4866 805 4942; x_wconf 80' lang='lat' dir='ltr'>illo‘,</span> <span class='ocrx_word' id='word_1_286' title='bbox 823 4866 915 4950; x_wconf 87' lang='lat' dir='ltr'>cujus</span> <span class='ocrx_word' id='word_1_287' title='bbox 931 4887 995 4951; x_wconf 89' lang='lat' dir='ltr'>pax</span> <span class='ocrx_word' id='word_1_288' title='bbox 1007 4874 1184 4951; x_wconf 87' lang='lat' dir='ltr'>exsuperat</span> <span class='ocrx_word' id='word_1_289' title='bbox 1195 4886 1331 4930; x_wconf 88' lang='lat' dir='ltr'>omnem</span> <span class='ocrx_word' id='word_1_290' title='bbox 1342 4884 1486 4942; x_wconf 89' lang='lat' dir='ltr'>sensum,</span> <span class='ocrx_word' id='word_1_291' title='bbox 1496 4871 1591 4928; x_wconf 89' lang='lat' dir='ltr'>tuum</span> <span class='ocrx_word' id='word_1_292' title='bbox 1599 4871 1632 4927; x_wconf 91' lang='lat' dir='ltr'>et</span> <span class='ocrx_word' id='word_1_293' title='bbox 1642 4870 1775 4927; x_wconf 87' lang='lat' dir='ltr'>tuorum</span> 
     </span>
    </p>
   </div>
   <div class='ocr_carea' id='block_1_11' title="bbox 429 5064 1771 5214">
    <p class='ocr_par' dir='ltr' id='par_1_17' title="bbox 429 5064 1771 5214">
     <span class='ocr_line' id='line_1_37' title="bbox 453 5064 1771 5131; baseline -0.005 -16"><span class='ocrx_word' id='word_1_294' title='bbox 453 5084 475 5116; x_wconf 81' lang='lat' dir='ltr'>a.</span> <span class='ocrx_word' id='word_1_295' title='bbox 494 5083 581 5115; x_wconf 80' lang='lat' dir='ltr'>earum</span> <span class='ocrx_word' id='word_1_296' title='bbox 599 5084 648 5130; x_wconf 73' lang='lat' dir='ltr'>rep.</span> <span class='ocrx_word' id='word_1_297' title='bbox 672 5071 717 5117; x_wconf 81' lang='lat'>109</span> <span class='ocrx_word' id='word_1_298' title='bbox 736 5073 759 5115; x_wconf 72' lang='lat' dir='ltr'>rt</span> <span class='ocrx_word' id='word_1_299' title='bbox 779 5070 833 5117; x_wconf 80' lang='lat'><em>110.</em></span> <span class='ocrx_word' id='word_1_300' title='bbox 848 5096 880 5103; x_wconf 89' lang='lat'>-</span> <span class='ocrx_word' id='word_1_301' title='bbox 892 5068 914 5118; x_wconf 80' lang='lat' dir='ltr'>b.</span> <span class='ocrx_word' id='word_1_302' title='bbox 931 5070 1068 5118; x_wconf 86' lang='lat' dir='ltr'>voluerunt</span> <span class='ocrx_word' id='word_1_303' title='bbox 1085 5084 1135 5131; x_wconf 72' lang='lat' dir='ltr'>rep.</span> <span class='ocrx_word' id='word_1_304' title='bbox 1157 5070 1203 5116; x_wconf 81' lang='lat'>109</span> <span class='ocrx_word' id='word_1_305' title='bbox 1220 5072 1243 5115; x_wconf 74' lang='lat' dir='ltr'>et</span> <span class='ocrx_word' id='word_1_306' title='bbox 1262 5068 1580 5127; x_wconf 72' lang='lat' dir='ltr'>110.‹·.ne:1uiverant</span> <span class='ocrx_word' id='word_1_307' title='bbox 1597 5079 1647 5126; x_wconf 74' lang='lat' dir='ltr'>rep.</span> <span class='ocrx_word' id='word_1_308' title='bbox 1668 5064 1724 5111; x_wconf 75' lang='lat'><em>110.</em></span> <span class='ocrx_word' id='word_1_309' title='bbox 1745 5088 1771 5095; x_wconf 83' lang='lat'><em>-</em></span> 
     </span>
     <span class='ocr_line' id='line_1_38' title="bbox 429 5149 1460 5214; baseline 0.002 -17"><span class='ocrx_word' id='word_1_310' title='bbox 429 5149 449 5197; x_wconf 81' lang='lat' dir='ltr'>d.</span> <span class='ocrx_word' id='word_1_311' title='bbox 462 5165 544 5197; x_wconf 77' lang='lat' dir='ltr'>uorum</span> <span class='ocrx_word' id='word_1_312' title='bbox 559 5166 608 5214; x_wconf 69' lang='lat' dir='ltr'>rep.</span> <span class='ocrx_word' id='word_1_313' title='bbox 624 5154 687 5205; x_wconf 82' lang='lat' dir='ltr'>lru‚·</span> <span class='ocrx_word' id='word_1_314' title='bbox 700 5151 786 5212; x_wconf 78' lang='lat' dir='ltr'>aliquo</span> <span class='ocrx_word' id='word_1_315' title='bbox 802 5180 829 5184; x_wconf 95' lang='lat'>-—</span> <span class='ocrx_word' id='word_1_316' title='bbox 842 5166 929 5199; x_wconf 84' lang='lat' dir='ltr'>carum</span> <span class='ocrx_word' id='word_1_317' title='bbox 943 5167 1051 5213; x_wconf 77' lang='lat' dir='ltr'>›iirruqrw</span> <span class='ocrx_word' id='word_1_318' title='bbox 1064 5166 1115 5212; x_wconf 67' lang='lat' dir='ltr'>rep.</span> <span class='ocrx_word' id='word_1_319' title='bbox 1131 5152 1186 5201; x_wconf 81' lang='grc'><em>109.</em></span> <span class='ocrx_word' id='word_1_320' title='bbox 1203 5179 1233 5184; x_wconf 84' lang='grc'>-</span> <span class='ocrx_word' id='word_1_321' title='bbox 1245 5167 1265 5200; x_wconf 69' lang='lat' dir='ltr'>e.</span> <span class='ocrx_word' id='word_1_322' title='bbox 1281 5150 1324 5198; x_wconf 84' lang='lat' dir='ltr'>illo</span> <span class='ocrx_word' id='word_1_323' title='bbox 1338 5165 1387 5211; x_wconf 73' lang='lat' dir='ltr'>rep.</span> <span class='ocrx_word' id='word_1_324' title='bbox 1403 5149 1460 5198; x_wconf 71' lang='lat' dir='ltr'>lli).</span> 
     </span>
    </p>
   </div>
   <div class='ocr_carea' id='block_1_12' title="bbox 0 0 2218 6017">
    <p class='ocr_par' dir='ltr' id='par_1_18' title="bbox 0 0 2218 6017">
     <span class='ocr_line' id='line_1_39' title="bbox 0 0 2218 6017; baseline 0 0"><span class='ocrx_word' id='word_1_325' title='bbox 0 0 2218 6017; x_wconf 95' lang='lat' dir='ltr'> </span> 
     </span>
    </p>
   </div>
  </div>
 </body>
</html>
