4409 6017
876 723 1044 802 Quatribme
1065 723 1168 790 anne'e.

403 870 471 933 {urn
487 890 551 936 nos
565 870 648 936 de...

403 978 462 1049 lat.
475 974 574 1040 Avin.
595 995 633 1041 10
648 974 713 1041 kal.
729 975 929 1061 septembris
944 994 1035 1040 anno
1050 996 1081 1058 4.

403 1117 432 1164 g.
446 1102 505 1151 Vat.
518 1106 556 1162 70,
569 1103 588 1152 f.
600 1104 651 1164 mv,
663 1119 716 1153 cur.
730 1119 754 1153 n.
768 1106 822 1153 143.

403 1273 500 1357 155.
1402 1293 1658 1372 1520,23aoat.

403 1391 550 1457 lmnibus
564 1391 834 1478 archiepiscopis,
850 1392 1016 1479 episcopis
1031 1391 1170 1475 aliisque
1186 1392 1323 1478 prelatis
1343 1392 1521 1458 mandatur
1537 1400 1702 1479 quatenus

403 1493 499 1577 {istro
514 1495 617 1562 Petro
632 1496 793 1578 Durandi,
803 1496 923 1562 nuntio
938 1496 1126 1582 apostolico
1142 1495 1185 1561 ad
1201 1503 1313 1581 partes
1328 1496 1515 1577 Alamanie,
1527 1498 1570 1563 de
1585 1517 1703 1563 securo

403 1598 539 1664 videant
555 1599 735 1666 conductu.

403 1704 470 1769 :um
485 1723 547 1770 nos
562 1702 764 1769 dilectum...

403 1810 462 1873 lat.
478 1808 577 1874 Aviu.
599 1827 636 1873 10
651 1807 719 1873 kal.
734 1808 933 1894 septembris
948 1828 1039 1873 anno
1054 1830 1085 1892 4.

403 1953 433 1998 g.
447 1937 507 1986 Vut.
517 1940 556 1997 70,
568 1937 586 1986 i.
600 1938 641 1999 46,
655 1952 709 1987 cur.
721 1953 746 1987 n.
761 1939 814 1987 144.

403 2103 502 2186 156.
1401 2134 1497 2197 1320,
1513 2134 1556 2199 29
1571 2119 1658 2178 nott.

403 2219 456 2285 lde
471 2219 514 2284 de
542 2217 742 2284 Malodumo
768 2218 938 2284 confertur
963 2220 1181 2285 canonicatus
1205 2219 1347 2285 ecclesie
1374 2216 1626 2284 Cameracensis
1641 2218 1702 2282 sub

404 2322 575 2389 ectatione
591 2322 771 2407 prebende.

403 2427 454 2493 'ua
471 2434 507 2491 et
521 2435 695 2492 tuorum...

403 2535 463 2598 lat.
479 2531 579 2597 Avin.
595 2553 615 2615 4
631 2530 696 2596 kal.
713 2532 911 2616 septembris
926 2553 1015 2597 anno
1032 2555 1062 2617 4.

403 2657 423 2700 n
439 2657 470 2700 e.
486 2656 531 2699 m.
547 2633 724 2701 Parisiensi
739 2644 775 2701 et
790 2634 986 2702 Belvacensi
1002 2636 1171 2722 episcopis
1181 2637 1413 2722 acAymerico
1425 2635 1588 2716 Guirardi,
1598 2633 1705 2700 archi·

403 2759 483 2806 :ono
500 2738 648 2817 Elnensi,
664 2759 751 2824 pape
767 2740 954 2825 capellano.

404 2884 434 2930 eg.
446 2870 495 2918 Av.
511 2870 549 2927 13,
563 2869 580 2916 l.
594 2870 657 2924 533;
672 2868 729 2917 vat.
743 2871 780 2927 70,
793 2870 811 2917 i.
824 2871 892 2922 524'.
905 2886 929 2919 n.
944 2871 1014 2919 1326.

403 3026 500 3109 357.
1401 3056 1496 3118 1320,
1512 3056 1555 3121 29
1570 3041 1658 3100 aortt.

403 3147 534 3210 {oberto
549 3143 591 3209 de
609 3141 807 3208 Malodumo
832 3141 1001 3206 confertur
1016 3140 1235 3207 canonicatus
1250 3141 1391 3207 ecclesie
1407 3140 1700 3207 Tornacensis'sub

405 3249 576 3315 ectatione
587 3247 768 3336 prebende.

403 3352 456 3417 'ua
472 3361 507 3417 et
522 3362 698 3419 tuorum...

403 3458 461 3521 lat.
477 3457 577 3521 Avin.
593 3479 612 3541 4
630 3456 695 3521 kal.
711 3455 911 3541 septembris
925 3475 1015 3520 anno
1031 3477 1051 3539 4
1067 3466 1091 3520 ⁶.

403 3579 469 3624 ne.
485 3580 531 3625 m.
548 3565 712 3645 utsupra,
729 3582 760 3624 n.
777 3559 852 3638 856.

403 3704 432 3751 ς.
444 3690 492 3737 Av.
506 3690 545 3748 13,
556 3689 574 3738 f.
589 3690 649 3737 580ν
662 3705 667 3746 ;
681 3688 739 3737 Vat.
753 3687 820 3746 101.
833 3690 887 3746 525,
901 3702 926 3735 n.
942 3688 1013 3737 1328.

403 3856 483 3940 58.
1405 3892 1499 3955 1320,
1515 3878 1660 3958 29u012t.

403 3979 511 4041 acobo
526 3975 568 4040 de
585 3975 785 4062 Columpna,
802 3984 883 4042 nato
898 3977 1018 4042 nobilis
1033 3976 1093 4041 viri
1111 3975 1272 4060 Stephani
1289 3975 1331 4041 de
1348 3974 1548 4061 Columpna,
1572 3974 1700 4040 confer·

406 4079 626 4145 canonicatus
642 4080 782 4144 ecclesie
799 4079 995 4145 Leodiensis
1019 4082 1079 4145 sub
1095 4079 1331 4164 expectatione
1347 4079 1515 4164 prebende
1540 4100 1580 4145 ac
1595 4077 1700 4162 digni-

403 4205 417 4249 s
433 4204 493 4248 seu
509 4192 707 4267 personatus
723 4185 776 4247 vel
793 4183 906 4263 officii,
916 4205 983 4248 non
1001 4187 1158 4249 obstante
1173 4183 1264 4268 quod
1279 4184 1314 4247 in
1329 4183 1469 4249 ecclesia
1480 4182 1514 4247 N
1518 4182 1702 4248 oviomensi

403 4286 575 4352 onicatum
592 4294 626 4351 et
642 4287 850 4372 prebendam
866 4287 997 4352 obtinet
1012 4295 1047 4352 et
1073 4286 1165 4372 quod
1179 4286 1350 4352 defectum
1369 4286 1522 4352 ordinum
1546 4294 1581 4351 et
1604 4284 1704 4352 etatis

414 4389 511 4473 ann.)
535 4389 670 4475 patitur.

404 4493 479 4558 edis
494 4493 719 4579 apostolice...

403 4601 463 4663 lat.
479 4596 580 4661 Avin.
597 4619 616 4681 4
632 4596 698 4662 kal.
715 4599 914 4684 septembris
930 4620 1018 4665 anno
1034 4624 1065 4684 4.

403 4722 424 4765 n
440 4721 471 4765 e.
487 4722 532 4765 m.
549 4700 580 4764 S.
594 4699 686 4764 Pauli
703 4702 745 4766 de
763 4701 854 4767 Urbe
871 4711 905 4767 et
922 4703 952 4767 S.
969 4701 988 4779 J
992 4702 1087 4770 acobi
1110 4704 1304 4771 Leodiensis
1316 4706 1594 4770 monasteriorum
1605 4706 1705 4769 abba-

403 4827 428 4870 rs
444 4825 483 4870 ac
499 4802 734 4869 archidiacono
751 4804 946 4872 Vivariensi.

404 4949 435 4995 eg.
448 4935 495 4981 Ar.
510 4934 547 4988 13,
560 4933 578 4979 f.
591 4934 666 4981 738v:
683 4932 738 4980 Vat.
753 4937 789 4993 lo,
803 4935 821 4983 l.
834 4937 900 4994 sou,
914 4950 938 4983 n.
953 4938 1023 4984 1562.

409 5063 475 5111 dans
485 5064 509 5112 lc
520 5079 571 5127 req.
588 5064 635 5112 Ar.
648 5069 709 5112 colle
720 5065 779 5112 duta
790 5071 912 5114 retronea
924 5066 991 5114 duas
1003 5067 1170 5132 l'ialcrliqrw,
1183 5069 1260 5118 durite
1277 5071 1353 5120 d'urte
1373 5074 1450 5119 autre
1471 5071 1559 5127 ruciam
1581 5070 1605 5117 Ia
1622 5071 1705 5121 scribe

403 5145 488 5195 te'cril
500 5146 627 5196 d’uburd:
640 5150 654 5195 6
667 5147 701 5196 id.
713 5147 787 5210 J'unii,
800 5150 845 5212 qui
857 5165 874 5196 u
885 5148 923 5197 etl
936 5149 1019 5199 barre.
