4409 6017
999 715 1182 807 lomulaire
1277 847 1280 852 q
1693 740 1781 812 XLIX

409 883 460 942 ted
474 885 593 943 nullum
614 904 669 953 per
686 883 743 943 boc
762 888 803 943 eis
823 890 918 954 quoad
937 889 1148 944 assecutionem
1167 891 1287 945 aliorum
1304 891 1511 946 beneficiorum
1529 894 1716 960 prejudicium
1733 913 1781 962 ge-

416 968 510 1034 nerari,
529 981 582 1024 aut
601 972 627 1025 si
647 970 761 1037 prefato
779 972 913 1038 episcopo
930 973 976 1027 vei
995 973 1143 1038 quibusvis
1159 973 1221 1027 aliis
1238 977 1425 1030 communiter
1439 977 1483 1032 vel
1499 977 1611 1031 divisim
1627 979 1664 1031 ab
1679 979 1779 1034 eadem

422 1046 454 1102 sit
467 1049 540 1106 Sede
557 1052 706 1108 indultum
722 1054 800 1119 quod
816 1054 854 1109 ad
872 1056 1064 1121 receptionem
1080 1056 1127 1109 vel
1146 1055 1337 1121 provisionem
1357 1058 1475 1121 alicujus
1494 1060 1610 1114 minime
1630 1070 1780 1114 teneantur

429 1142 452 1184 et
470 1133 504 1186 ad
526 1132 556 1189 id
579 1136 716 1201 compelli
740 1153 799 1190 non
823 1137 931 1202 possint
963 1138 1098 1203 quodque
1120 1138 1157 1191 de
1175 1138 1381 1205 personatibus,
1401 1141 1593 1209 dignitatibus,
1612 1141 1715 1197 officiis
1734 1145 1779 1197 vel

433 1212 562 1270 benediciis
584 1217 786 1273 ecclesiasticis
806 1218 843 1273 ad
863 1236 962 1274 eorum
983 1219 1174 1287 collationem,
1216 1220 1414 1286 provisionem,
1446 1224 1687 1286 presentationem
1728 1244 1779 1281 seu

439 1312 625 1363 omnemnque
652 1299 739 1354 aliam
764 1300 987 1365 dispositionem
1014 1301 1189 1364 coniunctim
1218 1303 1264 1356 vel
1295 1305 1455 1369 separatim,
1486 1307 1679 1369 spectantibus
1709 1309 1780 1362 nulli

443 1379 515 1433 met
529 1380 672 1445 provideri
692 1397 744 1445 per
762 1381 870 1436 litteras
888 1383 1060 1447 apostolicas
1079 1400 1139 1437 non
1179 1384 1316 1439 facientes
1347 1386 1462 1450 plenam
1494 1396 1521 1439 et
1552 1405 1716 1452 expressam
1746 1408 1780 1443 ae

446 1460 561 1515 deverbo
581 1463 760 1516 adverbum
780 1462 817 1517 de
837 1461 948 1517 indulto
967 1463 1131 1527 huiusmodi
1149 1465 1324 1519 mentionem
1343 1475 1371 1520 et
1388 1467 1515 1531 qualibet
1532 1468 1589 1521 alia
1608 1470 1682 1523 dicte
1699 1470 1781 1524 Sedis

449 1539 595 1605 indulgentia
626 1542 756 1607 generali
786 1544 830 1597 vel
862 1543 986 1610 speciali,
1017 1544 1224 1611 cujuscumque
1243 1546 1348 1600 tenoris
1368 1548 1476 1611 existat,
1495 1565 1651 1613 perquam
1670 1566 1781 1613 presen-

451 1622 501 1675 tibus
519 1640 572 1678 non
594 1641 760 1690 expressam
780 1625 825 1679 vel
845 1625 971 1680 totaliter
992 1643 1051 1680 non
1071 1627 1215 1691 insertam,
1240 1628 1360 1682 effectus
1385 1629 1547 1692 hujusmodi
1570 1641 1666 1684 nostre
1688 1634 1781 1697 gratie

452 1705 548 1770 inpedin'
566 1708 661 1763 valeat
682 1709 897 1775 quomodolibet
916 1710 961 1763 vel
980 1708 1098 1775 differri
1120 1720 1148 1764 et
1166 1711 1203 1764 de
1222 1727 1278 1775 qua
1297 1712 1434 1776 cujusque
1452 1722 1512 1766 toto
1532 1722 1629 1766 tenore
1647 1714 1780 1767 habenda

453 1787 512 1842 sitin
528 1790 627 1844 nostris
650 1790 750 1844 litteris
770 1792 878 1846 mentio
898 1791 1038 1858 specialis,
1061 1801 1112 1844 aut
1131 1790 1155 1844 si
1172 1808 1289 1856 presens
1308 1809 1367 1846 non
1382 1792 1470 1847 fueris
1488 1794 1526 1847 ad
1543 1795 1728 1858 prestandum
1744 1797 1781 1849 de

454 1868 602 1925 observandis
619 1873 733 1926 statutis
752 1882 780 1926 et
797 1873 1048 1927 consuetudinibus
1067 1871 1187 1926 ecclesie
1207 1874 1237 1928 in
1255 1890 1311 1938 qua
1330 1873 1493 1937 hujusmodi
1511 1875 1684 1929 beneficium
1703 1876 1781 1930 forsi-

456 1952 577 2019 tufuerit,
594 1953 710 2007 solitum
726 1954 924 2018 juramentum,
943 1955 1099 2008 dummodo
1119 1954 1148 2008 in
1172 1955 1301 2009 absentia
1327 1965 1376 2009 tua
1401 1974 1452 2021 per
1476 1967 1689 2020 procuratorem
1713 1960 1779 2022 ydo-

457 2047 515 2088 neum
530 2046 555 2089 et
575 2052 642 2089 cum
662 2036 700 2090 ad
721 2035 872 2091 eeclesiam
893 2036 986 2101 ipsam
1004 2036 1158 2090 accesseris
1182 2037 1366 2101 corporaliter
1388 2038 1458 2091 illud
1479 2048 1596 2104 prestes,

478 2130 514 2168 seu
527 2117 602 2181 quod
618 2117 648 2171 in
665 2117 838 2172 virdunensi
856 2117 1054 2172 canonicatum
1072 2128 1100 2171 et
1120 2119 1296 2182 prebendam
1322 2119 1434 2173 obtines
1462 2129 1489 2172 et
1516 2120 1545 2173 in
1572 2120 1781 2175 Liehefeldensi

457 2197 547 2252 eclesiis
574 2199 628 2252 sub
658 2198 857 2264 expectatione
886 2209 1019 2254 vacature
1048 2200 1196 2264 prebende
1233 2200 1401 2254 auctoritate
1429 2203 1586 2267 apostolica
1613 2203 1642 2257 in
1670 2205 1782 2258 canoni-

457 2292 498 2332 nm
512 2298 536 2334 es
552 2281 691 2348 receptus,

478 2362 520 2417 sive
536 2366 612 2430 quod
631 2366 737 2431 pateris
758 2365 787 2419 in
807 2365 953 2420 ordinibus
975 2375 1002 2418 et
1023 2376 1099 2419 etate
1119 2365 1272 2430 defectum,
1295 2383 1360 2421 eum
1382 2366 1410 2421 in
1432 2368 1587 2421 minoribus
1608 2379 1718 2423 tanturn
1740 2387 1782 2424 or·

457 2440 536 2499 dinbus
550 2457 577 2500 et
591 2446 621 2500 in
635 2446 771 2500 vicesimo
785 2456 833 2500 tue
849 2447 931 2501 etatis
947 2462 1022 2499 armo
1035 2445 1079 2499 vel
1101 2445 1175 2499 circa
1193 2447 1273 2501 illum
1289 2447 1456 2501 constitutus
1475 2466 1537 2501 esse
1553 2445 1670 2511 dicaris;
1687 2458 1781 2501 tecum

404 2585 405 2589 Ἰ
459 2523 540 2591 imper
568 2546 602 2583 ex
636 2527 774 2582 uberioris
805 2529 882 2582 dono
914 2529 1005 2592 gratie
1038 2528 1237 2594 dispensamus
1271 2538 1301 2581 ut
1332 2528 1495 2592 hujusmodi
1526 2529 1700 2583 beneficium
1731 2547 1783 2595 per

457 2620 490 2659 nes
512 2608 555 2663 tibi
585 2619 770 2673 reservatum,
802 2610 888 2663 etiam
920 2610 943 2663 si
975 2607 1099 2673 dignitas
1131 2610 1176 2662 vel
1203 2620 1370 2674 personatus
1397 2620 1445 2663 aut
1469 2610 1599 2664 officium
1626 2611 1728 2665 existat
1754 2620 1782 2664 et

456 2699 501 2740 tua
516 2689 551 2745 illi
571 2689 719 2745 imnineat
741 2690 908 2756 animarum,
932 2690 1020 2745 libere
1043 2691 1172 2755 recipere
1202 2708 1244 2755 ac,
1275 2702 1426 2755 postquam
1458 2692 1549 2756 ipsum
1579 2692 1659 2755 juxta
1689 2692 1782 2756 hujus

456 2770 507 2823 nudi
524 2784 617 2826 nostre
640 2772 838 2827 reservationis
861 2782 990 2827 tenorem
1013 2772 1100 2827 fueris
1120 2773 1240 2837 pacifice
1256 2783 1410 2839 assecutus,
1428 2790 1482 2826 una
1499 2791 1563 2826 curn
1579 2774 1686 2827 eisdem
1702 2791 1782 2828 cano-

457 2850 562 2910 nicatibus
583 2866 611 2911 et
635 2856 788 2922 prebendis
811 2874 882 2921 quos
905 2858 1016 2911 obtines
1049 2874 1083 2909 ac
1104 2856 1179 2910 dicta
1205 2857 1351 2921 prebenda
1377 2857 1463 2921 ipsius
1491 2856 1714 2910 Liehefeldensis
1741 2875 1782 2912 ec·

456 2934 520 2999 clete,
534 2956 597 2993 curn
612 2939 690 2992 illam
704 2938 792 2993 fueris
808 2949 961 3005 assecunts,
979 2938 1099 2994 retinere
1120 2938 1195 2992 licite
1224 2939 1328 3003 valeas,
1358 2940 1469 3004 prefato
1497 2940 1612 2993 defectu
1642 2941 1723 2994 etatis
1753 2950 1782 2994 et

456 3017 554 3075 ordinum
576 3037 690 3075 necnon
713 3021 913 3076 constitutione
937 3022 1080 3085 generalis
1101 3020 1221 3075 Concilii
1252 3031 1279 3074 et
1309 3022 1436 3085 qualibet
1466 3022 1534 3075 alia·
1552 3022 1692 3076 contraria
1723 3039 1781 3075 non

455 3097 606 3171 obstantibus,
630 3103 744 3170 proviso
766 3104 843 3168 quod
867 3103 1049 3157 canonicatus
1073 3112 1100 3156 et
1121 3103 1267 3168 prebenda
1293 3103 1413 3168 predicti
1440 3120 1519 3168 quos,
1547 3113 1577 3156 ut
1604 3103 1781 3166 premittitur,

455 3178 536 3237 obtines
552 3202 584 3237 ac
603 3184 659 3239 alia
679 3184 805 3248 predicta
822 3184 977 3249 prebenda,
996 3200 1082 3248 quam
1103 3194 1244 3250 expectas,
1271 3194 1298 3236 et
1324 3183 1486 3246 hujusmodi
1511 3183 1691 3246 beneficium,
1718 3199 1783 3235 cum

456 3258 487 3314 illa
505 3263 635 3330 habueris,
660 3264 764 3318 debitis
787 3264 933 3329 obsequiis
956 3281 1015 3317 non
1038 3264 1209 3318 fraudentur
1227 3275 1253 3318 et
1272 3264 1430 3317 animarum
1449 3282 1523 3326 cura,
1543 3266 1566 3317 si
1584 3264 1667 3317 alicui
1686 3281 1784 3317 eorum

457 3338 488 3394 illa
504 3345 613 3401 forsitan
637 3347 773 3406 imminet,
798 3346 960 3400 nullatenus
985 3346 1156 3410 negligatur,
1178 3348 1311 3410 quodque
1334 3357 1372 3408 tu
1395 3355 1544 3411 postquam
1568 3346 1604 3399 ad
1627 3344 1784 3407 legitimam

456 3432 532 3480 natetn
553 3428 723 3493 perveneris,
748 3438 777 3482 te
801 3427 890 3481 facias
916 3427 953 3480 ad
977 3428 1100 3490 ordines,
1132 3437 1214 3492 prout
1249 3427 1378 3490 ejusdem
1409 3425 1543 3481 beneficii
1567 3444 1634 3479 cura
1659 3425 1781 3490 requirit,

457 3509 722 3575 numismatibus
737 3508 905 3574 promoveri.
921 3498 1000 3562 Nulli
1015 3524 1083 3571 ergo
1105 3518 1200 3561 nostre
1232 3508 1437 3569 reservationis,
1470 3507 1651 3572 inhibitionis,
1682 3506 1782 3560 consti·

457 3586 541 3643 utonis
554 3601 581 3644 et
595 3589 814 3655 dispensationis
829 3589 984 3653 infringere
1000 3599 1052 3645 etc.

480 3664 565 3725 Datum
588 3671 730 3726 Avinione
756 3672 782 3725 11
807 3670 865 3730 kal,
889 3670 1002 3735 augusti
1025 3687 1100 3724 anno
1122 3670 1211 3725 tertio.

482 3831 504 3884 ln
522 3835 639 3889 eundem
662 3835 780 3888 modurn
804 3834 913 3889 dilectis
938 3834 1038 3892 filiis..
1066 3835 1163 3889 abbati
1185 3834 1347 3888 monasterii
1367 3835 1395 3887 S.
1415 3834 1514 3897 Jacobi
1533 3843 1594 3890 et.
1614 3832 1723 3884 decano
1742 3848 1784 3883 ec-

457 3905 516 3965 duic
528 3914 552 3969 S.
570 3916 764 3970 Bartlmlomei
781 3916 946 3971 Leodiensis
961 3933 995 3969 ac
1010 3916 1149 3979 magistro
1173 3916 1375 3968 Bartholomeo
1398 3915 1434 3969 de
1458 3915 1558 3978 Regio,
1582 3914 1720 3967 canonico
1742 3915 1784 3978 Ja-

457 3992 535 4057 uest
550 3997 670 4051 salutem
697 4008 750 4051 ete.

479 4072 542 4130 Sedis
555 4078 711 4144 apostolice
728 4080 853 4143 gratiosa
868 4090 920 4134 ete.
936 4096 1027 4143 usque
1044 4078 1219 4144 temporibus
1236 4077 1405 4142 promoveri.

480 4154 597 4217 Quocirca
621 4162 792 4214 mandamus
818 4172 958 4226 quatenus
982 4178 1033 4214 vos
1057 4162 1101 4214 vel
1125 4162 1182 4214 duo
1199 4171 1247 4214 aut
1262 4177 1336 4213 unus
1353 4170 1484 4221 vestrum,
1503 4176 1553 4223 per
1569 4176 1618 4210 vos
1636 4158 1679 4211 vel
1697 4158 1784 4209 alium

458 4241 573 4305 mattos,
593 4243 757 4306 hujusmodi
777 4242 950 4297 beneficium
971 4261 1021 4310 per
1040 4258 1100 4303 nos,
1122 4253 1152 4295 ut
1183 4243 1360 4308 premittitur,
1392 4251 1573 4303 reservatum,
1605 4239 1627 4292 si
1657 4250 1784 4303 tempore

458 4312 584 4379 huiusmodi
618 4335 714 4379 nostre
746 4325 942 4379 reservationis
975 4325 1003 4378 in
1035 4324 1117 4380 dictis
1146 4325 1258 4387 civitate
1283 4335 1310 4377 et
1333 4323 1438 4378 diocesi
1462 4323 1580 4375 vacabat
1614 4325 1656 4374 vel
1681 4333 1784 4375 extunc

458 4404 537 4458 vacam
574 4410 617 4462 vei
650 4408 859 4472 quamprimum
892 4425 994 4462 vacare
1026 4406 1186 4471 contigerit,
1216 4408 1344 4472 predicto
1375 4404 1504 4469 Johanni,
1536 4405 1579 4457 vel
1610 4404 1785 4467 procuratori

458 4494 494 4535 δυο
509 4486 561 4549 eius
582 4489 706 4550 nomine,
729 4500 792 4553 post
816 4490 1041 4554 acceptationem
1065 4489 1236 4551 hujusmodi,
1253 4505 1318 4541 cum
1334 4488 1465 4541 omnibus
1480 4487 1587 4549 juribus
1604 4497 1630 4539 et
1648 4486 1786 4549 pertinen-

459 4558 489 4614 [ἥδ
508 4567 554 4623 nis
585 4570 753 4624 auctoritate
778 4581 875 4625 nostra
901 4571 1032 4625 conferre
1058 4581 1085 4623 et
1106 4570 1252 4633 assignare
1269 4572 1380 4634 curetis,
1399 4569 1564 4622 inducentes
1582 4584 1654 4629 eum,
1671 4567 1715 4620 vel
1733 4565 1786 4619 dic-

460 4650 711 4713 tmpocuratorem
724 4669 776 4716 pro
789 4669 832 4715 eo,
847 4651 874 4706 in
888 4650 962 4705 illius
974 4652 1151 4717 corporalem
1162 4651 1379 4717 'possessionem
1390 4661 1416 4703 et
1427 4650 1615 4704 defendentes
1632 4648 1786 4712 inductum,

460 4723 565 4787 fatientes
583 4734 676 4801 ipsum
698 4734 870 4788 vel'dietum
891 4744 1104 4800 procuratorem
1126 4751 1176 4799 pro
1200 4730 1269 4797 ipso,
1296 4732 1333 4785 ad
1357 4732 1434 4797 illud,
1460 4741 1490 4785 ut
1515 4740 1557 4784 est
1580 4734 1674 4793 moris,
1699 4730 1786 4793 recipi

461 4809 584 4868 ele'tirnitti
605 4814 723 4879 sibique,
744 4814 790 4868 vel
811 4814 905 4868 eidem
926 4812 1101 4880 procuratori
1124 4812 1175 4877 pr'o
1194 4830 1235 4868 eo.
1254 4812 1289 4865 de
1307 4812 1393 4876 ipsius
1410 4810 1544 4864 beneficii
1562 4811 1705 4873 fructibus,
1725 4811 1784 4864 red·

462 4884 546 4951 tium,
563 4896 749 4962 proventibus,
761 4917 763 4924 ·
770 4896 878 4959 juribus
897 4905 924 4950 et
942 4894 1161 4949 obventionibus
1182 4894 1318 4947 universis
1339 4896 1450 4956 integre
1470 4892 1642 4958 responderi,
1663 4910 1721 4945 non
1742 4893 1787 4946 ob-

461 4971 569 5029 ⁵mitibus
590 4977 723 5031 omnibus
749 4977 924 5043 supradictis,
952 4994 1004 5030 seu
1028 4975 1052 5029 si
1079 4976 1174 5029 eidem
1196 4974 1329 5040 episcopo
1351 4975 1395 5028 vel
1417 4976 1561 5039 quibusvis
1583 4974 1644 5028 aliis
1667 4989 1788 5026 commu-

462 5045 517 5103 niter
528 5059 566 5111 vel
581 5058 688 5114 divisim
707 5077 724 5113 a
743 5057 855 5124 prefata
872 5059 947 5112 Sede
964 5056 1104 5111 indultum
1127 5076 1142 5111 e
1163 5058 1228 5111 istat
1252 5057 1330 5121 quod
1355 5057 1489 5116 interdici,
1515 5054 1650 5120 suspendi
1675 5054 1719 5106 vel
1744 5071 1788 5107 ex-

463 5137 629 5193 manicati
644 5158 703 5194 non
719 5140 827 5205 possint
845 5156 896 5203 per
912 5138 1018 5194 litteras
1034 5077 1207 5202 apostolicas
1235 5155 1292 5192 non
1318 5137 1456 5192 facientes
1484 5136 1603 5203 plenam
1625 5145 1651 5188 et
1679 5150 1788 5209 expres-

465 5224 513 5265 sam
523 5232 550 5270 ae
561 5219 593 5274 de
607 5222 692 5277 verbo
706 5223 744 5276 ad
757 5222 877 5276 verbum
892 5220 929 5275 de
944 5220 1054 5276 indulto
1069 5221 1106 5273 hu
1109 5219 1233 5283 jusmodi
1247 5220 1430 5273 mentionem.

503 5329 782 5388 intentamenta.
796 5337 829 5379 rt.
1720 5329 1745 5371 b
