4409 6017
897 720 1053 787 Neuvitme
1075 720 1178 787 anne'e
1660 722 1719 788 525

404 873 554 958 1400.
1319 905 1414 969 1324,
1430 904 1471 968 23
1487 888 1675 973 septembre.

401 993 550 1071 Johanni
581 992 624 1058 de
655 990 802 1056 Roseriis
832 990 1003 1057 confertur
1029 991 1248 1056 canonicatus
1278 991 1419 1055 ecclesie
1452 989 1626 1056 Bisuntine
1658 995 1718 1057 sub

356 1099 595 1185 expectatione
613 1094 793 1184 prebende,
810 1114 879 1160 non
902 1096 1061 1161 obstante
1077 1093 1168 1179 quod
1189 1094 1222 1158 in
1239 1093 1380 1159 ecclesia
1397 1093 1428 1159 S.
1445 1093 1464 1171 J
1468 1095 1609 1161 ohannis
1634 1095 1718 1161 Leo-

356 1202 482 1268 diensis
498 1200 735 1269 canonicatum
758 1208 793 1264 et
809 1197 1014 1285 prebendam
1030 1197 1162 1265 obtinet
1179 1206 1214 1263 et
1228 1197 1430 1264 beneficium
1453 1199 1719 1266 ecclesiasticum

356 1304 401 1370 ad
417 1306 634 1372 collationem
649 1302 892 1389 archiepiscopi
910 1301 1075 1369 Bisuntini
1092 1309 1263 1388 expectat.

404 1407 624 1494 Suffragantia
639 1406 740 1473 tibi...

404 1512 482 1577 Dat.
499 1513 598 1579 Avin.
616 1531 633 1591 9
650 1511 717 1577 lral.
733 1511 880 1578 octobris
898 1531 989 1577 anno
1008 1531 1037 1591 9.

404 1615 444 1679 In
461 1638 490 1682 e.
506 1637 550 1681 rn.
567 1616 608 1682 de
625 1615 778 1681 Luxovio
793 1623 828 1680 et
843 1615 885 1680 de
902 1614 1005 1680 Lutra
1027 1612 1308 1679 monasteriorum
1332 1614 1520 1697 abbatibus,
1543 1616 1718 1684 Bisuntiue

357 1717 512 1800 diocesis,
537 1741 577 1786 ac
600 1720 757 1805 magistro
785 1719 886 1785 Petro
910 1717 952 1784 de
975 1716 1118 1803 Vigono,
1142 1717 1307 1784 canonico
1330 1716 1543 1802 Novariensi,
1566 1724 1719 1808 scriptori

357 1844 458 1910 pape.

391 1961 454 2021 Reg.
470 1963 516 2010 Av.
532 1964 571 2021 22,
586 1962 695 2015 [106st
710 1960 767 2008 vat.
780 1963 819 2018 78,
834 1960 852 2009 f.
869 1962 919 2018 liv,
934 1974 960 2008 n.
975 1961 1015 2008 37.

407 2149 547 2233 1401.
1319 2182 1414 2246 1324,
1431 2182 1472 2247 24
1488 2168 1676 2251 septembre.

403 2267 536 2333 Thome
551 2267 643 2333 dicto
659 2266 845 2348 Chevalier,
862 2275 943 2332 nato
958 2264 978 2342 J
981 2264 1126 2331 ohannis
1141 2264 1222 2330 dicti
1239 2262 1428 2345 Cbevalier,
1439 2267 1608 2333 confertur
1620 2292 1720 2337 cano-

355 2372 490 2438 nicatus
506 2370 646 2437 ecclesie
662 2371 693 2437 S.
711 2370 922 2437 Donatiani⁰
946 2368 1134 2453 Brugensis,
1160 2368 1385 2434 Tornacensis
1400 2369 1551 2451 diocesis
1577 2376 1636 2438 sub
1664 2396 1720 2439 ex-

356 2476 553 2563 pectatione
569 2475 750 2560 prebende.

404 2580 586 2646 Probitatis
609 2589 706 2645 tue...

403 2685 484 2751 Dat.
500 2684 600 2750 Avin.
618 2686 636 2749 8
653 2682 719 2748 kal.
736 2681 884 2748 octobris
899 2701 989 2747 anno
1006 2701 1034 2761 9.

404 2788 444 2854 In
471 2811 500 2854 e.
524 2810 568 2855 m.
591 2786 692 2874 priori
718 2786 749 2852 S.
773 2784 922 2870 Nicolay
945 2793 979 2849 et
1002 2784 1192 2850 succentori
1219 2771 1353 2869 majoris
1379 2783 1653 2853 Laudunensium
1682 2810 1722 2856 ac

357 2895 462 2959 Petro
477 2893 519 2959 de
536 2892 676 2972 Fractis,
693 2889 882 2977 primicerio
897 2889 1063 2954 Gaietane
1079 2888 1304 2955 ecclesiarum.

392 3036 454 3096 Reg.
469 3038 517 3087 Ar.
531 3039 570 3095 22,
583 3036 601 3083 l.
617 3038 659 3084 10ν
671 3051 676 3090 ;
690 3035 748 3082 Vat.
762 3036 800 3094 78,
818 3034 836 3083 t.
849 3036 888 3093 29,
901 3049 926 3083 n.
939 3036 977 3083 73.

406 3220 549 3304 1402.
1322 3256 1417 3320 1324,
1434 3258 1475 3320 24
1490 3241 1678 3325 septembre.

404 3340 423 3418 J
427 3341 552 3406 ohanni
565 3341 607 3407 de
618 3340 783 3420 Growart,
794 3338 887 3405 dicto
903 3337 1157 3419 Chamberlenc,
1165 3338 1334 3405 confertur
1349 3342 1566 3408 canonicatus
1582 3344 1722 3409 ecclesie

359 3445 391 3509 S.
409 3444 585 3530 Gangetici
604 3444 856 3511 Cameracensis
871 3446 932 3510 sub
949 3443 1187 3529 expectatione
1204 3444 1384 3528 prebende.

405 3549 457 3613 Ex
473 3558 531 3614 tue
546 3548 779 3615 devotionis...

405 3654 484 3718 Dat.
500 3654 601 3719 Avin.
615 3655 633 3718 8
650 3651 717 3718 kal.
734 3651 884 3718 octobris
901 3671 991 3717 anno
1009 3672 1038 3732 9.

405 3756 445 3820 ln
470 3778 561 3822 em.
589 3756 688 3843 priori
713 3756 744 3821 S.
762 3754 908 3840 Nicolay
933 3763 968 3820 et
990 3754 1181 3821 succentori
1206 3753 1478 3821 Laudunensium
1501 3776 1540 3821 ac
1557 3757 1658 3822 Petro
1680 3759 1722 3824 de

362 3859 500 3940 Fractis,
517 3860 706 3946 primicerio
723 3859 887 3925 Gaietane
904 3858 1130 3925 ecclesiarum.
1315 3859 1319 3865 ’

394 4003 454 4062 ch.
468 4005 514 4050 Aa.
527 4004 564 4060 22,
579 4001 596 4050 l.
613 4003 654 4048 illv
667 4017 671 4055 ;
686 4001 744 4050 Vat.
758 4002 795 4058 78,
809 4001 826 4048 f.
842 4003 881 4058 22⁸,
896 4013 921 4046 n.
941 4000 978 4046 ll.

406 4188 722 4273 1403-1406.
1308 4222 1401 4286 1324,
1426 4223 1467 4286 24
1490 4205 1678 4289 settembre.

403 4307 569 4388 Johanne,
592 4315 670 4373 nate
692 4307 861 4392 quondam
879 4307 1028 4388 Roberti,
1043 4307 1177 4373 comitis
1203 4305 1368 4387 Flandrie,
1385 4306 1521 4371 domine
1542 4306 1583 4371 de
1599 4307 1723 4371 Sancto

360 4413 514 4492 Gobano,
538 4411 771 4477 Laudunensis
786 4412 941 4492 diocesis,
959 4412 1149 4497 indulgetur
1165 4419 1200 4475 ut
1218 4410 1442 4476 consessorem
1465 4410 1585 4495 eligere
1609 4410 1723 4496 possit.

405 4518 587 4582 Personam
604 4524 738 4580 tuam...

404 4622 484 4686 Dat.
501 4620 601 4685 Avin.
620 4621 638 4683 8
655 4618 722 4684 kal.
740 4620 886 4684 octobris
902 4641 993 4686 anno
1011 4641 1039 4701 9.

394 4744 456 4803 llog.
476 4746 522 4790 An.
535 4745 572 4793 22.
586 4742 604 4789 l.
619 4742 663 4788 111
677 4756 682 4788 ι
702 4740 758 4788 vat.
774 4742 841 4799 751.
856 4744 893 4796 29,
907 4758 932 4790 n.
944 4746 980 4791 ro.

408 4912 518 4973 1404.
534 4947 573 4955 -
591 4906 709 4971 Eidem
726 4906 880 4988 Jolranne
898 4905 1092 4971 conceditur
1109 4905 1249 4970 facultas
1265 4902 1409 4969 habendi
1434 4902 1540 4967 altare
1556 4901 1723 4986 portatile.

389 5179 416 5210 n.
430 5164 454 5209 5.
469 5164 565 5212 Donati
580 5178 634 5223 rep.
