4409 6017
492 710 549 775 158
1026 706 1183 773 lleuxitme
1204 707 1307 773 annes.

493 859 778 945 Compostellan0,
791 877 831 923 ac
847 856 967 923 nostris
983 866 1017 923 et
1036 858 1220 943 apostolice
1237 858 1330 925 Sedis
1346 858 1480 924 nuntiis.
1491 857 1579 942 Quia
1594 877 1694 943 super
1708 865 1847 921 tractatu

492 965 583 1052 pacis
613 962 768 1029 Flandrie
793 962 960 1046 ipsiusque
990 961 1246 1027 circumstantiis
1269 962 1350 1028 satis
1379 963 1478 1047 plene
1503 961 1672 1027 informati
1696 960 1787 1041 estis,
1816 969 1850 1025 ut

493 1068 668 1147 credimus,
699 1065 803 1130 veluti
828 1064 882 1149 qui
906 1065 1033 1150 jamdiu
1057 1065 1144 1130 circa
1169 1065 1262 1130 illum
1290 1067 1404 1132 sedule
1430 1066 1551 1152 versati
1579 1066 1696 1148 fuistis,
1719 1065 1851 1151 expedit

492 1172 636 1259 penitus,
652 1178 688 1235 et
703 1191 765 1235 nos
790 1169 854 1235 hoc
881 1170 988 1255 ipsum
1013 1169 1108 1234 vobis
1132 1170 1332 1256 precipimus
1356 1180 1391 1235 et
1418 1171 1625 1251 mandamus,
1651 1178 1687 1235 ut
1712 1191 1755 1235 eo
1777 1191 1852 1236 casu

493 1297 560 1361 quo
575 1277 701 1360 regales
716 1280 751 1338 et
767 1273 899 1339 comitis
916 1272 1071 1339 Flandrie
1087 1274 1223 1339 nuntios
1239 1283 1387 1339 nostram
1412 1274 1613 1360 presentiam
1636 1283 1753 1361 petere
1770 1274 1854 1340 forte

493 1379 670 1463 contigerit
685 1398 745 1463 pro
761 1385 908 1443 tractatu
924 1376 1123 1461 hujusmodi,
1139 1398 1200 1442 vos
1215 1380 1316 1442 ambo
1331 1378 1373 1444 ad
1400 1399 1462 1443 nos
1477 1378 1636 1444 accedere
1663 1379 1855 1444 nullatenus

493 1483 667 1563 omittatis,
680 1482 722 1546 de
737 1489 884 1548 tractatu
900 1492 934 1546 et
950 1481 1209 1547 circumstantiis
1233 1482 1410 1548 antedictis
1435 1493 1584 1548 nostram
1606 1482 1854 1548 solicitudinem

493 1586 635 1653 fideliter
651 1585 852 1662 instructori,
869 1605 936 1650 non
955 1588 1111 1650 obstante
1128 1584 1217 1668 quod
1233 1586 1314 1650 alias
1330 1586 1425 1652 vobis
1440 1586 1607 1671 scripsisse
1630 1586 1854 1667 meminimus,

493 1700 530 1756 nt
545 1700 592 1770 tu,
609 1690 654 1754 fili
671 1691 789 1767 electe,
806 1688 949 1774 peractis
964 1688 1151 1754 commissis
1167 1687 1314 1773 agendis,
1330 1689 1372 1754 ad
1398 1711 1458 1754 nos
1473 1697 1567 1755 recto
1590 1688 1726 1754 tramite
1749 1689 1855 1755 redire

492 1794 640 1873 deberes,
663 1801 708 1872 te,
733 1791 832 1857 frater
859 1791 1117 1877 archiepiscope,
1143 1791 1176 1856 in
1202 1793 1378 1858 commissa
1403 1793 1462 1879 tibi
1490 1791 1687 1859 Bituricensi
1713 1793 1855 1859 ecclesia

492 1917 684 1963 remansuro
700 1902 757 1980 (¹).
782 1894 837 1961 Ad
851 1896 1076 1961 amovendum
1100 1903 1214 1960 autem
1230 1895 1446 1961 dubitationis
1461 1896 1637 1981 cujuslibet
1652 1899 1855 1983 scrupulum,

493 2022 593 2086 quem
609 2000 846 2066 nonnullorum
861 1999 1060 2085 disceptatio
1075 2012 1087 2035 ⁶
1104 1998 1234 2064 curiosa
1250 2008 1364 2084 posset
1376 2000 1532 2066 inducere
1548 2020 1609 2085 pro
1623 2021 1666 2065 eo
1681 2001 1773 2085 quod
1784 2001 1855 2079 tibi,

493 2105 538 2168 fili
554 2106 672 2185 electe,
689 2124 757 2169 non
774 2111 810 2168 ut
827 2104 947 2182 elect0,
963 2110 1014 2167 set
1038 2111 1075 2167 ut
1097 2102 1256 2186 magistro
1280 2103 1404 2169 ordinis
1426 2103 1597 2186 antedicti,
1622 2104 1772 2190 injuncta
1795 2106 1854 2171 tibi

494 2208 628 2292 negotia
643 2206 872 2273 commisimus
887 2205 1093 2289 exequenda,
1110 2206 1238 2271 litteras
1261 2208 1460 2292 apostolicas
1475 2215 1545 2274 tam
1570 2207 1630 2273 tibi
1654 2228 1757 2293 quam
1782 2209 1854 2288 illis,

493 2312 549 2397 qui
574 2313 702 2376 solvere
723 2310 848 2375 debent
871 2308 932 2374 tibi
957 2309 1134 2395 stipendia,
1150 2309 1320 2394 dirigimus
1346 2331 1444 2396 super
1470 2311 1535 2378 hoc
1565 2319 1759 2397 oportunas.
1777 2311 1854 2382 Dat.

497 2413 597 2478 Avin.
612 2433 628 2497 5
647 2412 689 2478 id.
706 2411 852 2477 octobris
869 2412 914 2496 (²)
933 2434 961 2477 r.

528 2568 587 2627 fleg.
599 2566 657 2615 l'at.
673 2569 723 2622 loll,
736 2567 754 2616 1.
767 2568 819 2622 llll,
834 2581 859 2615 n.
874 2568 922 2612 3119
933 2582 938 2616 ;
951 2566 1010 2614 l'at.
1026 2569 1077 2623 llo,
1092 2581 1150 2628 pars
1159 2568 1180 2626 l,
1190 2568 1208 2615 f.
1221 2569 1260 2624 la,
1272 2583 1298 2615 n.
1311 2569 1363 2617 1311.
1377 2596 1396 2602 --
1416 2568 1522 2629 Coulon,
1535 2585 1561 2619 n.
1573 2571 1621 2619 405
1630 2572 1737 2634 (texte).

535 2725 655 2810 439.
1502 2772 1598 2837 1317,
1618 2775 1656 2836 17
1673 2760 1812 2825 octobre.

537 2843 697 2910 Nicolino
712 2844 754 2910 de
777 2843 903 2928 Canali,
927 2850 1091 2916 canonico
1115 2850 1309 2935 Morinensi,
1333 2855 1448 2941 nepoti
1472 2856 1654 2942 Guillelrni,
1673 2863 1705 2928 S.
1722 2863 1854 2931 Nicolai

493 2950 527 3015 in
542 2949 682 3016 Carcere
697 2949 854 3016 Tulliano
868 2948 999 3016 diaconi
1016 2954 1201 3036 cardinalis,
1210 2955 1399 3041 indulgetur
1415 2968 1461 3040 ut,
1472 2960 1658 3032 insistendo
1672 2968 1855 3035 scolasticis

490 3052 682 3140 disciplinis,
698 3053 823 3119 fructus
844 3054 1087 3137 prebendarum
1113 3078 1194 3141 quas
1221 3060 1254 3123 in
1283 3059 1468 3128 Morinensi
1487 3083 1527 3129 ac
1543 3063 1574 3128 S.
1593 3060 1734 3128 Martini
1750 3063 1854 3129 Turo-

492 3149 604 3214 nensis
619 3151 768 3216 ecclesiis
783 3155 913 3221 obtinet
926 3161 1051 3243 absque
1066 3161 1246 3227 residentia
1262 3164 1432 3250 percipere
1448 3168 1570 3232 valeat.

536 3249 622 3316 Cum
638 3253 763 3322 sicut...

535 3354 613 3420 Dat.
629 3358 728 3423 Avin.
749 3366 786 3425 16
803 3361 868 3426 kal.
886 3367 1077 3431 novembris
1093 3388 1185 3433 anno
1204 3390 1232 3434 2.

535 3457 575 3522 In
591 3480 620 3524 e.
637 3481 680 3525 m.
697 3463 930 3531 archidiacono
948 3467 1158 3554 Pergamensi
1182 3482 1220 3538 et
1245 3475 1372 3539 cantori
1388 3474 1593 3543 Turonensis
1619 3498 1658 3543 ac
1677 3476 1855 3545 Francisco

490 3560 532 3626 de
549 3560 829 3648 Montellascone,
852 3572 1016 3637 canonico
1033 3576 1264 3642 Atrebatensis
1280 3579 1510 3645 ecclesiarum.

525 3699 585 3761 sag.
597 3703 676 3756 nna.
691 3704 707 3751 r.
721 3707 783 3755 ars:
800 3706 858 3756 rat.
870 3710 907 3769 or,
921 3710 939 3757 r.
955 3712 1020 3770 rosv,
1036 3726 1062 3760 n.
1074 3715 1131 3762 517.

537 3869 660 3953 440.
1507 3926 1602 3991 1317,
1621 3912 1662 3975 18
1676 3914 1814 3978 octobre.

538 3988 654 4055 Salvus
669 3993 854 4060 conductus
871 4017 930 4081 pro
952 3986 1111 4082 Henrico,
1127 4023 1297 4087 germano,
1314 4015 1349 4072 et
1366 4006 1515 4075 Roberto
1531 4010 1573 4076 de
1590 4010 1756 4095 Flandria,
1767 4024 1856 4094 nate,

494 4111 534 4156 ac
550 4090 735 4160 Balderino
751 4097 792 4161 de
815 4098 1014 4184 Zinebeque,
1031 4105 1142 4186 legum
1159 4108 1353 4190 professore,
1366 4112 1552 4179 consiliario
1569 4114 1858 4197 Roberti,comitis

497 4192 662 4277 Flandrie,
679 4201 804 4266 nuntiis
829 4204 895 4267 suis
920 4205 962 4269 ad
986 4227 1119 4291 papam,
1136 4219 1170 4273 et
1193 4231 1254 4294 pro
1277 4214 1401 4280 nuntiis
1424 4216 1509 4299 regis
1534 4217 1682 4302 Francie,
1693 4230 1857 4305 quantum

495 4298 538 4364 ad
552 4320 674 4386 papam
692 4313 727 4369 et
744 4304 940 4385 Robertum,
957 4331 1068 4394 regem
1086 4313 1205 4392 Sicilie,
1222 4319 1367 4402 pertinet
1387 4320 1401 4404 (
1418 4321 1443 4405 ).

528 4517 555 4552 (1.
568 4502 724 4567 discrepatio
738 4523 787 4569 rep.
802 4510 856 4559 110.

530 4780 551 4825 l.
570 4778 633 4840 Voy.
646 4793 671 4829 n.
685 4782 738 4840 41⁴,
752 4782 828 4833 let-tre
844 4786 994 4836 (1127110111
1016 4793 1084 4838 1317.
1106 4821 1108 4825 ,
1127 4821 1135 4825 -
1153 4795 1175 4839 2.
1194 4794 1267 4841 Cotto
1284 4794 1360 4843 lettre
1377 4801 1416 4843 cn
1433 4797 1690 4859 postdrieuredcclle
1705 4801 1855 4853 ‹ln21aotlt

498 4859 567 4918 1317,
579 4858 646 4908 cit&
657 4861 787 4914 uidemus.
799 4874 822 4912 et
838 4881 869 4914 nc
881 4875 940 4929 pern
955 4870 1009 4917 irre
1020 4885 1070 4930 quc
1081 4872 1114 4920 dc
1129 4875 1196 4923 1317.
1210 4874 1327 4935 pnisrpr'r't
1341 4881 1422 4937 partu
1433 4877 1468 4924 ‹ln
1481 4881 1545 4925 mois
1555 4880 1588 4929 do
1601 4883 1748 4943 novembre,
1761 4885 1780 4932 il
1792 4886 1856 4934 n'esr·

496 4938 554 5002 plus
570 4943 689 5001 question
706 4942 739 4992 de
756 4944 933 5008 l'archequne
950 4950 982 4998 do
1000 4951 1110 5012 Bourges
1127 4960 1151 5002 et
1170 4954 1202 5002 de
1219 4955 1277 5003 l'dln
1297 4957 1329 5004 de
1349 4958 1520 5021 uoniponolle
1539 4962 1604 5010 dans
1628 4962 1664 5011 les
1681 4964 1856 5026 negrmiatr'ons

495 5027 568 5070 entre
585 5021 609 5071 le
625 5025 663 5071 roi
679 5023 711 5072 dc
730 5025 829 5077 Franco
846 5038 869 5076 et
890 5030 925 5078 los
946 5032 1089 5082 l'lamanrls.
1110 5036 1148 5083 cf.
1167 5037 1272 5096 Conlon,
1291 5053 1315 5086 n.
1334 5040 1387 5093 111.
1407 5048 1467 5089 noto
1485 5045 1583 5091 1.-3,
1603 5043 1664 5106 l'oy.
1688 5060 1714 5095 n.
1738 5049 1795 5109 111,
1822 5063 1854 5096 un

496 5103 672 5153 tout-condult
683 5105 817 5169 identiqne
825 5109 910 5159 donnc'·
922 5113 1064 5162 seulement
1075 5130 1142 5177 pour
1153 5117 1189 5165 les
1200 5119 1311 5180 enroyds
1323 5121 1457 5171 llamnmls.
