4409 6017
954 688 1101 770 septiens
1121 689 1224 756 anate.
1709 692 1771 755 425

407 839 562 923 ejusdem
579 843 689 907 nullus
706 850 816 927 preter
832 859 896 905 nos
911 838 1089 925 disponere
1113 838 1235 925 potuit,
1251 838 1477 905 reservatione
1500 838 1690 924 hujusmodi
1714 842 1772 906 ob-

409 942 563 1023 sistente,
580 966 620 1010 ac
635 947 790 1011 volentes
801 963 980 1030 personam
990 942 1133 1029 predicti
1146 941 1370 1008 Guillelmide
1382 943 1636 1012 Candescura...
1660 943 1772 1009 favore

409 1048 568 1132 prosequi
598 1048 755 1133 gratioso,
787 1046 980 1113 discretioni
1003 1055 1115 1113 vestre
1138 1067 1199 1133 per
1220 1046 1407 1133 apostolica
1429 1048 1553 1136 scripta
1575 1048 1773 1113 mandamus

409 1158 579 1235 quatenus
589 1173 660 1233 vos,
675 1153 731 1217 vel
744 1152 811 1218 duo
826 1159 884 1218 aut
900 1171 985 1217 unus
999 1158 1159 1234 vestrum,
1171 1152 1415 1239 preposituram
1430 1154 1626 1239 predictam,
1642 1153 1772 1218 etiamsi

413 1273 530 1320 curam
545 1255 669 1321 habeat
685 1257 882 1333 animarum,
896 1255 1007 1321 eidem
1019 1255 1201 1322 Guillelmo
1214 1256 1257 1322 de
1268 1255 1488 1338 Candescura,
1498 1257 1683 1324 dummodo
1694 1267 1773 1323 autc

412 1360 677 1426 reservationem
693 1369 842 1427 nostram
868 1361 1059 1447 hujusmodi
1072 1362 1126 1448 jus
1142 1362 1175 1426 in
1192 1361 1248 1427 illa
1264 1383 1332 1428 non
1349 1363 1447 1429 fuerit
1463 1363 1562 1430 alicui
1585 1363 1774 1449 specialiter

412 1463 623 1548 acquisitum,
640 1485 717 1531 cum
734 1467 891 1531 omnibus
908 1466 1037 1551 juribus
1053 1475 1088 1532 et
1104 1465 1316 1553 pertinentiis
1341 1467 1408 1533 suis
1422 1469 1622 1535 auctoritate
1638 1475 1773 1554 aposto-

410 1567 476 1632 lica
502 1567 655 1633 conferre
686 1578 720 1634 et
752 1571 923 1655 assignare
959 1571 1122 1637 curetis...
1153 1569 1234 1637 Non
1268 1572 1527 1640 obstantibus...
1561 1570 1651 1657 quod
1684 1572 1773 1636 idern

412 1672 612 1739 Guillelmus
628 1673 670 1739 de
687 1672 902 1742 Candescura
927 1676 961 1741 in
987 1675 1131 1742 ecclesia
1145 1676 1361 1742 Atrebatensi
1385 1676 1620 1743 canonicatum
1644 1684 1679 1741 et
1701 1697 1773 1762 pre-

411 1778 558 1844 bendam
573 1799 614 1844 ac
631 1779 877 1864 parrochialem
899 1779 1075 1846 eeclesiam
1092 1778 1131 1845 B.
1148 1777 1256 1844 Marie
1279 1778 1321 1845 de
1344 1777 1485 1861 Calesio,
1509 1779 1600 1846 dicte
1622 1779 1774 1860 diocesis,

411 1883 562 1949 noscitur
579 1884 774 1950 obtinere...
795 1884 873 1951 Dat.
890 1884 992 1951 Avin.
1014 1905 1050 1950 12
1067 1884 1135 1953 kal.
1150 1884 1260 1951 martii
1275 1904 1365 1951 anno
1382 1902 1412 1968 7.
1429 1904 1447 1948 n

444 2022 508 2083 Reg.
525 2024 573 2069 Av.
588 2022 625 2081 18,
638 2022 657 2072 f.
669 2023 746 2082 387'3
761 2022 818 2071 Vat.
833 2024 871 2081 74,
885 2023 904 2071 i.
919 2023 985 2084 199¹,
997 2038 1022 2071 n.
1035 2023 1091 2070 560.

457 2191 588 2276 1131.
1372 2274 1375 2280 ,
1424 2226 1523 2293 1523,
1540 2209 1730 2296 22sevrt'er.

454 2307 601 2374 Matheo
631 2309 673 2375 de
697 2308 857 2376 Curtibus
881 2309 1046 2392 Jumellis,
1066 2311 1147 2397 juris
1169 2312 1276 2378 civilis
1297 2312 1485 2400 professori,
1508 2312 1630 2379 clerieo
1653 2311 1774 2392 Caroli,

406 2411 435 2477 F
436 2412 555 2477 ranoie
567 2412 664 2498 regis,
674 2414 844 2480 confertur
854 2416 1071 2482 canonicatus
1083 2417 1225 2483 ecclesie
1238 2417 1455 2483 Lexoviensis
1465 2420 1525 2483 sub
1538 2416 1775 2502 expectatione

403 2516 581 2603 prebende
611 2538 651 2584 ac
674 2518 848 2603 dignitatis
878 2541 936 2585 seu
960 2529 1157 2607 personatus
1181 2522 1235 2587 vel
1258 2520 1370 2603 officii,
1393 2543 1462 2588 non
1497 2523 1653 2588 obstante
1685 2521 1774 2605 quod

403 2620 691 2687 canonicatumet
702 2623 1218 2708 prebendaminLaudunensiac
1226 2626 1461 2693 canonicatum
1469 2629 1529 2691 sub
1539 2624 1774 2712 expectatione

403 2724 581 2811 prebende
597 2725 631 2789 in
648 2723 835 2792 Morinensi
851 2728 1002 2795 ecclesiis
1017 2728 1160 2796 obtinet.

454 2827 553 2894 Sedis
568 2830 792 2915 apostolice...

456 2932 538 2998 Dat.
553 2931 654 2998 Avin.
672 2935 691 2998 8
708 2933 774 2999 kal.
791 2933 900 2999 martii
917 2953 1007 2999 anno
1023 2951 1052 3016 7.

456 3036 498 3101 ln
522 3056 551 3101 e.
574 3057 619 3102 m.
644 3036 773 3104 decano
802 3038 833 3103 S.
858 3037 1018 3124 Stephani
1051 3038 1093 3103 de
1117 3036 1272 3103 Tescone
1304 3035 1543 3104 Montisalhani
1577 3047 1611 3103 et
1646 3040 1772 3105 cantori

403 3140 658 3206 Suessionensis
692 3161 733 3208 ac
767 3141 928 3227 magistro
951 3139 1099 3219 Johanni
1131 3140 1174 3206 de
1198 3141 1306 3227 Roya,
1330 3140 1493 3207 canonico
1517 3142 1775 3211 Silvanectensis

404 3243 640 3311 ecclesiarum.

441 3375 506 3434 aeg.
520 3375 567 3423 nv.
582 3376 618 3432 18,
630 3374 648 3422 r.
664 3376 724 3421 rosv
737 3390 742 3423 :
757 3374 814 3421 vat.
827 3375 864 3431 vr,
879 3374 897 3422 r.
912 3375 976 3432 rau,
990 3386 1017 3422 n.
1033 3375 1087 3421 512.

456 3549 592 3634 1132.
1426 3580 1575 3643 1523AE
1589 3560 1729 3647 faterier.
1761 3591 1765 3602 ·

454 3668 648 3734 Bonacurso
664 3666 836 3733 Thomasii
853 3667 895 3734 de
913 3667 1083 3732 Florentia
1099 3667 1315 3733 conferuntur
1325 3664 1542 3731 canonicatus
1557 3672 1592 3730 et
1603 3663 1773 3749 prebenda

405 3772 553 3839 ecclesie
569 3771 600 3836 S.
617 3770 791 3836 Gertrudis
804 3770 1019 3852 Nivellensis,
1030 3770 1226 3837 Leodiensis
1237 3771 1390 3850 diocesis,
1401 3776 1560 3835 vacantes
1571 3787 1630 3853 per
1642 3767 1772 3832 obitum

407 3875 544 3942 Mathei
560 3875 602 3939 de
619 3873 766 3953 Novilia,
782 3875 871 3960 apud
888 3875 1010 3941 Sedem
1025 3875 1254 3959 apostolicam.
1263 3873 1422 3940 defuncti.

451 3979 674 4064 Suffragantia
690 3978 791 4042 tibi...

452 4085 533 4149 Dat.
549 4084 650 4150 Avin.
668 4103 685 4166 7
702 4083 769 4148 kal.
787 4084 897 4148 martii
914 4103 1005 4148 anno
1022 4100 1051 4164 7.

454 4188 493 4253 ln
511 4210 540 4253 e.
557 4209 601 4252 m.
618 4188 778 4273 episcopo
796 4187 956 4253 Paduano
972 4194 1007 4251 et
1020 4186 1179 4270 magistro
1196 4184 1304 4249 Bindo
1328 4184 1370 4248 de
1394 4183 1499 4263 Senis,
1515 4179 1688 4267 preposito
1704 4179 1768 4244 Co·

405 4291 578 4372 loniensis,
593 4291 725 4356 notario
741 4312 838 4377 pape,
855 4312 895 4357 ac
912 4291 1013 4356 Petro
1029 4290 1071 4355 de
1090 4287 1362 4374 Montespertuli,
1385 4284 1663 4373 archipresbitero
1691 4283 1770 4348 Vol·

404 4406 525 4463 terane
541 4396 766 4462 ecclesiarum.

441 4542 503 4601 ch.
518 4540 576 4587 Vnt..
590 4540 627 4595 74,
641 4538 659 4589 f.
675 4539 740 4593 dliii,
756 4552 780 4585 n.
795 4539 850 4583 793.

457 4705 591 4787 1133.
1423 4729 1518 4791 1323,
1534 4731 1554 4773 2
1552 4731 1576 4792 3
1585 4711 1725 4797 fdvrr'er.

451 4826 564 4898 Petr0,
583 4823 650 4886 filio
666 4822 838 4906 quondam
858 4819 1001 4884 Romani
1021 4817 1258 4882 Bonaventure
1275 4815 1316 4880 de
1335 4814 1438 4895 Urbe,
1449 4814 1564 4899 nepoti
1578 4813 1769 4901 Neapoleo·

403 4931 468 5010 nis,
487 4928 518 4994 S.
542 4925 679 5002 Adriani
703 4926 834 4992 diaconi
859 4923 1043 5004 cardinalis,
1067 4921 1282 4988 conferuntur
1304 4920 1522 4985 canonicatus
1545 4927 1579 4984 et
1602 4919 1770 5004 prebenda

403 5032 549 5103 ecclesie
560 5031 591 5096 S.
599 5030 773 5114 Gangetici
785 5027 1037 5095 Cameracensis
1046 5034 1206 5092 vacantes
1216 5046 1275 5112 per
1286 5025 1415 5092 obitum
1429 5022 1558 5089 Mathei
1570 5023 1611 5088 de
1623 5022 1769 5104 Novilia,

403 5137 498 5229 apud
514 5136 635 5202 Sedem
651 5135 872 5219 apostolicam
887 5132 1046 5198 defuncti.
