4409 6017
511 687 567 760 514
1047 694 1194 761 lluitibme
1215 695 1317 761 anuto.

508 845 647 912 unitatis
661 848 836 933 amplexus
850 853 984 912 mentes
999 853 1034 911 et
1049 845 1181 911 animos
1195 846 1379 932 preparetis
1396 856 1431 913 et
1447 847 1479 911 in
1503 845 1595 933 pacis
1623 844 1734 931 ipsius
1751 845 1873 932 ‚pulcri-

507 949 624 1016 tudine
650 949 766 1016 sedere
789 949 912 1036 jugiter
937 949 1110 1030 studeatis,
1138 949 1229 1035 quod
1254 951 1362 1035 augeli
1390 950 1481 1036 pacis
1516 950 1612 1017 vobis
1636 948 1872 1035 congaudeant

508 1074 636 1139 nosque
670 1053 703 1119 in
739 1053 845 1134 vobis,
872 1074 956 1139 quos
993 1053 1202 1140 plenitudine
1226 1060 1365 1139 paterne
1399 1053 1588 1120 dilectionis
1627 1054 1870 1140 prosequimur,

507 1170 669 1243 tanquam
685 1158 718 1223 in
734 1158 825 1245 pacis
841 1157 917 1225 filiis
933 1165 967 1223 et
984 1158 1062 1223 viris
1077 1156 1226 1243 pacificis
1241 1156 1459 1224 delectemur.
1484 1157 1563 1224 Dat.
1579 1165 1617 1223 ut
1633 1178 1740 1244 supra
1762 1156 1870 1244 [Arin.

510 1282 526 1326 2
545 1262 588 1328 id.
604 1263 733 1349 augusti
750 1284 841 1328 anno
858 1263 907 1349 8].
925 1285 942 1326 r

540 1420 601 1481 fleg.
613 1418 671 1467 Vnt.
686 1421 739 1477 112,
752 1433 811 1482 pars
823 1419 856 1477 ll,
867 1419 884 1467 f.
897 1421 935 1477 32,
949 1433 973 1466 n.
987 1422 1041 1466 1180.

553 1590 694 1674 1374.
1566 1616 1662 1681 1324,
1682 1602 1834 1680 1311οή1.

551 1710 721 1798 Episcopo
747 1706 924 1772 Leodiensi
951 1705 1155 1791 significatur
1182 1704 1273 1789 quod
1299 1701 1445 1789 quedam
1472 1700 1772 1768 confederationes
1788 1700 1867 1767 facte

506 1835 582 1881 cum
598 1833 675 1898 rege
693 1811 720 1876 F
721 1810 831 1877 rancie
847 1819 939 1895 grate
955 1809 1070 1875 habite
1086 1809 1189 1891 sunt(
1208 1809 1234 1892 ).

551 1975 773 2040 «Venerabili
799 1973 887 2039 fiatri
900 2022 929 2038 ..
960 1972 1120 2057 episcopo
1147 1969 1335 2036 Leodiensi.
1371 1969 1422 2034 Ex
1457 1967 1658 2034 transmissis
1688 1969 1792 2034 nobis
1819 1978 1870 2033 tue

506 2078 721 2144 fraternitatis
735 2077 856 2142 litteris
871 2076 1045 2141 intellecto
1061 2075 1152 2160 quod
1168 2083 1276 2162 certas
1291 2073 1581 2140 confederationes
1603 2091 1683 2137 cum
1696 2070 1868 2138 carissimo

506 2183 540 2247 in
550 2181 690 2247 ¹Christo
705 2181 774 2246 filio
790 2188 905 2246 nostro
921 2178 1053 2259 Carolo,
1069 2198 1148 2263 rege
1165 2176 1306 2244 Francie
1322 2187 1357 2242 et
1374 2176 1525 2242 Navarre
1533 2175 1663 2255 illustri,
1675 2195 1765 2259 quas
1776 2196 1819 2242 ex
1835 2195 1870 2240 eo

504 2284 601 2350 nobis
627 2287 759 2370 placere
785 2283 1009 2349 verisimiliter
1032 2281 1229 2361 extimabas,
1246 2281 1323 2367 quia
1338 2280 1500 2346 utilitates
1517 2277 1724 2365 multiplices
1751 2299 1797 2344 ex
1813 2280 1871 2344 illis

505 2399 725 2475 proventuras
751 2396 969 2466 concernunt,
986 2385 1070 2450 inire
1096 2384 1237 2472 provide
1264 2384 1431 2463 curavisti,
1459 2381 1708 2448 fraternitatem
1725 2383 1872 2449 eandem

505 2493 661 2557 volumus
687 2513 755 2556 non
781 2491 886 2557 latere
912 2488 1012 2575 quod,
1029 2508 1105 2555 cum
1130 2482 1419 2555 confederationes
1449 2484 1639 2570 hujusmodi
1655 2484 1787 2551 divinis
1809 2506 1873 2552 non

506 2594 643 2660 obviare
658 2593 887 2681 beneplacitis,
904 2592 964 2658 sed
979 2603 1050 2657 tam
1066 2593 1208 2658 ecclesie
1219 2613 1319 2677 quam
1330 2592 1502 2676 utriusque
1513 2598 1663 2656 vestmm
1675 2591 1870 2658 commodis

507 2708 541 2763 et
568 2699 750 2763 honoribus
785 2697 941 2783 expedire
979 2696 1091 2782 potius
1125 2695 1261 2762 indubie
1288 2714 1526 2781 supponamus,
1551 2702 1645 2779 grate
1671 2704 1755 2761 sunt
1779 2696 1873 2763 nobis

507 2801 689 2868 admodum
713 2809 748 2867 et
771 2809 933 2887 accepte;
959 2820 1041 2885 quas
1068 2802 1246 2866 observare
1272 2806 1435 2884 quantum
1460 2819 1535 2865 cum
1564 2798 1640 2863 Deo
1656 2803 1793 2884 poteris
1809 2821 1871 2867 non

507 2915 701 2992 postponas.
718 2905 798 2971 Dat.
813 2905 913 2970 Avin.
930 2904 1039 2970 idibus
1055 2903 1184 2988 augusti
1201 2924 1291 2969 anno
1307 2905 1337 2969 8.
1355 2924 1372 2966 ι)

542 3040 602 3100 Reg.
615 3039 674 3088 Vat.
690 3041 743 3095 112,
757 3052 816 3101 pars
828 3039 861 3092 ll,
876 3041 944 3094 173,
958 3054 982 3088 n.
996 3042 1051 3088 892.

554 3203 692 3288 1375.
1551 3244 1647 3308 1324,
1673 3245 1716 3307 13
1736 3233 1831 3292 aortt.

552 3320 634 3405 Regi
652 3320 793 3386 Francie
809 3322 964 3387 scribitur
979 3323 1012 3388 in
1029 3325 1175 3389 eundem
1191 3325 1328 3390 modum
1344 3324 1387 3389 de
1397 3325 1522 3391 eisdem
1536 3326 1870 3396 confederationibus

507 3446 584 3490 cum
600 3425 759 3510 episcopo
775 3423 965 3491 Leodiensi.

551 3609 567 3647 <r
586 3585 706 3651 Eidem
726 3587 795 3671 regi
824 3587 974 3654 Francie.
992 3589 1043 3654 Ex
1070 3589 1272 3657 transmissis
1294 3591 1392 3657 nobis
1420 3592 1541 3658 litteris
1565 3593 1663 3679 regiis
1679 3595 1868 3676 intellecto,

504 3690 595 3774 quod
612 3692 810 3757 venerabilis
820 3692 920 3757 frater
929 3702 1070 3759 noster..
1089 3693 1284 3760 Leodiensis
1297 3694 1472 3782 episcopus
1493 3704 1617 3779 tecum,
1631 3697 1676 3762 fili
1688 3699 1869 3775 carissime,

505 3801 613 3858 certas
629 3793 929 3877 confederationes,
946 3817 1028 3881 quas
1044 3818 1085 3861 ex
1101 3818 1143 3862 eo
1160 3798 1255 3863 nobis
1272 3801 1402 3884 placere
1426 3799 1647 3866 verisimiliter
1669 3802 1869 3884 extimabat,

505 3897 582 3981 quia
597 3897 761 3963 utilitates
776 3900 979 3985 multiplices
995 3921 1035 3965 ex
1053 3901 1116 3966 illis
1131 3911 1353 3988 proventuras
1376 3913 1595 3984 concernunt,
1619 3905 1704 3970 inire
1727 3888 1867 3994 provide

503 4001 704 4086 procuravit,
721 4002 966 4087 providentiam
992 4005 1118 4089 regiam
1143 4005 1298 4071 volumus
1325 4026 1393 4071 non
1421 4008 1525 4072 latere
1541 4007 1642 4091 quod,
1659 4029 1740 4076 cum
1755 4013 1841 4079 conf
1857 4051 1868 4062 ·

503 4102 693 4169 derationes
707 4113 721 4138 ⁰
736 4104 926 4190 hujusmodi
942 4106 1063 4173 divinis
1078 4129 1147 4172 non
1164 4108 1299 4174 obviare
1314 4110 1545 4196 beneplacitis,
1561 4110 1621 4177 sed
1636 4121 1711 4177 tam
1727 4118 1867 4182 ecclesie

503 4229 603 4292 quam
619 4208 789 4293 utriusque
805 4218 952 4276 vestrum
968 4212 1156 4278 commodis
1173 4214 1330 4301 expedire
1347 4217 1458 4300 potius
1474 4214 1608 4281 indubie
1624 4237 1865 4304 supponamus,

502 4320 595 4397 grate
610 4309 688 4378 sunt
704 4313 800 4379 nobis
815 4315 998 4381 admodum
1014 4325 1049 4381 et
1064 4325 1216 4403 accepte,
1232 4339 1313 4403 quas
1329 4321 1514 4400 observare,
1527 4331 1690 4403 quantum
1702 4341 1782 4387 cum
1794 4323 1867 4388 Deo

502 4417 636 4501 poterit,
651 4418 741 4501 regia
755 4419 951 4501 sublimitas,
968 4440 1158 4504 quesumus,
1174 4442 1242 4486 non
1259 4431 1451 4508 postponat.
1468 4422 1739 4509 Supplicationes
1753 4436 1865 4492 autem

502 4519 603 4604 ipsius
618 4521 778 4608 episcopi,
794 4522 882 4606 regie
898 4522 1146 4589 intercessionis
1163 4524 1294 4605 intuitu,
1311 4534 1474 4609 quantum
1490 4547 1567 4591 cum
1584 4526 1659 4592 Deo
1683 4531 1866 4613 potuimus,

534 4690 558 4722 (ι.
570 4676 793 4724 considerationes.
808 4692 856 4736 rap.

535 4868 556 4913 1.
576 4865 701 4928 L'echuc
711 4868 744 4916 rle
757 4867 839 4928 liicgc,
852 4867 970 4929 Arlolphc
982 4867 1014 4915 de
1026 4867 1052 4915 la
1065 4867 1161 4923 Marck,
1176 4868 1217 4915 fut
1228 4864 1345 4928 toujours
1357 4881 1390 4913 ιιιι
1411 4869 1510 4914 soutien
1527 4865 1627 4914 ddvone
1647 4867 1680 4915 rle
1702 4869 1728 4916 la
1740 4871 1866 4932 politiquc

416 4989 422 5005 ,
501 4950 628 5009 nancaisc
639 4965 645 5006 ;
657 4950 675 4996 il
687 4951 717 4997 fit
729 4950 812 4997 meme
824 4963 856 4996 en
871 4951 1002 4997 1320avoc
1014 4950 1037 4997 le
1049 4950 1085 4996 roi
1099 4949 1219 5012 Philippo
1229 4949 1250 4993 V
1264 4963 1299 4996 un
1316 4947 1393 4995 truite
1404 4947 1541 4995 d'alliance
1561 4955 1652 4996 contre
1670 4949 1695 4997 le
1713 4954 1753 4998 roi
1772 4953 1866 5002 d'Alle·

501 5042 594 5091 mnguc
607 5031 738 5091 (Pircnnc,
757 5031 873 5077 Histoire
883 5029 915 5076 de
934 5030 1067 5093 Belpiqne,
1088 5036 1106 5078 t.
1123 5031 1157 5089 ll,
1171 5046 1195 5093 p.
1210 5032 1260 5092 111).
1276 5030 1340 5077 (J'cst
1356 5043 1414 5077 sans
1425 5029 1528 5075 douterl
1543 5043 1577 5076 un
1597 5031 1824 5082 ronourcllcment
1836 5035 1866 5082 111ι

501 5117 569 5160 certe
581 5111 691 5159 alliance
702 5126 765 5160 avec
776 5112 800 5160 le
811 5113 848 5159 roi
862 5112 967 5159 Charlcs
980 5111 1016 5159 lV
1025 5127 1076 5172 que
1088 5112 1136 5160 fait
1149 5112 1258 5161 allusion
1273 5111 1297 5159 lu
1310 5111 1381 5158 bullo
1392 5110 1426 5158 ‹lu
1440 5125 1514 5173 papo.
