4409 6017
870 713 1028 779 Dauxiema
1050 713 1153 779 annae.
1642 704 1693 772 171

331 862 442 948 petitis
458 862 579 942 offerri,
595 874 694 949 prout
715 864 842 930 nuntiis
857 863 979 930 nostris
994 863 1112 929 clarius
1130 863 1343 948 explicamus,
1360 860 1451 945 quod
1474 859 1499 925 si
1522 881 1561 924 ea
1576 879 1693 943 accep·

331 975 396 1031 tare
411 966 597 1047 renuerint,
613 968 746 1033 illorum
766 969 872 1055 possit
888 977 922 1033 et
938 967 1060 1033 debeat
1078 967 1253 1032 evidenter
1268 964 1396 1050 gravari
1414 963 1563 1029 conditio
1580 971 1615 1027 et
1635 971 1694 1026 tua

329 1072 454 1156 justitia
469 1072 619 1153 relevari,
639 1094 700 1158 per
714 1074 805 1158 quod
823 1094 885 1139 nos
901 1081 936 1138 et
952 1080 989 1138 tu
1005 1093 1118 1138 sumus
1134 1079 1169 1137 et
1185 1092 1257 1137 esse
1272 1070 1455 1136 debeamus
1478 1068 1566 1154 apud
1584 1067 1694 1131 Deum

331 1183 362 1239 et
386 1174 547 1240 homines
571 1177 729 1258 excusati,
745 1197 917 1263 processus
942 1185 1084 1257 nostros,
1101 1184 1264 1260 quantum
1290 1174 1361 1239 sine
1384 1173 1448 1237 Dei
1474 1171 1601 1236 offensa
1624 1170 1692 1235 fieri

331 1279 463 1364 poterit,
493 1278 526 1343 in
551 1300 668 1345 eorum
691 1281 894 1366 proterviam
925 1280 1147 1365 aggravando.
1173 1279 1333 1343 Ceterum
1358 1277 1437 1341 licet
1463 1276 1542 1361 ipsis
1568 1274 1694 1339 nuntiis

331 1382 450 1448 nostris
465 1382 635 1448 indicendi
650 1392 784 1468 treugas
799 1391 1003 1470 potestatem
1019 1383 1173 1449 tribuisse
1189 1382 1372 1468 plenariam
1395 1399 1619 1445 memoremur
1636 1378 1693 1462 (Ι),

331 1484 402 1569 quia
413 1494 533 1550 tamen
544 1507 603 1571 per
614 1507 677 1553 nos
688 1487 812 1554 indicte
824 1487 858 1553 in
868 1487 989 1574 potiori
1000 1486 1212 1552 observantia
1221 1493 1395 1572 sperantur
1404 1483 1595 1562 haberi,eas
1607 1482 1694 1545 inter

331 1597 362 1653 te
375 1596 411 1653 et
429 1587 626 1674 Flamingos
649 1591 785 1657 eosdem
813 1593 874 1656 sub
900 1612 960 1676 spe
986 1591 1078 1675 pacis
1099 1591 1184 1655 inter
1194 1599 1229 1655 te
1239 1599 1273 1654 et
1290 1589 1388 1675 ipsos,
1400 1587 1475 1652 Deo
1487 1594 1634 1664 auctore,
1651 1604 1692 1649 eo

331 1690 541 1758 reformande
556 1693 685 1758 facilius
694 1714 761 1778 quo
771 1695 886 1780 majori
897 1693 1084 1779 gaudebitis
1095 1694 1249 1777 utrinque
1260 1693 1383 1777 quiete,
1395 1710 1497 1774 usque
1511 1688 1552 1753 ad
1566 1688 1694 1752 instans

331 1795 450 1861 festum
479 1794 744 1862 Resurrectionis
771 1798 949 1863 Dominice
974 1817 1034 1883 per
1057 1798 1185 1881 aliquas
1209 1806 1243 1861 et
1269 1815 1329 1881 per
1353 1795 1434 1859 alias
1461 1791 1542 1857 certi
1567 1788 1693 1855 tenoris

330 1898 457 1964 litteras
468 1919 575 1983 usque
590 1900 633 1965 ad
648 1921 751 1965 unum
766 1921 892 1966 annum
904 1900 1110 1987 providimus
1120 1900 1313 1966 indicendas
1325 1899 1382 1984 (2).
1399 1896 1528 1981 Quibus
1538 1892 1692 1978 equidem

331 2003 450 2069 litteris
477 2003 677 2089 recipiendis
692 2026 712 2069 a
727 2006 832 2069 latore
848 2006 1064 2090 presentium,
1080 2005 1160 2071 dicti
1178 2003 1284 2069 nuntii
1311 2002 1358 2067 uti
1379 2002 1474 2086 juxta
1489 1999 1535 2064 rei
1560 1997 1693 2081 exigen-

332 2107 412 2171 tiam
428 2115 600 2192 poterunt,
616 2106 643 2172 si
660 2116 694 2172 et
709 2117 809 2193 prout
824 2108 866 2174 de
893 2109 983 2194 regia
998 2108 1215 2174 conniventia
1229 2109 1284 2172 vel
1300 2114 1358 2171 tue
1373 2100 1572 2190 processerit
1592 2103 1694 2165 bene-

331 2211 456 2296 placito
481 2211 676 2277 voluntatis.
694 2210 738 2277 Et
764 2212 790 2277 si
819 2221 952 2297 tempus
973 2211 1171 2277 indictionis
1190 2210 1340 2295 predicte
1364 2208 1463 2272 nimis
1489 2211 1617 2270 arctum
1640 2201 1694 2265 vel

331 2314 471 2380 forsitan
488 2313 587 2379 nimis
613 2315 750 2399 longum
775 2315 883 2380 visum
910 2315 1070 2395 extiterit,
1092 2315 1172 2381 dicti
1201 2313 1310 2378 nuntii
1336 2311 1379 2378 de
1402 2307 1615 2395 beneplacito
1637 2324 1696 2369 seu

330 2419 550 2483 conniventia
575 2417 651 2497 tuis,
667 2440 708 2483 ex
734 2426 904 2504 potestate
934 2440 1033 2505 super
1058 2419 1124 2484 hoc
1145 2418 1206 2483 sibi
1233 2418 1321 2496 data,
1345 2416 1391 2501 ‚de
1420 2433 1511 2479 novo
1535 2415 1695 2497 poterunt

331 2530 465 2607 treugas
481 2522 628 2587 indicere
651 2522 694 2588 ad
709 2531 844 2608 tempus
858 2522 900 2588 de
911 2543 979 2607 quo
994 2522 1161 2588 videbitur
1173 2519 1340 2606 expedire.
1358 2518 1445 2602 Quia
1461 2518 1585 2599 itaque,
1596 2512 1696 2577 dilec-

330 2626 461 2691 tissime
478 2625 535 2706 fili,
552 2626 607 2689 ubi
624 2626 757 2692 duxeris
772 2626 996 2712 acceptandus
1011 2633 1145 2710 treugas
1160 2623 1349 2709 hujusmodi
1366 2623 1420 2686 vel
1435 2620 1516 2685 dicti
1533 2616 1642 2682 nuntii
1654 2616 1696 2680 de

333 2728 554 2794 conniventia
571 2750 630 2793 seu
644 2732 860 2815 beneplacito
874 2730 941 2796 tuis
953 2751 1009 2795 eas
1024 2729 1243 2815 publicandas
1258 2726 1415 2793 duxerint
1425 2725 1479 2789 vel
1495 2722 1600 2788 etiam
1613 2719 1696 2784 indi·

333 2832 472 2913 cendas,
488 2832 532 2898 de
547 2833 721 2899 solidanda
737 2843 772 2899 et
788 2834 948 2899 firmanda
966 2834 1051 2898 inter
1076 2842 1112 2898 te
1128 2843 1163 2898 et
1180 2831 1207 2896 F
1209 2832 1374 2916 lamingos
1400 2830 1489 2916 ipsos
1505 2823 1694 2904 concordia,

333 2936 563 3023 pendentibus
578 2938 712 3022 treugis,
735 2937 868 3004 tractari
886 2937 1010 3003 valebit
1036 2937 1188 3016 habilius,
1205 2934 1392 3001 celsitudini
1421 2933 1510 3017 regie
1526 2942 1539 2965 ⁰¹
1554 2939 1696 3016 paterno

332 3041 515 3106 suademus
530 3041 654 3106 affectu
670 3042 826 3126 quatinus
843 3042 926 3107 infra
941 3050 1075 3127 tempus
1090 3049 1280 3124 treugarum
1298 3039 1441 3125 ipsarum
1457 3038 1583 3118 absque
1603 3053 1696 3098 more

331 3144 513 3230 dispendio
525 3147 651 3229 regales
661 3145 796 3211 nuntios
808 3144 1014 3210 sufficienter
1026 3146 1206 3210 instructos
1216 3165 1256 3209 ac
1268 3144 1310 3209 ad
1320 3164 1361 3207 ea
1375 3162 1439 3226 que
1458 3140 1578 3204 fuerint
1595 3137 1697 3222 ipsius

331 3249 515 3314 concordie
530 3249 703 3315 solidando
728 3259 895 3335 oportuna
918 3249 1055 3333 negotio
1079 3250 1217 3335 plenum
1242 3246 1439 3312 mandatum
1465 3245 1638 3320 habentes,
1654 3240 1697 3305 ad

331 3354 540 3438 presentiam
551 3363 699 3418 nostram
711 3353 918 3418 mittasNos
928 3353 1018 3417 enim
1028 3374 1105 3419 cum
1115 3353 1195 3438 ipsis
1207 3360 1241 3417 et
1253 3352 1418 3418 dictorum
1434 3345 1697 3423 Flandreusium,

333 3456 454 3540 quibus
470 3456 644 3522 scribimus
655 3458 669 3539 f
671 3460 709 3539 ³),
721 3458 855 3537 nuntiis,
869 3458 977 3542 parati
991 3458 1124 3535 erimus
1136 3455 1305 3541 quibusvis
1318 3452 1539 3540 pretermissis
1549 3448 1696 3534 agendis,

332 3558 422 3625 circa
437 3559 710 3626 reformationem
727 3570 761 3625 et
776 3561 1012 3626 solidationem
1023 3562 1116 3646 pacis
1132 3561 1283 3626 insistere
1303 3568 1337 3623 et
1354 3558 1440 3624 circa
1456 3552 1696 3641 perfectionem

332 3662 583 3729 refomrationis
599 3674 632 3729 et
648 3664 858 3730 solidationis
885 3666 1073 3750 hujusmodi
1102 3665 1245 3730 fideliter
1272 3675 1307 3730 et
1331 3661 1512 3728 efficaciter
1535 3660 1696 3733 laborare,

332 3776 509 3851 sperantes
525 3767 558 3831 in
574 3770 664 3853 pacis
680 3779 816 3834 auctore
833 3769 922 3852 quod
939 3769 965 3833 si
981 3778 1017 3833 tu
1034 3777 1069 3833 et
1085 3769 1141 3849 illi,
1159 3778 1195 3833 ut
1213 3767 1387 3846 condecet,
1405 3764 1541 3831 obedire
1555 3760 1697 3826 volueri·

332 3871 376 3935 tis
388 3871 521 3951 rationi,
534 3892 598 3956 pax
614 3872 749 3937 demum
767 3873 852 3937 inter
869 3894 928 3937 vos
945 3873 1104 3938 adveniet
1123 3873 1251 3939 mundo
1262 3872 1361 3949 utilis,
1374 3871 1448 3935 Deo
1464 3877 1567 3953 grata.
1586 3866 1663 3930 Dat.
1678 3888 1696 3947 4

333 3974 379 4039 id.
397 3976 601 4041 novembris.
621 4000 637 4037 s

368 4135 429 4194 lug.
444 4135 502 4183 l'nt.
521 4138 574 4187 llu,
583 4150 640 4197 pars
653 4137 673 4188 1,
686 4137 703 4184 f.
716 4139 755 4192 43,
768 4152 792 4184 n.
809 4140 861 4184 l3l.
875 4165 905 4171 --
918 4138 1024 4194 t‘oulon,
1039 4152 1063 4184 u.
1078 4140 1124 4184 442
1138 4139 1243 4197 (texte).

377 4334 497 4418 458.
1308 4370 1453 4435 1517,11
1474 4352 1655 4414 novembre.

382 4454 566 4519 Guillelmo
581 4455 623 4519 de
642 4455 778 4519 Perellis
794 4455 963 4521 confertur
979 4457 1144 4541 prioratus
1159 4458 1200 4522 de
1218 4456 1386 4535 ,lnzisma
1404 4456 1445 4519 ().
1463 4455 1493 4519 S.
1511 4453 1560 4533 13,
1579 4453 1699 4518 Lemo-

341 4559 484 4623 vicensis
511 4558 663 4634 diocesis,
689 4559 730 4623 ad
757 4562 996 4626 mounsterium
1027 4562 1183 4633 Dolense.
1215 4562 1295 4626 dicti
1328 4561 1461 4639 ordinis,
1485 4558 1701 4624 Bituricensis

341 4662 493 4738 diocesis,
512 4661 705 4726 immediate
722 4674 888 4748 spectans
916 4686 1040 4730 vacans
1067 4686 1126 4751 per
1152 4664 1399 4752 promotionem
1426 4663 1606 4738 Guillelmi,
1632 4663 1701 4750 epi·

374 4868 398 4900 rt.
412 4856 480 4914 regio
494 4869 544 4915 riq).

353 5022 419 5029 ,--
485 5024 563 5029 -,--
612 5023 841 5031 --.--—..—.—.-.
859 5025 1020 5035 ·—.—.——
1042 5031 1045 5036 ,

372 5135 390 5181 l.
403 5133 463 5195 Voy.
477 5137 570 5185 [1326.
586 5165 615 5170 —
628 5139 650 5184 2.
665 5138 726 5201 Vqr.
749 5155 772 5187 11.
787 5142 833 5187 452
847 5148 869 5186 ct
883 5155 907 5187 u.
921 5140 975 5186 itt.
988 5165 1019 5172 -
1031 5140 1053 5186 3.
1068 5138 1131 5201 Voy.
1145 5148 1182 5186 11⁰·
1195 5139 1242 5186 450
1254 5143 1279 5187 ct
1293 5140 1347 5186 iol.
