4409 6017
420 688 484 753 230
957 691 1115 756 Deuxibme
1135 690 1238 757 annae.

420 837 561 903 ecclesie
577 837 608 904 S.
626 838 760 905 Nazarii
782 842 815 905 in
840 840 955 907 Brolio
981 840 1255 922 Mediolanensis,
1270 859 1394 907 uacans
1409 860 1469 926 per
1484 840 1770 926 resignationema

420 939 615 1023 Bartholdo,
630 945 776 1029 plebano
791 947 897 1031 plebis
912 946 944 1011 S.
958 944 1187 1012 Bartholomei
1197 946 1239 1011 de
1253 945 1414 1026 Venetiis,
1428 944 1624 1011 Castellane
1632 945 1770 1027 diocesis,

422 1046 455 1109 in
471 1046 624 1112 manibus
639 1047 719 1114 dicti
735 1048 911 1116 cardinalis
934 1050 1070 1131 factam,
1087 1070 1155 1114 non
1172 1053 1330 1116 obstante
1353 1048 1444 1134 quod
1458 1049 1492 1113 in
1508 1047 1724 1134 Pergamensi
1743 1061 1770 1116 et

419 1150 511 1216 dicta
526 1150 558 1215 S.
575 1149 707 1216 Nazarii
719 1172 759 1217 ac
773 1152 945 1233 Fumensi,
963 1152 1167 1218 Morinensis
1182 1152 1333 1233 diocesis,
1350 1152 1499 1218 ecclesiis
1514 1152 1732 1219 canonicatus
1744 1163 1771 1218 et

421 1253 609 1339 prebendas
624 1256 766 1336 obtinet,
783 1277 841 1322 seu
857 1256 948 1341 quod
964 1256 1133 1323 defectum
1149 1256 1274 1342 patitur
1289 1256 1323 1321 in
1339 1264 1431 1322 etate
1447 1256 1505 1328 (18
1522 1257 1631 1340 ann).

465 1356 556 1422 Dum
571 1358 781 1426 laudabilia...

466 1459 545 1526 Dat.
560 1462 661 1529 Asin.
679 1484 696 1528 2
714 1485 793 1530 non.
807 1466 890 1549 junii
908 1485 998 1529 anno
1016 1486 1044 1529 2.

466 1563 505 1628 In
522 1587 552 1630 e.
568 1587 612 1632 m.
629 1569 742 1633 abbati
754 1568 948 1634 monasterii
963 1568 994 1633 S.
1006 1568 1175 1634 Vincentii
1186 1577 1222 1633 et
1231 1566 1404 1655 preposito
1421 1567 1452 1632 S.
1465 1565 1604 1653 Georgii
1613 1568 1649 1633 in
1659 1569 1772 1655 palatio

423 1666 685 1736 Mediolanensis
700 1693 739 1738 ac
755 1673 1034 1757 archipresbitero
1050 1672 1081 1738 S.
1094 1670 1204 1737 Marie
1219 1671 1261 1738 de
1279 1670 1431 1752 Veximo,
1443 1670 1616 1755 Aquensis
1630 1670 1770 1750 diocesis,
1808 1663 1814 1766 i

423 1771 650 1837 ecclesiarum.

457 1910 516 1969 Reiz.
530 1913 575 1957 Ar.
591 1914 627 1960 ln,
639 1912 657 1959 i.
673 1915 746 1960 llb't:
761 1912 818 1960 l'at.
831 1915 869 1966 da,
883 1915 900 1959 l.
913 1915 979 1960 :stadt
994 1927 1017 1959 n.
1033 1914 1102 1959 1915.

465 2067 716 2152 593-594.
1510 2082 1735 2167 1318,4juin.

469 2185 624 2266 Nicolao,
641 2195 721 2251 nato
737 2185 908 2271 quondam
927 2185 1093 2251 Restorini
1107 2185 1149 2252 de
1165 2184 1293 2267 Canali,
1309 2186 1393 2252 civis
1409 2185 1655 2271 Pergamensis,
1671 2186 1766 2271 nepoti

426 2290 608 2368 Guillelmi,
624 2289 656 2354 S.
679 2289 811 2355 Nicolai
837 2290 870 2353 in
898 2288 1043 2355 Carcere
1064 2287 1221 2354 Tulliano
1243 2289 1377 2355 diaconi
1405 2289 1594 2370 cardinalis,
1616 2290 1766 2356 confertur

426 2396 644 2462 canonicatus
668 2396 808 2460 ecclesie
826 2394 1068 2479 pergamensis,
1084 2396 1145 2459 sub
1161 2396 1398 2480 expectatione
1414 2393 1596 2481 prebende,
1621 2416 1687 2461 nou
1710 2397 1766 2460 obs·

427 2509 521 2567 tante
538 2498 628 2584 quod
644 2500 676 2562 in
705 2497 901 2579 Morinensi,
917 2498 949 2563 S.
967 2496 1107 2563 Martini
1129 2497 1334 2564 Turonensis
1359 2507 1395 2564 et
1416 2498 1447 2563 S.
1465 2495 1575 2563 Marie
1601 2497 1646 2564 de
1661 2497 1681 2575 J
1684 2499 1766 2571 arola,

427 2602 647 2669 l'ercellensis
662 2602 814 2683 diocesis
830 2602 979 2668 ecclesiis
994 2602 1214 2667 canonicatus
1228 2610 1263 2667 et
1277 2602 1465 2688 prebendas
1482 2602 1617 2668 obtinet
1632 2604 1768 2688 quodque

429 2710 463 2772 in
478 2708 569 2773 dicta
584 2708 726 2773 ecclesia
742 2708 773 2772 S.
786 2705 924 2771 Martini
937 2706 1182 2790 preposituram
1201 2715 1361 2790 expectat
1376 2715 1436 2771 aut
1452 2705 1543 2791 quod
1567 2705 1611 2772 de
1627 2705 1769 2773 archida-

430 2822 555 2878 conatn
568 2812 717 2896 ejusdem
734 2811 875 2877 ecclesie
892 2809 1122 2893 Pergamensis
1138 2810 1168 2875 ei
1186 2811 1357 2895 prouisum
1374 2820 1437 2876 est.

471 2917 562 2980 Dum
579 2916 774 2981 tirttrtum...

472 3020 551 3085 Dat.
567 3020 666 3083 Asin.
685 3040 701 3082 2
719 3039 798 3083 non.
811 3019 894 3102 junii
911 3040 1000 3083 anno
1017 3039 1046 3084 2.

471 3122 509 3187 In
527 3144 555 3189 e.
572 3144 616 3187 m.
633 3124 744 3187 abbati
761 3123 954 3187 monasterii
966 3123 997 3187 S.
1009 3121 1177 3187 l'incentii
1190 3134 1224 3187 et
1237 3122 1409 3207 preposito
1421 3125 1455 3189 S.
1469 3122 1604 3209 Georgii
1616 3124 1651 3190 in
1663 3118 1772 3210 palatio

428 3226 690 3293 Mediolanensis
706 3249 744 3293 ac
761 3228 1038 3312 archipresbitero
1053 3226 1085 3291 S.
1103 3225 1210 3291 Marie
1226 3227 1267 3292 de
1284 3225 1436 3309 l'eximo,
1453 3230 1622 3315 Aquensis
1637 3225 1773 3297 diocesis.

427 3332 654 3397 ecclesiarum.

458 3468 518 3528 Rea.
535 3471 581 3514 nr.
596 3470 632 3516 ln,
645 3468 661 3514 l.
678 3470 732 3513 13⁰*
746 3483 751 3512 ;
767 3466 823 3514 l'nt.
835 3470 872 3515 tls,
888 3469 904 3515 l.
916 3472 983 3518 3¹3⁹.
997 3485 1021 3517 n.
1036 3472 1107 3519 tuta.

467 3631 553 3692 594.
570 3660 611 3668 -
630 3622 749 3686 liidenr
766 3621 934 3686 corrlerttrr
950 3620 1241 3686 archidiaconatus
1257 3622 1399 3687 ecclesie
1417 3621 1651 3708 Pergamensis
1666 3648 1777 3693 vacans

426 3747 484 3811 per
500 3727 757 3810 resignationem
783 3748 802 3789 a
825 3723 967 3789 Matheo
982 3724 1024 3790 de
1042 3724 1176 3807 Longis,
1194 3723 1382 3805 Leodiensi,
1398 3726 1480 3791 olim
1508 3726 1724 3814 Pergamensi
1739 3751 1778 3796 ar-

426 3830 634 3906 chidiacone,
651 3831 684 3893 in
700 3829 853 3894 manibus
868 3828 1017 3902 Arnaldi,
1033 3829 1064 3893 S.
1083 3828 1254 3894 Eustachii
1270 3828 1401 3894 diaconi
1418 3831 1606 3915 cardinalis
1623 3835 1753 3903 factam.

471 3935 561 4000 Dum
576 3934 770 3999 virtutum...

471 4037 548 4102 Dat.
566 4038 664 4102 Acin.
683 4059 699 4102 2
718 4057 796 4101 non.
810 4037 894 4120 junii
911 4057 1003 4101 anno
1021 4058 1049 4101 2.

472 4136 510 4201 ln
527 4159 556 4202 e.
574 4159 617 4204 nr.
634 4140 665 4203 S.
684 4139 850 4205 l'incentii
867 4138 1132 4205 bietliolaneusis
1147 4153 1182 4205 et
1198 4141 1241 4206 de
1256 4140 1378 4206 Astino
1391 4145 1676 4212 monasteriorum
1688 4150 1778 4213 abba-

426 4242 514 4305 tibus
533 4262 571 4306 ac
591 4244 871 4329 archipresbitero
894 4244 1034 4309 ecclesie
1057 4242 1094 4309 B.
1116 4243 1223 4308 hlarie
1250 4244 1293 4309 de
1321 4243 1474 4327 l'eximo,
1497 4247 1729 4333 Pergamensis
1753 4258 1781 4313 et

426 4345 591 4429 Aquensis
603 4345 785 4413 diocestun.

459 4481 520 4539 llos.
535 4485 582 4530 Au.
598 4486 633 4530 ln.
647 4484 664 4530 t.
681 4486 720 4530 131
737 4500 743 4531 :
758 4484 813 4531 t'ar.
827 4488 866 4535 us.
883 4488 899 4531 t'.
913 4488 966 4532 zan.
982 4500 1006 4534 n.
1024 4489 1092 4536 lant.

469 4640 584 4726 595
1516 4671 1610 4747 1318,
1627 4669 1649 4731 ό
1659 4667 1744 4748 jain.

472 4761 646 4825 Hubineto
672 4760 796 4825 Burreti
820 4763 861 4827 de
879 4763 1026 4827 Carnbiis
1051 4764 1221 4828 confertur
1243 4767 1463 4833 canonicatus
1485 4771 1628 4836 ecclesie
1646 4772 1678 4837 S.
1696 4769 1779 4836 Pauli

427 4864 631 4932 Letnliensis.
643 4866 702 4927 snb
718 4867 955 4950 expectatione
966 4868 1146 4951 prebende.
1156 4869 1424 4936 consideratione
1436 4871 1590 4939 Galtheri
1606 4874 1651 4941 de
1661 4873 1780 4940 Castel-

425 4972 526 5042 lione.
542 4969 675 5034 comitis
693 4968 887 5034 Porciensis.

472 5073 649 5141 Probitatis
666 5087 762 5138 tue...
