4409 6017
494 663 550 730 212
1029 667 1188 735 Deuxibme
1209 667 1312 736 annea

495 817 699 881 carissimum
716 818 749 881 in
766 816 900 883 Christo
921 818 1026 883 filiurn
1041 828 1193 884 nostrum
1219 819 1421 906 Philippum,
1437 842 1551 907 regem
1576 821 1718 888 Francie
1735 831 1772 886 et
1789 820 1858 886 Na-

495 940 589 984 vane
611 920 781 1002 illustrem,
797 930 879 987 tunc
894 943 995 1007 regna
1023 922 1164 989 Francie
1180 931 1215 988 et
1230 923 1382 989 Navarre
1405 935 1589 1010 regentem,
1605 947 1647 991 ex
1668 933 1766 1011 parte
1782 946 1858 1004 una,

495 1032 530 1087 et
545 1034 580 1088 te
595 1044 634 1090 ac
658 1024 881 1091 conrunitates
898 1025 1052 1091 Flandrie
1075 1047 1117 1090 ex
1133 1028 1246 1107 altera,
1262 1048 1360 1112 super
1383 1029 1580 1113 quibusdam
1604 1030 1697 1116 pacis
1712 1029 1861 1094 articulis

495 1128 662 1207 irritarum,
687 1127 803 1193 diebus
835 1130 996 1214 proximis
1027 1129 1190 1210 dedimus,
1215 1131 1294 1216 quin
1325 1132 1437 1216 potius
1469 1141 1506 1197 ut
1539 1134 1648 1218 ipsum
1680 1132 1859 1199 consilium

495 1239 528 1296 et
545 1231 677 1295 habitus
693 1231 780 1296 circa
796 1233 877 1298 illud
892 1233 1019 1298 sincere
1035 1253 1209 1318 processus
1225 1234 1283 1298 tibi
1301 1234 1385 1299 facie
1400 1238 1548 1301 revelata
1564 1238 1768 1323 pandantur,
1781 1255 1860 1302 ecce

492 1338 633 1403 dilectos
649 1337 765 1401 fratres
781 1335 916 1401 Petrum
932 1337 974 1401 de
992 1335 1127 1416 Palude,
1144 1337 1337 1422 magistrum
1355 1339 1387 1401 in
1403 1340 1583 1424 theologia,
1596 1340 1861 1420 Predicatorum,

493 1441 700 1524 Stephanum
715 1439 758 1504 de
775 1438 921 1505 Neriaco
937 1460 976 1505 ac
987 1439 1204 1505 Guillelmum
1219 1441 1262 1506 de
1278 1440 1452 1522 Gandav0,
1464 1441 1636 1508 Minorum
1652 1444 1794 1509 fratrum
1811 1463 1863 1508 or·

491 1544 618 1622 dinum,
643 1543 779 1608 nuntios
804 1552 946 1622 nostros,
973 1551 1145 1608 eteorum
1172 1545 1355 1628 quemlibet
1389 1546 1542 1630 ydoneos
1566 1546 1608 1611 ad
1633 1546 1666 1612 id
1690 1546 1864 1612 ministros

492 1647 653 1733 eligimus,
668 1667 728 1732 per
743 1647 824 1712 alias
848 1658 977 1713 nostras
993 1648 1074 1713 certi
1091 1648 1218 1712 tenoris
1233 1648 1361 1713 litteras
1384 1650 1585 1715 mandantes
1599 1650 1727 1715 eisdem
1746 1658 1784 1714 ut
1800 1650 1863 1735 ipsi

492 1760 549 1816 aut
564 1750 632 1816 duo
647 1753 701 1815 vel
718 1771 803 1815 unus
819 1773 860 1815 ex
877 1751 934 1831 eis,
947 1772 1005 1816 seu
1021 1752 1220 1835 subrogandi
1238 1753 1291 1816 vel
1308 1753 1537 1838 subrogandus
1551 1755 1593 1818 ab
1609 1753 1658 1817 eis
1673 1754 1727 1817 vel
1744 1772 1864 1818 eorum

492 1860 609 1938 altero,
620 1856 646 1920 si
663 1876 721 1922 eos
737 1857 790 1919 vel
807 1855 959 1939 quemvis
974 1875 1089 1919 eorum
1106 1856 1318 1939 contingeret
1334 1855 1472 1921 forsitan
1489 1857 1577 1922 circa
1592 1856 1626 1922 id
1642 1856 1807 1941 impediri,
1820 1854 1865 1920 ad

493 1968 585 2025 tuam
601 1959 803 2044 presentiam
822 1958 1042 2043 personaliter
1057 1958 1268 2039 accedentes,
1286 1959 1414 2024 litteras
1429 1968 1560 2025 nostras
1584 1961 1692 2045 ipsum
1708 1969 1864 2024 nostrum

492 2064 668 2129 consilium
684 2063 838 2128 seriosius
854 2062 1068 2127 continentes
1083 2062 1211 2146 tibique
1234 2063 1374 2147 proinde
1390 2063 1543 2143 directas
1559 2084 1621 2149 pro
1636 2072 1731 2149 parte
1747 2072 1865 2127 nostra

492 2168 553 2233 tibi
576 2167 714 2232 indilate
731 2175 937 2252 presentent,
948 2166 1012 2230 alia
1031 2166 1118 2231 circa
1146 2166 1220 2245 hoc,
1231 2168 1325 2250 juxta
1348 2167 1460 2231 datam
1485 2167 1545 2232 sibi
1570 2188 1590 2231 a
1613 2166 1765 2231 Domino
1789 2186 1865 2251 pru-

492 2272 642 2338 dentiam
667 2270 796 2351 dicturi,
822 2269 937 2334 facturi
964 2278 998 2333 et
1022 2271 1206 2354 promoturi
1231 2291 1295 2354 que
1327 2273 1423 2335 bono
1440 2271 1541 2355 paciS,
1568 2271 1610 2336 ad
1635 2270 1726 2355 quod
1754 2271 1866 2334 inten-

494 2376 613 2457 dimus,
639 2375 784 2441 viderint
808 2381 982 2458 oportuna.
1000 2372 1164 2456 Quocirca
1185 2374 1396 2438 nobilitatem
1419 2382 1512 2439 tuam
1528 2394 1682 2459 rogamus
1701 2383 1736 2440 et
1751 2375 1867 2439 horta-

494 2502 568 2545 mur
583 2488 725 2558 attente,
741 2500 801 2564 per
816 2478 1000 2563 apostoliea
1023 2478 1261 2542 nichilominus
1276 2478 1336 2542 tibi
1351 2478 1474 2563 scripta
1489 2480 1700 2558 mandantes,
1710 2499 1750 2545 ac
1760 2479 1866 2564 patris

495 2606 599 2664 more,
612 2605 694 2649 sano
721 2583 901 2648 suadentes
927 2580 987 2644 tibi
1005 2581 1155 2661 consilio,
1173 2582 1330 2665 quatinus
1353 2581 1501 2666 prelatos
1517 2583 1652 2647 nuntios
1678 2592 1814 2648 nostros
1830 2593 1864 2648 et

495 2708 609 2753 eorum
635 2688 818 2771 quemlibet
845 2696 902 2750 aut
924 2685 1152 2768 subrogandos
1179 2705 1236 2749 seu
1261 2685 1507 2769 subrogandum
1531 2689 1573 2751 ab
1598 2686 1646 2751 eis
1667 2688 1722 2750 vel
1747 2706 1864 2750 eorum

495 2795 611 2871 altero,
628 2812 689 2876 pro
717 2800 831 2855 nostra
847 2798 882 2854 et
898 2788 1081 2874 apostolice
1098 2788 1191 2853 Sedis
1207 2789 1396 2853 reverentia
1411 2789 1554 2873 benigne
1570 2791 1718 2875 recipere
1734 2797 1865 2854 nostra·

496 2917 560 2980 que
576 2895 718 2960 salubria
730 2895 859 2959 monita
875 2893 934 2958 tibi
952 2891 1151 2977 exponenda
1167 2913 1225 2976 per
1241 2892 1316 2956 illos
1332 2891 1512 2957 efficaciter
1524 2892 1681 2957 exaudire
1696 2912 1863 2978 procures,

497 2999 543 3065 sic
559 3007 594 3063 te
620 2999 652 3063 in
670 2998 733 3063 hiis
754 3005 919 3083 prompte,
936 2995 983 3059 sic
1010 2994 1219 3060 laudabiliter
1240 2995 1411 3059 habiturus
1432 2995 1522 3079 quod
1540 2996 1582 3060 de
1601 3004 1659 3060 tue
1682 2995 1726 3060 ad
1747 3015 1811 3060 nos
1830 3003 1863 3059 et

497 3103 715 3188 apostolicam
735 3102 855 3166 Sedem
884 3099 1072 3164 devotionis
1099 3098 1364 3183 promptitudine
1386 3099 1519 3183 liqueat,
1536 3107 1637 3183 teque
1664 3098 1708 3164 ad
1728 3118 1770 3162 ea
1799 3118 1863 3181 que

497 3210 588 3294 pacis
608 3216 685 3272 sunt
698 3208 846 3271 animum
866 3206 1094 3284 inclinantem,
1114 3205 1312 3284 inconsulta,
1324 3204 1414 3287 quod
1433 3205 1530 3283 absit,
1546 3204 1668 3269 electio
1681 3205 1714 3267 in
1726 3214 1740 3237 ‘⁸
1756 3224 1863 3268 seram

498 3314 635 3377 fortasse
651 3311 875 3396 penitentiam
893 3330 959 3374 nou
977 3308 1124 3373 inducat.
1149 3308 1227 3372 Dat.
1244 3318 1281 3371 ut
1297 3328 1406 3393 supra.
1426 3327 1441 3375 »

531 3451 590 3510 Reg.
606 3450 662 3497 Vat.
680 3452 734 3507 llo,
749 3464 807 3511 pars
819 3449 839 3506 l,
852 3449 870 3494 l.
886 3449 922 3499 19.
935 3462 961 3495 n.
976 3448 1014 3493 71.
1028 3473 1058 3480 -—
1071 3445 1179 3504 Goulon,
1194 3460 1218 3492 n.
1232 3446 1280 3491 539
1293 3445 1400 3506 (torte).

540 3616 655 3699 536.
1530 3622 1677 3709 [1318,r
1702 3621 1821 3708 avril}

542 3734 700 3799 Scribitur
715 3733 747 3795 in
774 3730 918 3794 eundem
934 3728 1082 3808 modum,
1107 3728 1245 3792 mutatis
1260 3727 1438 3805 mutandis,
1450 3727 1601 3806 scabinis,
1618 3726 1814 3792 consiliariis
1830 3738 1863 3789 et

499 3836 695 3902 comunitati
715 3836 792 3898 ville
819 3835 860 3897 (le
877 3833 1061 3909 Gamlaio3
1085 3832 1364 3915 burgemagistris,
1381 3830 1524 3895 scabinis
1551 3840 1585 3895 et
1608 3830 1804 3896 consiliariis
1824 3850 1862 3894 ac

499 3939 697 4007 comunitati
714 3940 792 4002 ville
809 3937 988 4018 Brugensis
1006 3939 1053 4014 (¹)
1071 3959 1078 4012 ;
1102 3935 1285 4013 advocatis
1302 3934 1455 4012 scabinis
1472 3933 1668 3999 consiliariis
1695 3955 1734 3998 ac
1750 3954 1863 3998 comu-

500 4044 596 4108 nitati
615 4044 691 4106 ville
708 4041 887 4126 Yprensis3
905 4039 1057 4117 scabinis,
1074 4039 1241 4103 nobilibus
1257 4049 1291 4100 ct
1307 4038 1505 4101 cornunitati
1522 4037 1600 4100 ville
1615 4037 1657 4101 de
1675 4035 1805 4101 Franco
1821 4036 1861 4099 de

502 4147 627 4230 Brugis.

545 4250 599 4316 Ne
617 4252 728 4329 lingue
744 4249 888 4313 tercie...

546 4355 623 4418 Dat.
641 4363 676 4417 ut
693 4373 801 4436 supra.

537 4491 595 4551 lteg.
610 4490 667 4537 l'at.
684 4492 735 4548 llll,
747 4504 807 4551 pars¹
820 4489 839 4546 l,
853 4489 870 4536 f.
888 4491 925 4546 lu,
941 4502 966 4535 n.
983 4489 1019 4535 72.
1031 4514 1062 4520 —
1075 4487 1181 4544 Coulou,
1195 4501 1221 4535 n.
1236 4488 1283 4532 :llll
1295 4488 1310 4533 ri
1323 4489 1377 4532 543.

535 4680 560 4713 a.
573 4665 600 4710 in
613 4679 723 4725 nanque
740 4678 790 4725 πῃ.

507 4783 754 4794 ——---—-——-
786 4782 1202 4788 -—-----—---—-—-

537 4866 556 4911 1.
575 4862 633 4910 Une
644 4863 717 4924 copie
727 4861 759 4908 tle
770 4869 841 4907 cette
854 4863 895 4908 lou
904 4878 929 4907 rt·
941 4861 1057 4908 adr-essue
1069 4880 1080 4907 n
1096 4863 1120 4907 la
1135 4861 1194 4909 ville
1206 4863 1236 4909 tlt·
1251 4863 1348 4923 Bruges
1359 4870 1398 4910 cst
1410 4860 1546 4910 consuram}
1557 4877 1609 4910 aux
1621 4863 1747 4911 Archivqg
1757 4863 1789 4911 de
1800 4867 1865 4910 cette

505 4946 572 5005 ville,
585 4943 766 4993 (irocnenboelr
782 4945 809 4992 (l.
824 4944 840 4990 f.
855 4944 884 4988 ltl
897 4959 901 4989 :
914 4944 962 4989 cllo
974 4948 1010 4989 cst
1023 4943 1098 4990 ‹latr‘c
1111 4959 1115 4989 :
1131 4943 1192 4990 Dat.
1204 4946 1278 4992 :lrira
1291 4944 1343 4992 lml.
1356 4946 1451 5007 aprilis
1462 4946 1558 4993 aroma
1575 4945 1631 4990 Elle
1643 4953 1682 4991 est
1694 4946 1758 4992 inite
1769 4943 1865 5006 d‘apres

503 5027 630 5089 l'original
648 5032 674 5073 et
695 5025 843 5086 rcprorluitc
857 5024 922 5069 (lans
935 5024 958 5070 le
971 5033 989 5071 t.
1005 5026 1052 5070 4⁶29
1064 5024 1096 5070 ‹lc
1108 5024 1134 5071 la
1150 5024 1290 5073 Collection
1305 5025 1409 5073 llorcau
1422 5028 1437 5072 h
1449 5026 1475 5073 lu
1491 5024 1667 5086 bibliotheque
1679 5026 1817 5074 Nationalc
1835 5026 1864 5070 «lc

503 5111 580 5160 l‘aris.
594 5109 612 5156 l.
630 5110 674 5155 lt'ru
686 5109 702 5154 tr
715 5110 768 5153 lio.
