4409 6017
935 716 1092 785 licuvibna
1112 716 1214 785 annes.
1696 714 1758 779 577

437 862 480 927 ln
496 884 525 929 e.
541 883 585 930 m.
602 862 853 931 Cameracensis
868 874 903 931 et
931 858 1194 952 Engolismensis
1216 864 1351 931 decanis
1373 883 1414 929 ac
1437 861 1564 929 cantori
1581 860 1757 927 Trecensis

403 967 626 1034 :eclesiarum

425 1103 489 1165 Beg.
503 1106 550 1153 Ar.
566 1106 606 1164 23,
620 1106 638 1154 f.
655 1106 720 1162 1023
738 1105 798 1155 Vct.
810 1108 850 1168 79,
868 1108 888 1161 i.
903 1109 956 1167 39v,
970 1122 995 1159 n.
1012 1110 1084 1157 1322.

440 1275 583 1360 1578.
1460 1315 1556 1379 1325,
1579 1304 1619 1359 ri
1638 1295 1715 1358 ritui.

436 1393 630 1478 Francisc0,
645 1405 727 1463 nato
743 1397 953 1484 Bonajuncte
977 1399 1088 1479 Scarfi,
1105 1398 1189 1465 civis
1204 1397 1327 1480 Pisani,
1348 1398 1519 1466 confertur
1540 1397 1759 1465 canonicatus

403 1498 535 1564 :eclesie
550 1500 710 1582 Ariensis,
728 1500 931 1568 Morinensis
946 1503 1099 1584 diocesis,
1115 1505 1177 1569 sub
1193 1503 1429 1589 expectatione
1445 1503 1627 1590 prebende.

440 1600 573 1670 Meritis
588 1612 686 1670 tue...

440 1706 521 1771 Dat.
537 1708 637 1774 Avin.
652 1728 668 1792 5
686 1708 730 1774 id.
747 1704 829 1775 maii
842 1730 932 1776 anno
949 1731 978 1791 9.

438 1809 479 1874 ln
496 1832 524 1876 e.
541 1833 586 1877 m.
602 1811 644 1877 de
661 1811 692 1877 S.
705 1813 900 1879 Audomaro
911 1822 947 1879 et
958 1811 1170 1894 Casletensis,
1185 1812 1389 1879 Morinensis
1404 1812 1557 1896 diocesis,
1569 1813 1705 1880 decanis
1721 1834 1761 1879 ac

403 1911 608 1999 leapoleoni
628 1916 671 1981 de
689 1915 885 2004 Romangia,
896 1918 1134 1984 archidiacono
1147 1917 1324 1984 Remensis
1339 1918 1567 1998 ecclesiarum,
1584 1917 1761 2004 capellano

403 2039 496 2105 ›ape

428 2156 493 2217 ch.
507 2159 554 2205 Av.
567 2159 607 2217 23,
621 2158 639 2207 f.
653 2160 717 2217 lll;
731 2159 789 2208 Vat.
804 2161 843 2221 79,
857 2160 875 2209 f.
891 2162 930 2220 72,
943 2175 968 2210 n.
983 2160 1054 2210 1424.

444 2336 583 2420 1579.
1464 2358 1621 2438 1525,18
1641 2356 1718 2420 anai.

443 2453 546 2520 Priori
583 2464 617 2522 et
650 2456 802 2524 fratribus
840 2458 1016 2545 hospitalis
1042 2458 1084 2523 de
1118 2458 1373 2545 Santinghevelt
1407 2441 1511 2545 *juxta
1548 2457 1762 2538 Wizantram,

403 2557 607 2625 Morinensis
623 2559 775 2644 diocesis,
792 2564 1010 2628 confirmatur
1024 2562 1235 2649 privilegium
1251 2562 1331 2649 ipsis
1346 2565 1388 2628 ab
1405 2561 1607 2629 Innocentio
1619 2582 1706 2648 papa
1716 2558 1764 2625 IV

403 2683 609 2744 concessum,
632 2685 692 2750 per
712 2665 802 2750 quod
823 2666 951 2732 dictum
967 2666 1134 2753 hospitale
1150 2669 1210 2732 sub
1226 2665 1438 2752 protectione
1462 2665 1556 2732 Sedis
1577 2665 1763 2752 apostolice

403 2766 601 2853 suscipitur3
626 2788 704 2834 cum
720 2769 902 2835 insertione
918 2771 1043 2836 tenoris
1058 2770 1139 2837 dicti
1156 2770 1329 2856 privilegii.

445 2926 587 2994 Dilectis
614 2929 723 2995 filiis..
750 2930 849 3015 priori
880 2938 916 2995 et
940 2929 1094 2995 fratribus
1120 2930 1296 3023 hospitalis
1319 2929 1362 2996 de
1385 2929 1640 3015 Santinghevelt
1668 2931 1764 3014 juxta
1854 2962 1855 2966 ¹

403 3030 619 3115 Wizantram,
637 3032 840 3100 Morinensis
855 3033 1008 3115 diocesis,
1025 3035 1178 3100 salutem.
1204 3033 1409 3100 Provisionis
1432 3042 1547 3101 nostre
1571 3033 1673 3098 debet
1688 3053 1764 3119 pro·

403 3135 515 3199 uenire
541 3137 687 3204 subsidio
703 3147 741 3205 ut
753 3140 807 3225 jus
830 3159 926 3204 suum
941 3138 1078 3205 cuilibet
1094 3147 1323 3204 conservetur.
1339 3137 1427 3204 Sane
1449 3137 1617 3222 quoddam
1633 3136 1765 3223 privile-

403 3237 493 3324 gium
526 3239 632 3306 felicis
657 3242 898 3321 recordationis
930 3241 1121 3308 innocentii
1145 3262 1232 3328 pape
1258 3239 1341 3322 IIII,
1366 3240 1610 3328 predecessoris
1648 3239 1764 3318 nostri,

403 3342 558 3428 sospitali
573 3351 687 3409 vestro
702 3364 909 3427 concessum,
922 3347 1080 3433 plumbea
1095 3345 1198 3432 ipsius
1215 3344 1458 3431 predecessoris
1479 3345 1570 3411 bulla
1585 3344 1762 3425 munitum,

403 3467 461 3533 pro
477 3456 572 3533 parte
587 3455 699 3514 vestra
721 3447 908 3514 exhibitum
923 3470 1038 3516 coram
1052 3450 1160 3530 nobis,
1183 3448 1226 3515 ad
1243 3456 1351 3515 vestre
1367 3446 1621 3535 supplicationis
1637 3447 1763 3513 instan-

403 3551 493 3631 tiam,
509 3550 686 3636 diligenter
712 3551 830 3638 inspici
856 3552 1006 3634 fecimus,
1023 3561 1058 3619 et
1085 3553 1162 3637 quia
1188 3552 1318 3620 dictum
1343 3551 1553 3639 privilegium
1578 3572 1637 3638 pre
1662 3551 1765 3615 nimia

403 3661 570 3720 vetustate
587 3655 705 3741 incipit
716 3655 787 3740 jam
811 3656 972 3736 consumi,
994 3656 1104 3742 ipsum
1120 3656 1163 3721 de
1185 3658 1289 3721 verbo
1305 3655 1348 3722 ad
1363 3658 1513 3735 verbum,
1529 3654 1632 3720 nichil
1648 3653 1764 3719 addito

403 3760 455 3823 vel
480 3765 612 3823 mutato
636 3758 726 3843 quod
747 3768 876 3824 mutare
893 3767 1007 3844 posset
1029 3760 1251 3825 substantiam
1277 3759 1438 3840 veritatis,
1461 3758 1580 3824 vestris
1602 3757 1765 3843 supplica-

403 3861 549 3928 tionibus
565 3862 725 3943 inclinati,
738 3863 951 3948 presentibus
966 3864 1119 3928 annotari
1138 3863 1278 3929 lecimus
1293 3862 1336 3928 ad
1348 3862 1516 3928 cautelam
1539 3869 1574 3926 et
1589 3863 1766 3945 transcrip-

403 3976 475 4031 tum
499 3965 600 4050 ipsius
626 3966 717 4030 bulle
744 3973 858 4031 nostre
893 3968 1099 4052 appensione
1126 3968 1247 4032 muniri
1272 3966 1315 4032 ad
1340 3974 1539 4053 perpetuam
1570 3963 1766 4029 memoriam

403 4070 597 4134 futurorum.
614 4068 850 4135 Tenorautem
862 4070 965 4156 ipsius
979 4070 1141 4156 privilegii
1158 4071 1235 4136 talis
1246 4080 1298 4136 est
1315 4090 1322 4135 :

446 4171 666 4238 Innocentius
690 4173 876 4260 episcopus,
901 4193 1014 4241 servus
1038 4194 1210 4239 servorum
1235 4174 1310 4255 Dei,
1329 4172 1461 4238 dilectis
1479 4171 1589 4236 filiis..
1609 4171 1708 4257 priori
1733 4178 1768 4236 et

403 4275 556 4341 iratribus
580 4277 755 4363 hospitalis
780 4276 822 4341 de
841 4275 1104 4361 Santingheveld
1125 4278 1220 4363 juxta
1241 4276 1457 4356 Wizantram,
1478 4273 1680 4340 Morinensis
1697 4274 1769 4339 dio-

403 4379 498 4460 cesis,
510 4380 653 4444 salutem
663 4387 698 4444 et
707 4380 927 4466 apostolicam
938 4378 1222 4445 benedictionem.
1235 4379 1453 4445 Sacrosancta
1465 4377 1620 4443 Romana
1630 4363 1770 4442 ecclesia

403 4484 547 4551 devotos
571 4493 605 4548 et
631 4483 773 4549 humiles
798 4483 893 4564 filios,
910 4504 951 4548 ex
967 4490 1100 4548 assuete
1116 4483 1252 4569 pietatis
1276 4482 1398 4562 officio,
1424 4480 1621 4568 propensius
1636 4480 1770 4565 diligere

403 4586 579 4655 consuevit
601 4595 646 4668 et,
670 4608 712 4652 ne
737 4608 918 4674 pravorum
944 4585 1121 4652 hominum
1147 4586 1310 4651 molestiis
1332 4585 1512 4670 agitentur,
1536 4605 1595 4649 eos
1610 4592 1771 4668 tanquam

403 4694 458 4779 pia
481 4701 589 4758 mater
613 4713 671 4757 sue
696 4691 916 4777 protectionis
946 4689 1132 4755 munimine
1156 4690 1344 4755 confovere.
1371 4689 1569 4774 Eapropter,
1597 4687 1710 4752 dilecti
1739 4689 1771 4750 in

404 4796 554 4862 Domino
585 4797 653 4876 filii,
680 4795 899 4861 devotionem
926 4814 1027 4879 quam
1052 4813 1129 4878 erga
1157 4792 1195 4858 B.
1224 4794 1358 4857 Petrum
1387 4802 1422 4857 et
1448 4812 1510 4857 nos
1536 4792 1626 4877 ipsos
1651 4791 1773 4855 habere

403 4900 583 4965 noscimini
609 4900 834 4979 attendentes,
857 4898 900 4963 ad
925 4897 1096 4983 exemplar
1120 4898 1226 4963 felicis
1253 4896 1492 4963 recordationis
1521 4895 1649 4961 Urbani
1676 4915 1773 4980 pape,

404 5000 649 5089 predecessoris
665 5003 780 5083 nostri,
797 5023 956 5088 personas
971 5009 1099 5066 vestras
1115 5009 1149 5065 et
1164 5001 1330 5087 hospitale
1346 5001 1387 5066 de
1404 4998 1667 5083 Santingheveld
1680 4999 1775 5082 juxta

404 5103 621 5186 Wizantram,
650 5104 855 5171 Morinensis
880 5105 1033 5184 diocesis,
1058 5124 1136 5170 cum
1163 5104 1317 5169 omnibus
1340 5102 1553 5189 pertinentiis
1584 5101 1660 5181 suis,
1686 5100 1776 5184 quod

456 5240 562 5281 Analecta
571 5240 765 5293 vaticaucbelgica.
779 5242 801 5283 11
1702 5252 1724 5287 37
