4409 6017
509 718 573 783 398
1061 709 1188 777 Siribma
1208 709 1311 775 annae.

511 867 567 933 siis
582 870 643 933 snb
659 865 893 952 expectatione
908 861 1078 949 prebende
1093 882 1133 927 ac
1157 858 1329 944 dignitatis
1344 858 1399 923 vel
1413 864 1618 944 :personatus
1645 876 1707 922 seu
1723 855 1821 922 officii
1834 855 1860 920 in

500 971 710 1038 ¹canonicum
726 977 881 1055 receptus
897 976 958 1033 est.

555 1075 666 1160 Digne
681 1095 819 1160 agere...

554 1183 634 1247 Dat.
650 1179 749 1243 Avin.
766 1201 785 1263 4
801 1176 869 1243 kal.
885 1175 963 1240 maii
980 1193 1069 1239 anno
1087 1177 1116 1238 6.

556 1284 595 1350 In
633 1306 662 1350 e.
686 1304 731 1348 m.
754 1280 866 1346 abbati
905 1277 1098 1345 monasterii
1137 1275 1168 1341 S.
1203 1274 1341 1343 Martini
1378 1274 1602 1340 Tomaoensis
1640 1282 1676 1340 et
1711 1272 1860 1353 Banensi,

511 1386 744 1473 Lingonensis,
774 1405 814 1450 ac
838 1380 1089 1460 Ostrevanensi,
1114 1379 1347 1445 Atrebatensis
1373 1377 1588 1444 ecclesiarum
1615 1376 1860 1443 archidiaconis.

543 1527 604 1588 Beg.
617 1528 665 1574 Av.
682 1526 720 1585 17,
734 1523 753 1573 f.
769 1524 800 1571 17
812 1526 839 1571 et
851 1523 895 1570 48¹
907 1538 913 1580 ;
925 1521 989 1571 Vat.
1001 1522 1041 1580 73,
1055 1520 1074 1570 f.
1089 1522 1144 1580 276,
1157 1532 1183 1568 n.
1195 1520 1252 1572 779.

553 1713 703 1796 1044.
1560 1742 1657 1806 1322,
1668 1743 1718 1807 30
1734 1722 1828 1789 avril.

553 1834 725 1920 Stephano
752 1832 795 1898 de
811 1831 922 1912 Ruffo,
939 1829 1104 1898 canonico
1128 1828 1334 1895 Pictavensis
1349 1837 1384 1894 et
1399 1827 1620 1895 Tomacensis
1647 1827 1861 1905 ecclesiarum,

509 1959 669 2024 germano
685 1936 888 2022 Raymundi,
905 1934 936 2001 S.
954 1934 1062 2000 Marie
1078 1934 1111 1998 in
1128 1932 1309 1999 Cosmedin
1333 1932 1464 1999 diaconi
1481 1932 1667 2014 cardinalis
1683 1931 1862 2016 indulgetur

509 2052 546 2108 ut
562 2042 595 2106 in
611 2044 716 2108 altera
727 2040 950 2126 predictarum
962 2039 1178 2105 eeclesiarum
1187 2039 1241 2102 vel
1253 2038 1340 2122 apud
1351 2037 1471 2103 Sedem
1487 2035 1710 2121 apostolicam
1727 2033 1862 2100 residens

509 2148 564 2211 vel
590 2144 772 2211 scolasticis
796 2143 978 2229 disciplinis
1002 2143 1160 2208 insistens
1187 2142 1312 2208 fructus
1335 2141 1579 2228 prebendarum
1609 2160 1747 2205 suarum
1767 2127 1861 2223 usqne

510 2250 553 2316 ad
569 2249 749 2315 triennium
765 2248 936 2334 percipere
951 2248 1072 2313 valeat.

555 2353 627 2418 Etsi
644 2352 815 2418 cunctis..

555 2458 636 2524 Dat.
648 2458 778 2522 Anima
795 2456 861 2522 kal.
877 2455 955 2521 maii
972 2475 1061 2521 anno
1079 2460 1108 2522 6.

556 2562 595 2627 In
619 2583 649 2628 e.
672 2583 717 2628 m.
740 2561 901 2647 episcopo
923 2559 1120 2626 Caturcensi
1147 2568 1182 2626 et
1206 2559 1365 2645 magistro
1386 2559 1521 2625 Sicardo
1545 2558 1587 2624 de
1612 2556 1861 2640 Vau10,utrins·

512 2688 577 2752 que
589 2665 671 2751 juris
685 2665 874 2752 professori,
890 2685 929 2731 ac
945 2663 1116 2730 Galhardo
1131 2662 1151 2741 J
1154 2663 1267 2744 uliani,
1283 2664 1454 2729 canonicis
1470 2662 1741 2728 Caturcensibns

546 2804 607 2865 neg.
619 2806 667 2853 nv.
683 2803 1098 2864 ro,t.412;Vat.ra‚t.ans‚n.
1114 2803 1169 2853 raa.

556 2994 698 3080 1045·
1557 3031 1654 3093 1322,
1666 3033 1714 3095 30
1729 3013 1824 3077 avril.

553 3114 699 3191 Johanni
718 3114 887 3179 Lamberti
904 3116 946 3182 de
971 3114 1153 3180 Linsemial
1181 3115 1351 3181 confertur
1373 3123 1534 3201 perpetua
1558 3118 1746 3202 capellania
1761 3118 1861 3183 altaris

511 3219 542 3284 S.
558 3218 705 3304 Nicolay
720 3219 774 3284 siti
792 3220 825 3283 in
841 3220 982 3285 ecclesia
993 3220 1024 3284 S.
1038 3220 1191 3305 Dyonisii
1205 3218 1399 3285 Leodiensis
1413 3221 1471 3304 (30
1482 3221 1537 3285 lib.
1550 3230 1613 3287 tur.
1627 3224 1738 3308 parv.)
1751 3242 1862 3289 uacans

511 3343 570 3408 per
585 3325 714 3388 obitum
731 3323 894 3400 Johannis
909 3324 951 3389 de
968 3323 1118 3406 Petrosa,
1134 3324 1223 3410 apud
1239 3325 1360 3390 Sedem
1376 3325 1598 3410 apostolicam
1614 3326 1775 3394 defuncti.

554 3427 735 3492 Laudabile
751 3428 1025 3493 testimoninm...

557 3531 635 3596 Dat.
651 3532 751 3596 Avin.
770 3552 787 3596 2
805 3532 870 3598 kal.
888 3534 967 3597 maii
984 3553 1073 3598 anno
1091 3538 1120 3598 6.

554 3634 594 3699 In
621 3657 650 3700 e.
667 3657 711 3700 m.
727 3637 839 3701 abbati
867 3638 1023 3702 secularis
1049 3637 1227 3722 Eykensis,
1244 3636 1440 3702 Leodiensis
1464 3638 1617 3719 diocesis,
1634 3647 1670 3704 et
1694 3640 1823 3707 decano
1837 3640 1862 3702 S.

511 3739 603 3804 Pauli
621 3738 816 3806 Leodiensis
831 3761 870 3806 ac
886 3742 1045 3825 magistro
1061 3741 1079 3818 J
1084 3742 1208 3807 ohanni
1221 3741 1262 3805 de
1275 3740 1397 3821 Rocca,
1409 3744 1584 3827 capellano
1596 3763 1695 3829 pape,
1708 3746 1863 3811 canonico

512 3842 738 3929 Neapolitane
755 3845 982 3911 ecclesiarum.

546 3983 607 4043 ch.
620 3984 667 4031 Av.
682 3985 718 4040 17,
732 3983 749 4030 1.
763 3985 839 4040 295v;
853 3984 911 4031 Vnt.
924 3985 962 4042 73,
976 3985 994 4032 1.
1007 3986 1062 4044 467,
1075 4000 1100 4033 n.
1116 3986 1186 4033 1365.

557 4174 703 4257 1046.
1602 4212 1699 4274 1322,
1717 4215 1737 4257 r
1754 4195 1827 4258 mai.

554 4292 745 4374 Gnillelm0,
768 4293 883 4359 comiti
902 4292 1096 4372 Hannonie,
1112 4288 1267 4358 scribitur
1291 4294 1380 4377 qnod
1404 4315 1462 4359 rex
1479 4296 1587 4362 Sicilie
1611 4296 1654 4362 ad
1671 4318 1749 4363 eum
1765 4307 1864 4364 certos

511 4397 647 4463 nuntios
663 4397 844 4464 destinavit
860 4417 958 4483 super
974 4396 1111 4481 negotio
1133 4396 1328 4482 principisse
1342 4398 1482 4465 Achaie.

555 4608 572 4649 <r
601 4584 792 4665 Gnillelm0,
818 4585 933 4650 comiti
959 4585 1127 4650 Annonie.
1155 4583 1290 4650 Litteris
1314 4587 1498 4653 nobilitatis
1532 4596 1590 4654 tue
1628 4610 1689 4675 per
1713 4591 1861 4657 dilectum

511 4689 655 4755 filium..
678 4688 835 4754 abbatem
859 4688 1107 4770 Viconiensem‚
1133 4688 1452 4756 Premonstratensis
1475 4692 1609 4774 ordinis,
1634 4694 1733 4761 nobis
1756 4692 1860 4761 oblatis

510 4793 654 4878 benigne
669 4793 823 4878 receptis
840 4813 900 4879 per
915 4814 997 4877 quas
1020 4794 1158 4878 petebat
1185 4801 1242 4858 tna
1266 4795 1423 4860 nobilitas
1439 4795 1549 4861 eidem
1565 4798 1680 4863 abbati
1698 4819 1795 4885 snper
1808 4794 1859 4862 hiis

511 4919 576 4983 que
592 4919 633 4962 ex
649 4907 744 4983 parte
759 4905 818 4962 tua
833 4906 1036 4983 proponeret
1053 4897 1154 4963 fidem
1179 4897 1347 4963 credulam
1365 4899 1526 4981 adhiberi,
1543 4900 1682 4985 ejusque
1697 4899 1854 4969 credencia

510 5001 641 5089 plenius
657 5001 839 5081 intellecta,
857 5022 933 5065 cum
950 5000 1122 5065 carissimo
1139 5001 1207 5066 lilio
1231 5010 1346 5067 nostro
1358 5001 1556 5089 R[oberto],
1569 5025 1646 5088 rege
1659 5006 1769 5071 Sicilie
1783 5006 1852 5069 illus·

510 5106 563 5187 tri,
580 5126 678 5190 super
694 5105 783 5170 facto
799 5104 993 5190 principisse
1009 5106 1127 5189 Acaye
1152 5105 1254 5170 locuti
1279 5105 1409 5186 fuimus,
1435 5128 1454 5172 a
1478 5128 1544 5191 quo
1560 5108 1705 5174 finaliter
1720 5110 1766 5176 nil
1779 5103 1851 5175 aliud
