<?xml version="1.0" encoding="UTF-8"?>
<!DOCTYPE html PUBLIC "-//W3C//DTD XHTML 1.0 Transitional//EN"
    "http://www.w3.org/TR/xhtml1/DTD/xhtml1-transitional.dtd">
<html xmlns="http://www.w3.org/1999/xhtml" xml:lang="en" lang="en">
 <head>
  <title>
</title>
<meta http-equiv="Content-Type" content="text/html;charset=utf-8" />
  <meta name='ocr-system' content='tesseract 3.04.00' />
  <meta name='ocr-capabilities' content='ocr_page ocr_carea ocr_par ocr_line ocrx_word'/>
</head>
<body>
  <div class='ocr_page' id='page_1' title='image "./lettresdejeanxx00xxiigoog_0637.png"; bbox 0 0 4409 6017; ppageno 0'>
   <div class='ocr_carea' id='block_1_1' title="bbox 957 695 1782 764">
    <p class='ocr_par' dir='ltr' id='par_1_1' title="bbox 957 695 1782 764">
     <span class='ocr_line' id='line_1_1' title="bbox 957 695 1782 764; baseline -0.007 0"><span class='ocrx_word' id='word_1_1' title='bbox 957 696 1114 764; x_wconf 75' lang='lat' dir='ltr'>Neuvibme</span> <span class='ocrx_word' id='word_1_2' title='bbox 1135 699 1237 764; x_wconf 71' lang='lat' dir='ltr'>anule.</span> <span class='ocrx_word' id='word_1_3' title='bbox 1722 695 1782 758; x_wconf 76' lang='grc'>549</span> 
     </span>
    </p>
   </div>
   <div class='ocr_carea' id='block_1_2' title="bbox 378 843 1784 1141">
    <p class='ocr_par' dir='ltr' id='par_1_2' title="bbox 378 843 1784 1141">
     <span class='ocr_line' id='line_1_2' title="bbox 378 843 1080 942; baseline 0.011 -36"><span class='ocrx_word' id='word_1_4' title='bbox 378 886 385 923; x_wconf 89' lang='lat'>:</span> <span class='ocrx_word' id='word_1_5' title='bbox 465 843 544 942; x_wconf 88' lang='lat' dir='ltr'>Dat.</span> <span class='ocrx_word' id='word_1_6' title='bbox 560 844 660 911; x_wconf 89' lang='lat' dir='ltr'>Avin.</span> <span class='ocrx_word' id='word_1_7' title='bbox 677 848 695 911; x_wconf 91' lang='lat'><em>8</em></span> <span class='ocrx_word' id='word_1_8' title='bbox 712 844 756 913; x_wconf 93' lang='lat' dir='ltr'>id.</span> <span class='ocrx_word' id='word_1_9' title='bbox 772 846 925 912; x_wconf 87' lang='lat' dir='ltr'>februarii</span> <span class='ocrx_word' id='word_1_10' title='bbox 942 868 1034 913; x_wconf 92' lang='lat' dir='ltr'>anno</span> <span class='ocrx_word' id='word_1_11' title='bbox 1051 868 1080 929; x_wconf 92' lang='lat'>9.</span> 
     </span>
     <span class='ocr_line' id='line_1_3' title="bbox 378 945 1784 1033; baseline 0.001 -23"><span class='ocrx_word' id='word_1_12' title='bbox 378 990 381 1029; x_wconf 61' lang='lat'>5.</span> <span class='ocrx_word' id='word_1_13' title='bbox 465 945 506 1011; x_wconf 93' lang='lat' dir='ltr'>ln</span> <span class='ocrx_word' id='word_1_14' title='bbox 532 968 561 1013; x_wconf 91' lang='lat' dir='ltr'>e.</span> <span class='ocrx_word' id='word_1_15' title='bbox 589 969 634 1015; x_wconf 93' lang='lat' dir='ltr'>m.</span> <span class='ocrx_word' id='word_1_16' title='bbox 658 948 789 1016; x_wconf 89' lang='lat' dir='ltr'>decano</span> <span class='ocrx_word' id='word_1_17' title='bbox 813 958 850 1016; x_wconf 89' lang='lat' dir='ltr'>et</span> <span class='ocrx_word' id='word_1_18' title='bbox 873 951 1053 1018; x_wconf 87' lang='lat' dir='ltr'>scolastico</span> <span class='ocrx_word' id='word_1_19' title='bbox 1076 951 1109 1018; x_wconf 79' lang='lat' dir='ltr'>S.</span> <span class='ocrx_word' id='word_1_20' title='bbox 1133 951 1226 1017; x_wconf 91' lang='lat' dir='ltr'>Pauli</span> <span class='ocrx_word' id='word_1_21' title='bbox 1251 950 1448 1016; x_wconf 89' lang='lat' dir='ltr'>Leodiensis</span> <span class='ocrx_word' id='word_1_22' title='bbox 1464 970 1504 1015; x_wconf 89' lang='lat' dir='ltr'>ac</span> <span class='ocrx_word' id='word_1_23' title='bbox 1520 948 1680 1033; x_wconf 85' lang='lat' dir='ltr'>magistro</span> <span class='ocrx_word' id='word_1_24' title='bbox 1698 948 1784 1011; x_wconf 87' lang='lat' dir='ltr'>Her-</span> 
     </span>
     <span class='ocr_line' id='line_1_4' title="bbox 378 1050 1676 1141; baseline 0.002 -26"><span class='ocrx_word' id='word_1_25' title='bbox 378 1091 379 1100; x_wconf 26' lang='grc' dir='ltr'><strong>κ</strong></span> <span class='ocrx_word' id='word_1_26' title='bbox 421 1069 549 1117; x_wconf 90' lang='lat' dir='ltr'>manno</span> <span class='ocrx_word' id='word_1_27' title='bbox 571 1050 614 1117; x_wconf 93' lang='lat' dir='ltr'>de</span> <span class='ocrx_word' id='word_1_28' title='bbox 630 1052 748 1138; x_wconf 87' lang='lat' dir='ltr'>Praga,</span> <span class='ocrx_word' id='word_1_29' title='bbox 765 1056 943 1140; x_wconf 90' lang='lat' dir='ltr'>capellano</span> <span class='ocrx_word' id='word_1_30' title='bbox 959 1075 1056 1141; x_wconf 89' lang='lat' dir='ltr'>pape,</span> <span class='ocrx_word' id='word_1_31' title='bbox 1073 1056 1241 1122; x_wconf 87' lang='lat' dir='ltr'>canonico</span> <span class='ocrx_word' id='word_1_32' title='bbox 1258 1054 1433 1141; x_wconf 87' lang='lat' dir='ltr'>Pragensis</span> <span class='ocrx_word' id='word_1_33' title='bbox 1449 1053 1676 1119; x_wconf 89' lang='lat' dir='ltr'>ecclesiarum.</span> 
     </span>
    </p>
   </div>
   <div class='ocr_carea' id='block_1_3' title="bbox 455 1193 1093 1259">
    <p class='ocr_par' dir='ltr' id='par_1_3' title="bbox 455 1193 1093 1259">
     <span class='ocr_line' id='line_1_5' title="bbox 455 1193 1093 1259; baseline 0.013 -17"><span class='ocrx_word' id='word_1_34' title='bbox 455 1193 517 1257; x_wconf 82' lang='lat' dir='ltr'>Reg.</span> <span class='ocrx_word' id='word_1_35' title='bbox 529 1197 578 1246; x_wconf 78' lang='lat' dir='ltr'>Ar.</span> <span class='ocrx_word' id='word_1_36' title='bbox 592 1198 631 1257; x_wconf 88' lang='lat'>22,</span> <span class='ocrx_word' id='word_1_37' title='bbox 643 1198 663 1247; x_wconf 80' lang='lat' dir='ltr'>f.</span> <span class='ocrx_word' id='word_1_38' title='bbox 678 1199 755 1256; x_wconf 82' lang='lat'>312&#39;3</span> <span class='ocrx_word' id='word_1_39' title='bbox 767 1198 828 1248; x_wconf 84' lang='lat' dir='ltr'>Vat.</span> <span class='ocrx_word' id='word_1_40' title='bbox 843 1200 883 1259; x_wconf 79' lang='lat'>78,</span> <span class='ocrx_word' id='word_1_41' title='bbox 895 1200 914 1250; x_wconf 83' lang='lat' dir='ltr'>f.</span> <span class='ocrx_word' id='word_1_42' title='bbox 929 1200 984 1259; x_wconf 86' lang='grc'><strong>266,</strong></span> <span class='ocrx_word' id='word_1_43' title='bbox 997 1214 1022 1250; x_wconf 92' lang='lat' dir='ltr'>n.</span> <span class='ocrx_word' id='word_1_44' title='bbox 1037 1202 1093 1250; x_wconf 80' lang='lat'><strong>783.</strong></span> 
     </span>
    </p>
   </div>
   <div class='ocr_carea' id='block_1_4' title="bbox 419 1391 1790 2532">
    <p class='ocr_par' dir='ltr' id='par_1_4' title="bbox 469 1391 1740 1494">
     <span class='ocr_line' id='line_1_6' title="bbox 469 1391 1740 1494; baseline 0.001 -24"><span class='ocrx_word' id='word_1_45' title='bbox 469 1391 616 1475; x_wconf 80' lang='grc'>1486.</span> <span class='ocrx_word' id='word_1_46' title='bbox 832 1450 835 1456; x_wconf 92' lang='lat'>·</span> <span class='ocrx_word' id='word_1_47' title='bbox 1435 1407 1740 1494; x_wconf 71' lang='lat' dir='ltr'>1325,16savrier.</span> 
     </span>
    </p>

    <p class='ocr_par' dir='ltr' id='par_1_5' title="bbox 419 1508 1786 2217">
     <span class='ocr_line' id='line_1_7' title="bbox 467 1508 1784 1598; baseline 0 -25"><span class='ocrx_word' id='word_1_48' title='bbox 467 1508 650 1576; x_wconf 90' lang='lat' dir='ltr'>Wilbelmo</span> <span class='ocrx_word' id='word_1_49' title='bbox 676 1512 718 1579; x_wconf 89' lang='lat' dir='ltr'>de</span> <span class='ocrx_word' id='word_1_50' title='bbox 745 1511 869 1596; x_wconf 87' lang='lat' dir='ltr'>Sleyda</span> <span class='ocrx_word' id='word_1_51' title='bbox 884 1522 1072 1579; x_wconf 88' lang='lat' dir='ltr'>reservatur</span> <span class='ocrx_word' id='word_1_52' title='bbox 1093 1512 1240 1598; x_wconf 85' lang='lat' dir='ltr'>dignitas</span> <span class='ocrx_word' id='word_1_53' title='bbox 1260 1533 1318 1578; x_wconf 91' lang='lat' dir='ltr'>seu</span> <span class='ocrx_word' id='word_1_54' title='bbox 1340 1520 1538 1598; x_wconf 85' lang='lat' dir='ltr'>personatus</span> <span class='ocrx_word' id='word_1_55' title='bbox 1559 1511 1614 1575; x_wconf 90' lang='lat' dir='ltr'>vel</span> <span class='ocrx_word' id='word_1_56' title='bbox 1638 1509 1784 1575; x_wconf 88' lang='lat' dir='ltr'>officium</span> 
     </span>
     <span class='ocr_line' id='line_1_8' title="bbox 422 1611 1786 1702; baseline 0.001 -26"><span class='ocrx_word' id='word_1_57' title='bbox 422 1611 466 1677; x_wconf 90' lang='lat' dir='ltr'>ad</span> <span class='ocrx_word' id='word_1_58' title='bbox 482 1615 701 1681; x_wconf 91' lang='lat' dir='ltr'>collationem</span> <span class='ocrx_word' id='word_1_59' title='bbox 717 1615 867 1702; x_wconf 83' lang='lat' dir='ltr'>episcopi</span> <span class='ocrx_word' id='word_1_60' title='bbox 884 1615 1119 1701; x_wconf 88' lang='lat' dir='ltr'>Trajectensis,</span> <span class='ocrx_word' id='word_1_61' title='bbox 1135 1637 1205 1682; x_wconf 92' lang='lat' dir='ltr'>uon</span> <span class='ocrx_word' id='word_1_62' title='bbox 1222 1619 1378 1682; x_wconf 89' lang='lat' dir='ltr'>obstante</span> <span class='ocrx_word' id='word_1_63' title='bbox 1402 1614 1491 1700; x_wconf 93' lang='lat' dir='ltr'>quod</span> <span class='ocrx_word' id='word_1_64' title='bbox 1514 1614 1547 1679; x_wconf 94' lang='lat' dir='ltr'>in</span> <span class='ocrx_word' id='word_1_65' title='bbox 1572 1614 1689 1679; x_wconf 90' lang='lat' dir='ltr'>eadem</span> <span class='ocrx_word' id='word_1_66' title='bbox 1705 1613 1786 1678; x_wconf 89' lang='lat' dir='ltr'>Tra-</span> 
     </span>
     <span class='ocr_line' id='line_1_9' title="bbox 419 1715 1786 1805; baseline -0.003 -21"><span class='ocrx_word' id='word_1_67' title='bbox 419 1715 563 1799; x_wconf 85' lang='lat' dir='ltr'>jectensi</span> <span class='ocrx_word' id='word_1_68' title='bbox 579 1728 614 1783; x_wconf 91' lang='lat' dir='ltr'>et</span> <span class='ocrx_word' id='word_1_69' title='bbox 629 1719 663 1784; x_wconf 92' lang='lat' dir='ltr'>in</span> <span class='ocrx_word' id='word_1_70' title='bbox 680 1718 876 1786; x_wconf 87' lang='lat' dir='ltr'>Coloniensi</span> <span class='ocrx_word' id='word_1_71' title='bbox 891 1727 927 1785; x_wconf 91' lang='lat' dir='ltr'>et</span> <span class='ocrx_word' id='word_1_72' title='bbox 943 1720 975 1786; x_wconf 88' lang='lat' dir='ltr'>S.</span> <span class='ocrx_word' id='word_1_73' title='bbox 990 1719 1197 1805; x_wconf 86' lang='lat' dir='ltr'>Aldegundis</span> <span class='ocrx_word' id='word_1_74' title='bbox 1221 1718 1464 1785; x_wconf 91' lang='lat' dir='ltr'>Melbodiensis</span> <span class='ocrx_word' id='word_1_75' title='bbox 1488 1726 1522 1783; x_wconf 91' lang='lat' dir='ltr'>et</span> <span class='ocrx_word' id='word_1_76' title='bbox 1547 1718 1581 1782; x_wconf 91' lang='lat' dir='ltr'>in</span> <span class='ocrx_word' id='word_1_77' title='bbox 1605 1717 1786 1800; x_wconf 85' lang='lat' dir='ltr'>Wissegra-</span> 
     </span>
     <span class='ocr_line' id='line_1_10' title="bbox 423 1817 1786 1909; baseline -0.004 -21"><span class='ocrx_word' id='word_1_78' title='bbox 423 1817 517 1888; x_wconf 89' lang='lat' dir='ltr'>densi</span> <span class='ocrx_word' id='word_1_79' title='bbox 533 1830 546 1855; x_wconf 77' lang='lat'><em>⁶</em></span> <span class='ocrx_word' id='word_1_80' title='bbox 562 1822 711 1888; x_wconf 89' lang='lat' dir='ltr'>ecclesiis</span> <span class='ocrx_word' id='word_1_81' title='bbox 737 1822 955 1889; x_wconf 81' lang='lat' dir='ltr'>canonicatus</span> <span class='ocrx_word' id='word_1_82' title='bbox 981 1830 1017 1889; x_wconf 90' lang='lat' dir='ltr'>et</span> <span class='ocrx_word' id='word_1_83' title='bbox 1040 1823 1229 1909; x_wconf 83' lang='lat' dir='ltr'>prebendas</span> <span class='ocrx_word' id='word_1_84' title='bbox 1251 1821 1394 1903; x_wconf 85' lang='lat' dir='ltr'>obtinet,</span> <span class='ocrx_word' id='word_1_85' title='bbox 1410 1830 1445 1887; x_wconf 91' lang='lat' dir='ltr'>et</span> <span class='ocrx_word' id='word_1_86' title='bbox 1460 1842 1559 1907; x_wconf 91' lang='lat' dir='ltr'>super</span> <span class='ocrx_word' id='word_1_87' title='bbox 1581 1820 1721 1886; x_wconf 88' lang='lat' dir='ltr'>ecclesia</span> <span class='ocrx_word' id='word_1_88' title='bbox 1744 1818 1786 1883; x_wconf 90' lang='lat' dir='ltr'>de</span> 
     </span>
     <span class='ocr_line' id='line_1_11' title="bbox 425 1922 1785 2011; baseline -0.001 -24"><span class='ocrx_word' id='word_1_89' title='bbox 425 1922 607 2008; x_wconf 88' lang='lat' dir='ltr'>Beytbure,</span> <span class='ocrx_word' id='word_1_90' title='bbox 620 1924 882 2008; x_wconf 87' lang='lat' dir='ltr'>Cameracensis,</span> <span class='ocrx_word' id='word_1_91' title='bbox 899 1926 1073 2011; x_wconf 89' lang='lat' dir='ltr'>Pragensis</span> <span class='ocrx_word' id='word_1_92' title='bbox 1088 1935 1124 1992; x_wconf 91' lang='lat' dir='ltr'>et</span> <span class='ocrx_word' id='word_1_93' title='bbox 1141 1925 1352 1993; x_wconf 85' lang='lat' dir='ltr'>Coloniensis</span> <span class='ocrx_word' id='word_1_94' title='bbox 1362 1925 1543 2006; x_wconf 88' lang='lat' dir='ltr'>diocesum,</span> <span class='ocrx_word' id='word_1_95' title='bbox 1553 1925 1672 2009; x_wconf 87' lang='lat' dir='ltr'>litigat,</span> <span class='ocrx_word' id='word_1_96' title='bbox 1686 1943 1785 2006; x_wconf 90' lang='lat' dir='ltr'>quam</span> 
     </span>
     <span class='ocr_line' id='line_1_12' title="bbox 424 2027 1786 2115; baseline -0.001 -23"><span class='ocrx_word' id='word_1_97' title='bbox 424 2027 603 2093; x_wconf 88' lang='lat' dir='ltr'>ecclesiam</span> <span class='ocrx_word' id='word_1_98' title='bbox 629 2028 672 2094; x_wconf 93' lang='lat' dir='ltr'>de</span> <span class='ocrx_word' id='word_1_99' title='bbox 693 2029 875 2115; x_wconf 86' lang='lat' dir='ltr'>Beytbure‚</span> <span class='ocrx_word' id='word_1_100' title='bbox 896 2030 923 2096; x_wconf 90' lang='lat' dir='ltr'>si</span> <span class='ocrx_word' id='word_1_101' title='bbox 947 2052 1021 2096; x_wconf 92' lang='lat' dir='ltr'>eam</span> <span class='ocrx_word' id='word_1_102' title='bbox 1044 2031 1178 2098; x_wconf 90' lang='lat' dir='ltr'>obtinet</span> <span class='ocrx_word' id='word_1_103' title='bbox 1203 2039 1238 2097; x_wconf 92' lang='lat' dir='ltr'>et</span> <span class='ocrx_word' id='word_1_104' title='bbox 1260 2030 1291 2095; x_wconf 93' lang='lat' dir='ltr'>ei</span> <span class='ocrx_word' id='word_1_105' title='bbox 1315 2050 1393 2096; x_wconf 88' lang='lat' dir='ltr'>cura</span> <span class='ocrx_word' id='word_1_106' title='bbox 1415 2028 1568 2095; x_wconf 85' lang='lat' dir='ltr'>imminet</span> <span class='ocrx_word' id='word_1_107' title='bbox 1591 2028 1786 2107; x_wconf 88' lang='lat' dir='ltr'>animarum,</span> 
     </span>
     <span class='ocr_line' id='line_1_13' title="bbox 425 2130 847 2217; baseline 0.005 -21"><span class='ocrx_word' id='word_1_108' title='bbox 425 2130 596 2196; x_wconf 90' lang='lat' dir='ltr'>dimittere</span> <span class='ocrx_word' id='word_1_109' title='bbox 608 2134 788 2199; x_wconf 91' lang='lat' dir='ltr'>tenebitur.</span> <span class='ocrx_word' id='word_1_110' title='bbox 843 2210 847 2217; x_wconf 23' lang='grc' dir='ltr'>Ι</span> 
     </span>
    </p>

    <p class='ocr_par' dir='ltr' id='par_1_6' title="bbox 471 2232 883 2321">
     <span class='ocr_line' id='line_1_14' title="bbox 471 2232 883 2321; baseline 0.002 -22"><span class='ocrx_word' id='word_1_111' title='bbox 471 2232 697 2301; x_wconf 87' lang='lat' dir='ltr'>Nobilitatem</span> <span class='ocrx_word' id='word_1_112' title='bbox 713 2237 883 2321; x_wconf 83' lang='lat' dir='ltr'>generis...</span> 
     </span>
    </p>

    <p class='ocr_par' dir='ltr' id='par_1_7' title="bbox 473 2336 1088 2425">
     <span class='ocr_line' id='line_1_15' title="bbox 473 2336 1088 2425; baseline 0.011 -25"><span class='ocrx_word' id='word_1_113' title='bbox 473 2336 551 2404; x_wconf 89' lang='lat' dir='ltr'>Dat.</span> <span class='ocrx_word' id='word_1_114' title='bbox 567 2338 668 2406; x_wconf 89' lang='lat' dir='ltr'>Avin.</span> <span class='ocrx_word' id='word_1_115' title='bbox 689 2360 726 2425; x_wconf 88' lang='lat'>14</span> <span class='ocrx_word' id='word_1_116' title='bbox 741 2339 808 2405; x_wconf 87' lang='lat' dir='ltr'>kal.</span> <span class='ocrx_word' id='word_1_117' title='bbox 824 2339 935 2406; x_wconf 87' lang='lat' dir='ltr'>martii</span> <span class='ocrx_word' id='word_1_118' title='bbox 951 2361 1042 2407; x_wconf 90' lang='lat' dir='ltr'>anno</span> <span class='ocrx_word' id='word_1_119' title='bbox 1059 2361 1088 2422; x_wconf 89' lang='lat'>9.</span> 
     </span>
    </p>

    <p class='ocr_par' dir='ltr' id='par_1_8' title="bbox 472 2439 1790 2532">
     <span class='ocr_line' id='line_1_16' title="bbox 472 2439 1790 2532; baseline 0.002 -28"><span class='ocrx_word' id='word_1_120' title='bbox 472 2439 514 2504; x_wconf 95' lang='lat' dir='ltr'>In</span> <span class='ocrx_word' id='word_1_121' title='bbox 530 2460 559 2507; x_wconf 89' lang='lat' dir='ltr'>e.</span> <span class='ocrx_word' id='word_1_122' title='bbox 581 2462 626 2507; x_wconf 93' lang='lat' dir='ltr'>m.</span> <span class='ocrx_word' id='word_1_123' title='bbox 642 2442 774 2509; x_wconf 91' lang='lat' dir='ltr'>decano</span> <span class='ocrx_word' id='word_1_124' title='bbox 789 2443 822 2509; x_wconf 93' lang='lat' dir='ltr'>S.</span> <span class='ocrx_word' id='word_1_125' title='bbox 838 2443 1002 2511; x_wconf 88' lang='lat' dir='ltr'>Gereouis</span> <span class='ocrx_word' id='word_1_126' title='bbox 1018 2443 1232 2511; x_wconf 90' lang='lat' dir='ltr'>Coloniensis</span> <span class='ocrx_word' id='word_1_127' title='bbox 1247 2454 1282 2511; x_wconf 93' lang='lat' dir='ltr'>et</span> <span class='ocrx_word' id='word_1_128' title='bbox 1298 2446 1471 2532; x_wconf 89' lang='lat' dir='ltr'>preposito</span> <span class='ocrx_word' id='word_1_129' title='bbox 1487 2443 1677 2531; x_wconf 88' lang='lat' dir='ltr'>Carpensis,</span> <span class='ocrx_word' id='word_1_130' title='bbox 1691 2441 1790 2506; x_wconf 92' lang='lat' dir='ltr'>Colo-</span> 
     </span>
    </p>
   </div>
   <div class='ocr_carea' id='block_1_5' title="bbox 427 2544 1792 2737">
    <p class='ocr_par' dir='ltr' id='par_1_9' title="bbox 427 2544 1792 2737">
     <span class='ocr_line' id='line_1_17' title="bbox 427 2544 1792 2632; baseline 0 -23"><span class='ocrx_word' id='word_1_131' title='bbox 427 2544 553 2609; x_wconf 90' lang='lat' dir='ltr'>niensis</span> <span class='ocrx_word' id='word_1_132' title='bbox 568 2544 721 2627; x_wconf 77' lang='lat' dir='ltr'>diocesiS,</span> <span class='ocrx_word' id='word_1_133' title='bbox 739 2568 779 2612; x_wconf 91' lang='lat' dir='ltr'>ac</span> <span class='ocrx_word' id='word_1_134' title='bbox 796 2547 956 2632; x_wconf 88' lang='lat' dir='ltr'>magistro</span> <span class='ocrx_word' id='word_1_135' title='bbox 970 2547 1102 2625; x_wconf 89' lang='lat' dir='ltr'>Jacobo</span> <span class='ocrx_word' id='word_1_136' title='bbox 1117 2548 1160 2614; x_wconf 92' lang='lat' dir='ltr'>de</span> <span class='ocrx_word' id='word_1_137' title='bbox 1178 2547 1322 2631; x_wconf 86' lang='lat' dir='ltr'>Mutina,</span> <span class='ocrx_word' id='word_1_138' title='bbox 1347 2549 1513 2616; x_wconf 90' lang='lat' dir='ltr'>canonico</span> <span class='ocrx_word' id='word_1_139' title='bbox 1539 2545 1792 2613; x_wconf 88' lang='lat' dir='ltr'>Cameracensis</span> 
     </span>
     <span class='ocr_line' id='line_1_18' title="bbox 428 2648 963 2737; baseline 0.009 -25"><span class='ocrx_word' id='word_1_140' title='bbox 428 2648 657 2731; x_wconf 87' lang='lat' dir='ltr'>ecclesiarum,</span> <span class='ocrx_word' id='word_1_141' title='bbox 674 2650 850 2736; x_wconf 90' lang='lat' dir='ltr'>capellano</span> <span class='ocrx_word' id='word_1_142' title='bbox 866 2672 963 2737; x_wconf 92' lang='lat' dir='ltr'>pape.</span> 
     </span>
    </p>
   </div>
   <div class='ocr_carea' id='block_1_6' title="bbox 463 2786 1113 2848">
    <p class='ocr_par' dir='ltr' id='par_1_10' title="bbox 463 2786 1113 2848">
     <span class='ocr_line' id='line_1_19' title="bbox 463 2786 1113 2848; baseline 0.008 -14"><span class='ocrx_word' id='word_1_143' title='bbox 463 2787 523 2848; x_wconf 86' lang='lat' dir='ltr'>Reg.</span> <span class='ocrx_word' id='word_1_144' title='bbox 535 2788 583 2835; x_wconf 80' lang='lat' dir='ltr'>Ar.</span> <span class='ocrx_word' id='word_1_145' title='bbox 595 2788 635 2846; x_wconf 87' lang='lat'>23,</span> <span class='ocrx_word' id='word_1_146' title='bbox 646 2786 665 2837; x_wconf 81' lang='lat' dir='ltr'>f.</span> <span class='ocrx_word' id='word_1_147' title='bbox 682 2788 729 2835; x_wconf 81' lang='lat'>180</span> <span class='ocrx_word' id='word_1_148' title='bbox 742 2803 748 2845; x_wconf 89' lang='lat'>;</span> <span class='ocrx_word' id='word_1_149' title='bbox 761 2788 820 2839; x_wconf 85' lang='lat' dir='ltr'>Vat.</span> <span class='ocrx_word' id='word_1_150' title='bbox 835 2791 872 2847; x_wconf 80' lang='lat'>79,</span> <span class='ocrx_word' id='word_1_151' title='bbox 885 2789 904 2838; x_wconf 82' lang='lat' dir='ltr'>f.</span> <span class='ocrx_word' id='word_1_152' title='bbox 918 2791 987 2848; x_wconf 77' lang='lat' dir='ltr'>215v,</span> <span class='ocrx_word' id='word_1_153' title='bbox 999 2804 1025 2838; x_wconf 93' lang='lat' dir='ltr'>u.</span> <span class='ocrx_word' id='word_1_154' title='bbox 1042 2790 1113 2840; x_wconf 82' lang='lat'><strong>1865.</strong></span> 
     </span>
    </p>
   </div>
   <div class='ocr_carea' id='block_1_7' title="bbox 429 2978 1841 3685">
    <p class='ocr_par' dir='ltr' id='par_1_11' title="bbox 474 2978 1841 3085">
     <span class='ocr_line' id='line_1_20' title="bbox 474 2978 1841 3085; baseline 0.001 -25"><span class='ocrx_word' id='word_1_155' title='bbox 474 2978 616 3063; x_wconf 69' lang='grc' dir='ltr'>1487ι</span> <span class='ocrx_word' id='word_1_156' title='bbox 1445 2998 1745 3085; x_wconf 67' lang='lat' dir='ltr'>1325,23se³vrri2r.</span> <span class='ocrx_word' id='word_1_157' title='bbox 1839 2994 1841 2997; x_wconf 63' lang='grc'>’</span> 
     </span>
    </p>

    <p class='ocr_par' dir='ltr' id='par_1_12' title="bbox 431 3097 1790 3291">
     <span class='ocr_line' id='line_1_21' title="bbox 474 3097 1790 3185; baseline 0.003 -23"><span class='ocrx_word' id='word_1_158' title='bbox 474 3097 631 3180; x_wconf 88' lang='lat' dir='ltr'>Guidoni,</span> <span class='ocrx_word' id='word_1_159' title='bbox 648 3109 731 3165; x_wconf 90' lang='lat' dir='ltr'>nato</span> <span class='ocrx_word' id='word_1_160' title='bbox 748 3098 903 3184; x_wconf 88' lang='lat' dir='ltr'>Hugonis</span> <span class='ocrx_word' id='word_1_161' title='bbox 918 3099 1081 3185; x_wconf 80' lang='lat' dir='ltr'>Quiereti,</span> <span class='ocrx_word' id='word_1_162' title='bbox 1096 3101 1222 3183; x_wconf 89' lang='lat' dir='ltr'>militis,</span> <span class='ocrx_word' id='word_1_163' title='bbox 1239 3100 1410 3168; x_wconf 83' lang='lat' dir='ltr'>confertur</span> <span class='ocrx_word' id='word_1_164' title='bbox 1422 3102 1639 3168; x_wconf 85' lang='lat' dir='ltr'>canonicatus</span> <span class='ocrx_word' id='word_1_165' title='bbox 1649 3102 1790 3168; x_wconf 90' lang='lat' dir='ltr'>ecclesie</span> 
     </span>
     <span class='ocr_line' id='line_1_22' title="bbox 431 3200 1162 3291; baseline 0.007 -25"><span class='ocrx_word' id='word_1_166' title='bbox 431 3200 636 3268; x_wconf 89' lang='lat' dir='ltr'>Morinensis</span> <span class='ocrx_word' id='word_1_167' title='bbox 651 3206 712 3269; x_wconf 91' lang='lat' dir='ltr'>sub</span> <span class='ocrx_word' id='word_1_168' title='bbox 727 3206 965 3290; x_wconf 85' lang='lat' dir='ltr'>expectatione</span> <span class='ocrx_word' id='word_1_169' title='bbox 981 3204 1162 3291; x_wconf 89' lang='lat' dir='ltr'>prebende.</span> 
     </span>
    </p>

    <p class='ocr_par' dir='ltr' id='par_1_13' title="bbox 474 3305 784 3373">
     <span class='ocr_line' id='line_1_23' title="bbox 474 3305 784 3373; baseline 0.003 -1"><span class='ocrx_word' id='word_1_170' title='bbox 474 3305 671 3373; x_wconf 85' lang='lat' dir='ltr'>Laudabilia</span> <span class='ocrx_word' id='word_1_171' title='bbox 685 3315 784 3373; x_wconf 91' lang='lat' dir='ltr'>tue...</span> 
     </span>
    </p>

    <p class='ocr_par' dir='ltr' id='par_1_14' title="bbox 473 3410 1070 3496">
     <span class='ocr_line' id='line_1_24' title="bbox 473 3410 1070 3496; baseline 0.003 -20"><span class='ocrx_word' id='word_1_172' title='bbox 473 3411 553 3476; x_wconf 91' lang='lat' dir='ltr'>Dat.</span> <span class='ocrx_word' id='word_1_173' title='bbox 569 3410 669 3477; x_wconf 89' lang='lat' dir='ltr'>Avin.</span> <span class='ocrx_word' id='word_1_174' title='bbox 686 3429 705 3496; x_wconf 91' lang='lat'><strong><em>7</em></strong></span> <span class='ocrx_word' id='word_1_175' title='bbox 720 3410 787 3478; x_wconf 87' lang='lat' dir='ltr'>kal.</span> <span class='ocrx_word' id='word_1_176' title='bbox 803 3410 914 3477; x_wconf 85' lang='lat' dir='ltr'>martii</span> <span class='ocrx_word' id='word_1_177' title='bbox 931 3432 1023 3478; x_wconf 91' lang='lat' dir='ltr'>anno</span> <span class='ocrx_word' id='word_1_178' title='bbox 1040 3432 1070 3493; x_wconf 89' lang='lat'>9.</span> 
     </span>
    </p>

    <p class='ocr_par' dir='ltr' id='par_1_15' title="bbox 429 3512 1792 3685">
     <span class='ocr_line' id='line_1_25' title="bbox 474 3512 1792 3602; baseline 0.002 -23"><span class='ocrx_word' id='word_1_179' title='bbox 474 3512 515 3579; x_wconf 93' lang='lat' dir='ltr'>ln</span> <span class='ocrx_word' id='word_1_180' title='bbox 531 3534 560 3580; x_wconf 90' lang='lat' dir='ltr'>e.</span> <span class='ocrx_word' id='word_1_181' title='bbox 575 3534 621 3580; x_wconf 89' lang='lat' dir='ltr'>m.</span> <span class='ocrx_word' id='word_1_182' title='bbox 638 3515 799 3602; x_wconf 89' lang='lat' dir='ltr'>episcopo</span> <span class='ocrx_word' id='word_1_183' title='bbox 812 3514 994 3580; x_wconf 89' lang='lat' dir='ltr'>Vivariensi</span> <span class='ocrx_word' id='word_1_184' title='bbox 1008 3522 1043 3581; x_wconf 95' lang='lat' dir='ltr'>et</span> <span class='ocrx_word' id='word_1_185' title='bbox 1055 3513 1248 3581; x_wconf 85' lang='lat' dir='ltr'>Parisiensis</span> <span class='ocrx_word' id='word_1_186' title='bbox 1258 3523 1293 3582; x_wconf 91' lang='lat' dir='ltr'>et</span> <span class='ocrx_word' id='word_1_187' title='bbox 1308 3517 1350 3583; x_wconf 91' lang='lat' dir='ltr'>de</span> <span class='ocrx_word' id='word_1_188' title='bbox 1364 3516 1560 3582; x_wconf 89' lang='lat' dir='ltr'>Belvacinio</span> <span class='ocrx_word' id='word_1_189' title='bbox 1576 3516 1792 3582; x_wconf 90' lang='lat' dir='ltr'>Belvacensis</span> 
     </span>
     <span class='ocr_line' id='line_1_26' title="bbox 429 3617 917 3685; baseline 0 -1"><span class='ocrx_word' id='word_1_190' title='bbox 429 3617 675 3685; x_wconf 88' lang='lat' dir='ltr'>archidiaconis</span> <span class='ocrx_word' id='word_1_191' title='bbox 690 3619 917 3685; x_wconf 89' lang='lat' dir='ltr'>ecclesiarum.</span> 
     </span>
    </p>
   </div>
   <div class='ocr_carea' id='block_1_8' title="bbox 465 3762 1102 3824">
    <p class='ocr_par' dir='ltr' id='par_1_16' title="bbox 465 3762 1102 3824">
     <span class='ocr_line' id='line_1_27' title="bbox 465 3762 1102 3824; baseline 0.003 -13"><span class='ocrx_word' id='word_1_192' title='bbox 465 3763 527 3824; x_wconf 81' lang='lat' dir='ltr'>Reg.</span> <span class='ocrx_word' id='word_1_193' title='bbox 542 3765 590 3814; x_wconf 85' lang='lat' dir='ltr'>Av.</span> <span class='ocrx_word' id='word_1_194' title='bbox 604 3766 645 3823; x_wconf 83' lang='lat'>22,</span> <span class='ocrx_word' id='word_1_195' title='bbox 659 3763 678 3814; x_wconf 84' lang='lat' dir='ltr'>f.</span> <span class='ocrx_word' id='word_1_196' title='bbox 693 3764 740 3811; x_wconf 75' lang='lat'>459</span> <span class='ocrx_word' id='word_1_197' title='bbox 750 3779 756 3820; x_wconf 91' lang='lat'>;</span> <span class='ocrx_word' id='word_1_198' title='bbox 766 3762 825 3814; x_wconf 85' lang='lat' dir='ltr'>Vat.</span> <span class='ocrx_word' id='word_1_199' title='bbox 841 3765 880 3822; x_wconf 84' lang='grc'>78,</span> <span class='ocrx_word' id='word_1_200' title='bbox 892 3764 911 3814; x_wconf 83' lang='lat' dir='ltr'>f.</span> <span class='ocrx_word' id='word_1_201' title='bbox 927 3766 994 3823; x_wconf 57' lang='lat' dir='ltr'>alst,</span> <span class='ocrx_word' id='word_1_202' title='bbox 1006 3778 1032 3814; x_wconf 91' lang='lat' dir='ltr'>n.</span> <span class='ocrx_word' id='word_1_203' title='bbox 1047 3765 1102 3814; x_wconf 82' lang='lat'>936.</span> 
     </span>
    </p>
   </div>
   <div class='ocr_carea' id='block_1_9' title="bbox 431 3955 1796 4879">
    <p class='ocr_par' dir='ltr' id='par_1_17' title="bbox 480 3955 1748 4060">
     <span class='ocr_line' id='line_1_28' title="bbox 480 3955 1748 4060; baseline 0.004 -25"><span class='ocrx_word' id='word_1_204' title='bbox 480 3955 623 4036; x_wconf 78' lang='grc'><strong>1488.</strong></span> <span class='ocrx_word' id='word_1_205' title='bbox 1266 3975 1270 3981; x_wconf 75' lang='grc'>’</span> <span class='ocrx_word' id='word_1_206' title='bbox 1445 3991 1539 4055; x_wconf 74' lang='lat'><em>1325,</em></span> <span class='ocrx_word' id='word_1_207' title='bbox 1556 3972 1748 4060; x_wconf 69' lang='lat' dir='ltr'>edfcvrz&#39;er.</span> 
     </span>
    </p>

    <p class='ocr_par' dir='ltr' id='par_1_18' title="bbox 431 4071 1794 4468">
     <span class='ocr_line' id='line_1_29' title="bbox 477 4071 1794 4160; baseline 0.005 -24"><span class='ocrx_word' id='word_1_208' title='bbox 477 4073 642 4137; x_wconf 88' lang='lat' dir='ltr'>Cristiano</span> <span class='ocrx_word' id='word_1_209' title='bbox 666 4072 708 4137; x_wconf 90' lang='lat' dir='ltr'>de</span> <span class='ocrx_word' id='word_1_210' title='bbox 733 4071 849 4155; x_wconf 84' lang='lat' dir='ltr'>Aquis,</span> <span class='ocrx_word' id='word_1_211' title='bbox 869 4071 991 4137; x_wconf 89' lang='lat' dir='ltr'>clerico</span> <span class='ocrx_word' id='word_1_212' title='bbox 1014 4072 1189 4154; x_wconf 89' lang='lat' dir='ltr'>Johannis,</span> <span class='ocrx_word' id='word_1_213' title='bbox 1202 4075 1288 4160; x_wconf 86' lang='lat' dir='ltr'>regis</span> <span class='ocrx_word' id='word_1_214' title='bbox 1304 4074 1453 4156; x_wconf 89' lang='lat' dir='ltr'>Boemie,</span> <span class='ocrx_word' id='word_1_215' title='bbox 1470 4075 1641 4142; x_wconf 90' lang='lat' dir='ltr'>confertur</span> <span class='ocrx_word' id='word_1_216' title='bbox 1656 4079 1794 4143; x_wconf 89' lang='lat' dir='ltr'>canoni-</span> 
     </span>
     <span class='ocr_line' id='line_1_30' title="bbox 431 4175 1794 4267; baseline 0.004 -25"><span class='ocrx_word' id='word_1_217' title='bbox 431 4185 527 4243; x_wconf 91' lang='lat' dir='ltr'>catus</span> <span class='ocrx_word' id='word_1_218' title='bbox 542 4177 685 4241; x_wconf 87' lang='lat' dir='ltr'>ecclesie</span> <span class='ocrx_word' id='word_1_219' title='bbox 701 4175 732 4239; x_wconf 89' lang='lat' dir='ltr'>S.</span> <span class='ocrx_word' id='word_1_220' title='bbox 750 4175 888 4240; x_wconf 82' lang='lat' dir='ltr'>Servatii</span> <span class='ocrx_word' id='word_1_221' title='bbox 906 4175 1140 4262; x_wconf 86' lang='lat' dir='ltr'>Trajectensis,</span> <span class='ocrx_word' id='word_1_222' title='bbox 1159 4178 1355 4246; x_wconf 89' lang='lat' dir='ltr'>Leodiensis</span> <span class='ocrx_word' id='word_1_223' title='bbox 1377 4180 1529 4261; x_wconf 89' lang='lat' dir='ltr'>diocesis,</span> <span class='ocrx_word' id='word_1_224' title='bbox 1553 4184 1613 4246; x_wconf 90' lang='lat' dir='ltr'>sub</span> <span class='ocrx_word' id='word_1_225' title='bbox 1637 4192 1794 4267; x_wconf 84' lang='lat' dir='ltr'>expecta-</span> 
     </span>
     <span class='ocr_line' id='line_1_31' title="bbox 434 4278 723 4364; baseline -0.017 -17"><span class='ocrx_word' id='word_1_226' title='bbox 434 4281 528 4347; x_wconf 87' lang='lat' dir='ltr'>tione</span> <span class='ocrx_word' id='word_1_227' title='bbox 545 4278 723 4364; x_wconf 89' lang='lat' dir='ltr'>prebende.</span> 
     </span>
     <span class='ocr_line' id='line_1_32' title="bbox 433 4381 798 4468; baseline -0.014 -19"><span class='ocrx_word' id='word_1_228' title='bbox 433 4392 435 4394; x_wconf 80' lang='grc'><strong>’</strong></span> <span class='ocrx_word' id='word_1_229' title='bbox 479 4381 684 4468; x_wconf 91' lang='lat' dir='ltr'>Multiplicia</span> <span class='ocrx_word' id='word_1_230' title='bbox 700 4389 798 4445; x_wconf 92' lang='lat' dir='ltr'>tue...</span> 
     </span>
    </p>

    <p class='ocr_par' dir='ltr' id='par_1_19' title="bbox 478 4482 1073 4568">
     <span class='ocr_line' id='line_1_33' title="bbox 478 4482 1073 4568; baseline -0.008 -16"><span class='ocrx_word' id='word_1_231' title='bbox 478 4487 558 4553; x_wconf 92' lang='lat' dir='ltr'>Dat.</span> <span class='ocrx_word' id='word_1_232' title='bbox 572 4486 673 4552; x_wconf 82' lang='lat' dir='ltr'>Avin.</span> <span class='ocrx_word' id='word_1_233' title='bbox 689 4507 709 4568; x_wconf 88' lang='lat'><strong>4</strong></span> <span class='ocrx_word' id='word_1_234' title='bbox 725 4482 792 4549; x_wconf 88' lang='lat' dir='ltr'>kal.</span> <span class='ocrx_word' id='word_1_235' title='bbox 809 4482 917 4548; x_wconf 88' lang='lat' dir='ltr'>martii</span> <span class='ocrx_word' id='word_1_236' title='bbox 936 4503 1026 4547; x_wconf 89' lang='lat' dir='ltr'>anno</span> <span class='ocrx_word' id='word_1_237' title='bbox 1044 4504 1073 4563; x_wconf 92' lang='lat'>9.</span> 
     </span>
    </p>

    <p class='ocr_par' dir='ltr' id='par_1_20' title="bbox 432 4586 1796 4879">
     <span class='ocr_line' id='line_1_34' title="bbox 480 4586 1795 4672; baseline 0.001 -17"><span class='ocrx_word' id='word_1_238' title='bbox 480 4589 520 4654; x_wconf 92' lang='lat' dir='ltr'>ln</span> <span class='ocrx_word' id='word_1_239' title='bbox 536 4612 565 4656; x_wconf 91' lang='lat' dir='ltr'>e.</span> <span class='ocrx_word' id='word_1_240' title='bbox 580 4612 626 4654; x_wconf 93' lang='lat' dir='ltr'>m.</span> <span class='ocrx_word' id='word_1_241' title='bbox 643 4587 758 4653; x_wconf 87' lang='lat' dir='ltr'>abbati</span> <span class='ocrx_word' id='word_1_242' title='bbox 775 4586 970 4651; x_wconf 89' lang='lat' dir='ltr'>monasterii</span> <span class='ocrx_word' id='word_1_243' title='bbox 987 4586 1152 4651; x_wconf 86' lang='lat' dir='ltr'>Rodensis</span> <span class='ocrx_word' id='word_1_244' title='bbox 1169 4595 1203 4651; x_wconf 91' lang='lat' dir='ltr'>et</span> <span class='ocrx_word' id='word_1_245' title='bbox 1219 4586 1349 4652; x_wconf 89' lang='lat' dir='ltr'>decano</span> <span class='ocrx_word' id='word_1_246' title='bbox 1372 4586 1410 4652; x_wconf 92' lang='lat' dir='ltr'>B.</span> <span class='ocrx_word' id='word_1_247' title='bbox 1437 4586 1544 4652; x_wconf 91' lang='lat' dir='ltr'>Marie</span> <span class='ocrx_word' id='word_1_248' title='bbox 1561 4587 1795 4672; x_wconf 75' lang='lat' dir='ltr'>TraiectensiS,</span> 
     </span>
     <span class='ocr_line' id='line_1_35' title="bbox 434 4688 1796 4774; baseline -0.001 -14"><span class='ocrx_word' id='word_1_249' title='bbox 434 4694 632 4761; x_wconf 90' lang='lat' dir='ltr'>Leodiensis</span> <span class='ocrx_word' id='word_1_250' title='bbox 652 4691 802 4766; x_wconf 73' lang='lat' dir='ltr'>diocesis</span> <span class='ocrx_word' id='word_1_251' title='bbox 823 4711 861 4755; x_wconf 90' lang='lat' dir='ltr'>ac</span> <span class='ocrx_word' id='word_1_252' title='bbox 886 4690 1046 4774; x_wconf 85' lang='lat' dir='ltr'>magistro</span> <span class='ocrx_word' id='word_1_253' title='bbox 1066 4688 1197 4766; x_wconf 87' lang='lat' dir='ltr'>Jacobo</span> <span class='ocrx_word' id='word_1_254' title='bbox 1219 4690 1261 4755; x_wconf 92' lang='lat' dir='ltr'>de</span> <span class='ocrx_word' id='word_1_255' title='bbox 1286 4689 1431 4772; x_wconf 88' lang='lat' dir='ltr'>Mutina,</span> <span class='ocrx_word' id='word_1_256' title='bbox 1455 4692 1620 4758; x_wconf 89' lang='lat' dir='ltr'>canonico</span> <span class='ocrx_word' id='word_1_257' title='bbox 1641 4693 1796 4759; x_wconf 87' lang='lat' dir='ltr'>Camera-</span> 
     </span>
     <span class='ocr_line' id='line_1_36' title="bbox 432 4794 1095 4879; baseline -0.014 -12"><span class='ocrx_word' id='word_1_258' title='bbox 432 4799 545 4867; x_wconf 87' lang='lat' dir='ltr'>censis</span> <span class='ocrx_word' id='word_1_259' title='bbox 561 4795 789 4872; x_wconf 85' lang='lat' dir='ltr'>ecclesiarum,</span> <span class='ocrx_word' id='word_1_260' title='bbox 806 4794 983 4878; x_wconf 89' lang='lat' dir='ltr'>capellano</span> <span class='ocrx_word' id='word_1_261' title='bbox 998 4814 1095 4879; x_wconf 91' lang='lat' dir='ltr'>pape.</span> 
     </span>
    </p>
   </div>
   <div class='ocr_carea' id='block_1_10' title="bbox 470 4934 1102 5001">
    <p class='ocr_par' dir='ltr' id='par_1_21' title="bbox 470 4934 1102 5001">
     <span class='ocr_line' id='line_1_37' title="bbox 470 4934 1102 5001; baseline -0.005 -15"><span class='ocrx_word' id='word_1_262' title='bbox 470 4942 531 5001; x_wconf 64' lang='lat' dir='ltr'>uag.</span> <span class='ocrx_word' id='word_1_263' title='bbox 548 4943 595 4986; x_wconf 71' lang='lat' dir='ltr'>nv.</span> <span class='ocrx_word' id='word_1_264' title='bbox 608 4940 647 4995; x_wconf 73' lang='lat' dir='ltr'>aa,</span> <span class='ocrx_word' id='word_1_265' title='bbox 659 4938 676 4984; x_wconf 88' lang='lat' dir='ltr'>r.</span> <span class='ocrx_word' id='word_1_266' title='bbox 690 4938 737 4983; x_wconf 75' lang='lat' dir='ltr'>rao</span> <span class='ocrx_word' id='word_1_267' title='bbox 749 4951 754 4992; x_wconf 82' lang='grc'><strong>;</strong></span> <span class='ocrx_word' id='word_1_268' title='bbox 768 4934 827 4983; x_wconf 72' lang='lat' dir='ltr'>vm.</span> <span class='ocrx_word' id='word_1_269' title='bbox 841 4937 880 4994; x_wconf 81' lang='lat' dir='ltr'>ra,</span> <span class='ocrx_word' id='word_1_270' title='bbox 894 4935 912 4983; x_wconf 84' lang='lat' dir='ltr'>f.</span> <span class='ocrx_word' id='word_1_271' title='bbox 926 4936 994 4993; x_wconf 75' lang='lat' dir='ltr'>rsrv,</span> <span class='ocrx_word' id='word_1_272' title='bbox 1007 4950 1033 4986; x_wconf 82' lang='lat' dir='ltr'>n.</span> <span class='ocrx_word' id='word_1_273' title='bbox 1048 4937 1102 4984; x_wconf 76' lang='lat' dir='ltr'>arr.</span> 
     </span>
    </p>
   </div>
   <div class='ocr_carea' id='block_1_11' title="bbox 471 5126 738 5185">
    <p class='ocr_par' dir='ltr' id='par_1_22' title="bbox 471 5126 738 5185">
     <span class='ocr_line' id='line_1_38' title="bbox 471 5126 738 5185; baseline -0.034 -7"><span class='ocrx_word' id='word_1_274' title='bbox 471 5148 500 5180; x_wconf 82' lang='lat' dir='ltr'>a.</span> <span class='ocrx_word' id='word_1_275' title='bbox 518 5126 678 5176; x_wconf 82' lang='lat' dir='ltr'>Wisseroleu.</span> <span class='ocrx_word' id='word_1_276' title='bbox 688 5138 738 5185; x_wconf 75' lang='lat' dir='ltr'>rep.</span> 
     </span>
    </p>
   </div>
   <div class='ocr_carea' id='block_1_12' title="bbox 0 0 2227 6017">
    <p class='ocr_par' dir='ltr' id='par_1_23' title="bbox 0 0 2227 6017">
     <span class='ocr_line' id='line_1_39' title="bbox 0 0 2227 6017; baseline 0 0"><span class='ocrx_word' id='word_1_277' title='bbox 0 0 2227 6017; x_wconf 95' lang='lat' dir='ltr'> </span> 
     </span>
    </p>
   </div>
  </div>
 </body>
</html>
