<?xml version="1.0" encoding="UTF-8"?>
<!DOCTYPE html PUBLIC "-//W3C//DTD XHTML 1.0 Transitional//EN"
    "http://www.w3.org/TR/xhtml1/DTD/xhtml1-transitional.dtd">
<html xmlns="http://www.w3.org/1999/xhtml" xml:lang="en" lang="en">
 <head>
  <title>
</title>
<meta http-equiv="Content-Type" content="text/html;charset=utf-8" />
  <meta name='ocr-system' content='tesseract 3.04.00' />
  <meta name='ocr-capabilities' content='ocr_page ocr_carea ocr_par ocr_line ocrx_word'/>
</head>
<body>
  <div class='ocr_page' id='page_1' title='image "./lettresdejeanxx00xxiigoog_0674.png"; bbox 0 0 4409 6017; ppageno 0'>
   <div class='ocr_carea' id='block_1_1' title="bbox 419 685 1243 755">
    <p class='ocr_par' dir='ltr' id='par_1_1' title="bbox 419 685 1243 755">
     <span class='ocr_line' id='line_1_1' title="bbox 419 685 1243 755; baseline -0.006 0"><span class='ocrx_word' id='word_1_1' title='bbox 419 690 481 755; x_wconf 84' lang='grc'>586</span> <span class='ocrx_word' id='word_1_2' title='bbox 963 685 1121 752; x_wconf 79' lang='lat' dir='ltr'>lleuvi&#39;eme</span> <span class='ocrx_word' id='word_1_3' title='bbox 1139 685 1243 750; x_wconf 68' lang='lat' dir='ltr'>annae</span> 
     </span>
    </p>
   </div>
   <div class='ocr_carea' id='block_1_2' title="bbox 418 831 1783 1025">
    <p class='ocr_par' dir='ltr' id='par_1_2' title="bbox 418 831 1783 1025">
     <span class='ocr_line' id='line_1_2' title="bbox 418 831 1783 924; baseline -0.004 -17"><span class='ocrx_word' id='word_1_4' title='bbox 418 840 499 907; x_wconf 94' lang='lat' dir='ltr'>dum</span> <span class='ocrx_word' id='word_1_5' title='bbox 524 838 635 904; x_wconf 90' lang='lat' dir='ltr'>Deum</span> <span class='ocrx_word' id='word_1_6' title='bbox 651 837 748 904; x_wconf 93' lang='lat' dir='ltr'>nobis</span> <span class='ocrx_word' id='word_1_7' title='bbox 762 835 919 924; x_wconf 84' lang='lat' dir='ltr'>expedire</span> <span class='ocrx_word' id='word_1_8' title='bbox 933 836 1112 917; x_wconf 87' lang='lat' dir='ltr'>videbitur,</span> <span class='ocrx_word' id='word_1_9' title='bbox 1126 835 1294 902; x_wconf 88' lang='lat' dir='ltr'>ordinare.</span> <span class='ocrx_word' id='word_1_10' title='bbox 1316 834 1397 899; x_wconf 84' lang='lat' dir='ltr'>Dat.</span> <span class='ocrx_word' id='word_1_11' title='bbox 1412 832 1525 899; x_wconf 80' lang='lat' dir='ltr'>Avin.</span> <span class='ocrx_word' id='word_1_12' title='bbox 1541 832 1709 900; x_wconf 78' lang='lat' dir='ltr'>kalendis</span> <span class='ocrx_word' id='word_1_13' title='bbox 1723 831 1783 919; x_wconf 54' lang='lat' dir='ltr'>jun?</span> 
     </span>
     <span class='ocr_line' id='line_1_3' title="bbox 420 964 589 1025; baseline 0 -14"><span class='ocrx_word' id='word_1_14' title='bbox 420 965 511 1011; x_wconf 83' lang='lat' dir='ltr'>anno</span> <span class='ocrx_word' id='word_1_15' title='bbox 528 964 557 1025; x_wconf 92' lang='lat'>9.</span> <span class='ocrx_word' id='word_1_16' title='bbox 573 970 589 1003; x_wconf 71' lang='lat' dir='ltr'>s</span> 
     </span>
    </p>
   </div>
   <div class='ocr_carea' id='block_1_3' title="bbox 454 1105 872 1167">
    <p class='ocr_par' dir='ltr' id='par_1_3' title="bbox 454 1105 872 1167">
     <span class='ocr_line' id='line_1_4' title="bbox 454 1105 872 1167; baseline 0.002 -15"><span class='ocrx_word' id='word_1_17' title='bbox 454 1107 517 1167; x_wconf 80' lang='lat' dir='ltr'>[leg.</span> <span class='ocrx_word' id='word_1_18' title='bbox 531 1105 591 1154; x_wconf 80' lang='lat' dir='ltr'>l&#39;at.</span> <span class='ocrx_word' id='word_1_19' title='bbox 608 1107 661 1163; x_wconf 79' lang='lat'>113,</span> <span class='ocrx_word' id='word_1_20' title='bbox 673 1105 692 1154; x_wconf 87' lang='grc'>1.</span> <span class='ocrx_word' id='word_1_21' title='bbox 708 1108 759 1164; x_wconf 73' lang='lat' dir='ltr'>lt&#39;,</span> <span class='ocrx_word' id='word_1_22' title='bbox 774 1120 798 1154; x_wconf 79' lang='lat' dir='ltr'>n,</span> <span class='ocrx_word' id='word_1_23' title='bbox 817 1106 872 1153; x_wconf 70' lang='lat'>130.</span> 
     </span>
    </p>
   </div>
   <div class='ocr_carea' id='block_1_4' title="bbox 420 1292 1787 1706">
    <p class='ocr_par' dir='ltr' id='par_1_4' title="bbox 468 1292 1756 1391">
     <span class='ocr_line' id='line_1_5' title="bbox 468 1292 1756 1391; baseline -0.003 -16"><span class='ocrx_word' id='word_1_24' title='bbox 468 1292 612 1375; x_wconf 81' lang='grc'>1602.</span> <span class='ocrx_word' id='word_1_25' title='bbox 1509 1326 1659 1391; x_wconf 83' lang='lat'><em>1325,1</em></span> <span class='ocrx_word' id='word_1_26' title='bbox 1676 1307 1756 1390; x_wconf 69' lang='lat' dir='ltr'>jura.</span> 
     </span>
    </p>

    <p class='ocr_par' dir='ltr' id='par_1_5' title="bbox 420 1409 1787 1706">
     <span class='ocr_line' id='line_1_6' title="bbox 465 1409 1787 1497; baseline 0.001 -21"><span class='ocrx_word' id='word_1_27' title='bbox 465 1410 629 1497; x_wconf 90' lang='lat' dir='ltr'>Magistro</span> <span class='ocrx_word' id='word_1_28' title='bbox 644 1412 746 1479; x_wconf 90' lang='lat' dir='ltr'>Petro</span> <span class='ocrx_word' id='word_1_29' title='bbox 772 1412 936 1497; x_wconf 77' lang='lat' dir='ltr'>Arquerii,</span> <span class='ocrx_word' id='word_1_30' title='bbox 952 1411 1083 1477; x_wconf 87' lang='lat' dir='ltr'>decano</span> <span class='ocrx_word' id='word_1_31' title='bbox 1108 1410 1249 1476; x_wconf 84' lang='lat' dir='ltr'>ecclesie</span> <span class='ocrx_word' id='word_1_32' title='bbox 1274 1409 1584 1496; x_wconf 85' lang='lat' dir='ltr'>Rothomagensis,</span> <span class='ocrx_word' id='word_1_33' title='bbox 1611 1410 1787 1477; x_wconf 82' lang='lat' dir='ltr'>conceditur</span> 
     </span>
     <span class='ocr_line' id='line_1_7' title="bbox 420 1511 1786 1602; baseline 0 -23"><span class='ocrx_word' id='word_1_34' title='bbox 420 1514 562 1581; x_wconf 78' lang='lat' dir='ltr'>facultas</span> <span class='ocrx_word' id='word_1_35' title='bbox 576 1515 801 1602; x_wconf 90' lang='lat' dir='ltr'>componendi</span> <span class='ocrx_word' id='word_1_36' title='bbox 822 1536 899 1581; x_wconf 93' lang='lat' dir='ltr'>cum</span> <span class='ocrx_word' id='word_1_37' title='bbox 915 1513 1135 1580; x_wconf 81' lang='lat' dir='ltr'>universitate</span> <span class='ocrx_word' id='word_1_38' title='bbox 1149 1513 1192 1580; x_wconf 91' lang='lat' dir='ltr'>de</span> <span class='ocrx_word' id='word_1_39' title='bbox 1210 1513 1404 1594; x_wconf 86' lang='lat' dir='ltr'>Herentals‚</span> <span class='ocrx_word' id='word_1_40' title='bbox 1420 1511 1641 1581; x_wconf 71' lang='lat' dir='ltr'>leodiensis</span> <span class='ocrx_word' id='word_1_41' title='bbox 1655 1512 1786 1590; x_wconf 62' lang='lat' dir='ltr'>(limis,</span> 
     </span>
     <span class='ocr_line' id='line_1_8' title="bbox 420 1615 1607 1706; baseline 0 -22"><span class='ocrx_word' id='word_1_42' title='bbox 420 1638 519 1705; x_wconf 88' lang='lat' dir='ltr'>super</span> <span class='ocrx_word' id='word_1_43' title='bbox 533 1618 677 1704; x_wconf 89' lang='lat' dir='ltr'>quadam</span> <span class='ocrx_word' id='word_1_44' title='bbox 700 1619 842 1706; x_wconf 88' lang='lat' dir='ltr'>pecunie</span> <span class='ocrx_word' id='word_1_45' title='bbox 858 1639 989 1684; x_wconf 89' lang='lat' dir='ltr'>summa</span> <span class='ocrx_word' id='word_1_46' title='bbox 1003 1618 1102 1684; x_wconf 92' lang='lat' dir='ltr'>sociis</span> <span class='ocrx_word' id='word_1_47' title='bbox 1118 1616 1294 1683; x_wconf 87' lang='lat' dir='ltr'>Benedicti</span> <span class='ocrx_word' id='word_1_48' title='bbox 1318 1615 1446 1681; x_wconf 90' lang='lat' dir='ltr'>Rotarii</span> <span class='ocrx_word' id='word_1_49' title='bbox 1463 1615 1607 1684; x_wconf 75' lang='lat' dir='ltr'>debita</span> 
     </span>
    </p>
   </div>
   <div class='ocr_carea' id='block_1_5' title="bbox 418 1805 1824 4799">
    <p class='ocr_par' dir='ltr' id='par_1_6' title="bbox 418 1805 1824 4799">
     <span class='ocr_line' id='line_1_9' title="bbox 465 1805 1787 1894; baseline 0.002 -22"><span class='ocrx_word' id='word_1_50' title='bbox 465 1808 629 1875; x_wconf 77' lang='lat' dir='ltr'>«Dilecto</span> <span class='ocrx_word' id='word_1_51' title='bbox 645 1809 714 1874; x_wconf 84' lang='lat' dir='ltr'>lilio</span> <span class='ocrx_word' id='word_1_52' title='bbox 728 1808 887 1893; x_wconf 87' lang='lat' dir='ltr'>magistro</span> <span class='ocrx_word' id='word_1_53' title='bbox 903 1806 1006 1873; x_wconf 93' lang='lat' dir='ltr'>Petro</span> <span class='ocrx_word' id='word_1_54' title='bbox 1020 1806 1185 1892; x_wconf 82' lang='lat' dir='ltr'>Arquerii,</span> <span class='ocrx_word' id='word_1_55' title='bbox 1198 1805 1327 1872; x_wconf 79' lang='lat' dir='ltr'>decano</span> <span class='ocrx_word' id='word_1_56' title='bbox 1335 1806 1479 1873; x_wconf 87' lang='lat' dir='ltr'>ecclesie</span> <span class='ocrx_word' id='word_1_57' title='bbox 1492 1805 1787 1894; x_wconf 81' lang='lat' dir='ltr'>Rothomagensis.</span> 
     </span>
     <span class='ocr_line' id='line_1_10' title="bbox 419 1908 1824 1999; baseline -0.001 -21"><span class='ocrx_word' id='word_1_58' title='bbox 419 1914 597 1999; x_wconf 90' lang='lat' dir='ltr'>capellano</span> <span class='ocrx_word' id='word_1_59' title='bbox 614 1922 739 1993; x_wconf 88' lang='lat' dir='ltr'>nostro,</span> <span class='ocrx_word' id='word_1_60' title='bbox 763 1911 948 1998; x_wconf 91' lang='lat' dir='ltr'>apostolice</span> <span class='ocrx_word' id='word_1_61' title='bbox 975 1910 1069 1975; x_wconf 90' lang='lat' dir='ltr'>Sedis</span> <span class='ocrx_word' id='word_1_62' title='bbox 1094 1909 1229 1975; x_wconf 91' lang='lat' dir='ltr'>nuncio.</span> <span class='ocrx_word' id='word_1_63' title='bbox 1246 1908 1310 1975; x_wconf 90' lang='lat' dir='ltr'>Per</span> <span class='ocrx_word' id='word_1_64' title='bbox 1330 1919 1406 1975; x_wconf 90' lang='lat' dir='ltr'>tuas</span> <span class='ocrx_word' id='word_1_65' title='bbox 1420 1930 1535 1996; x_wconf 87' lang='lat' dir='ltr'>nuper</span> <span class='ocrx_word' id='word_1_66' title='bbox 1550 1911 1664 1979; x_wconf 91' lang='lat' dir='ltr'>nobis</span> <span class='ocrx_word' id='word_1_67' title='bbox 1678 1911 1789 1977; x_wconf 72' lang='lat' dir='ltr'>littera</span> <span class='ocrx_word' id='word_1_68' title='bbox 1822 1965 1824 1990; x_wconf 76' lang='grc'>,</span> 
     </span>
     <span class='ocr_line' id='line_1_11' title="bbox 419 1999 1824 2108; baseline -0.001 -27"><span class='ocrx_word' id='word_1_69' title='bbox 419 2016 573 2081; x_wconf 86' lang='lat' dir='ltr'>intimare</span> <span class='ocrx_word' id='word_1_70' title='bbox 589 2016 721 2096; x_wconf 82' lang='lat' dir='ltr'>curasti,</span> <span class='ocrx_word' id='word_1_71' title='bbox 737 2014 839 2100; x_wconf 91' lang='lat' dir='ltr'>quod,</span> <span class='ocrx_word' id='word_1_72' title='bbox 855 2014 934 2079; x_wconf 90' lang='lat' dir='ltr'>licet</span> <span class='ocrx_word' id='word_1_73' title='bbox 956 2013 1069 2079; x_wconf 87' lang='lat' dir='ltr'>dilecti</span> <span class='ocrx_word' id='word_1_74' title='bbox 1087 2013 1144 2077; x_wconf 85' lang='lat' dir='ltr'>lilii</span> <span class='ocrx_word' id='word_1_75' title='bbox 1160 2013 1300 2093; x_wconf 88' lang='lat' dir='ltr'>villicus,</span> <span class='ocrx_word' id='word_1_76' title='bbox 1316 2013 1442 2079; x_wconf 69' lang='lat' dir='ltr'>scabini</span> <span class='ocrx_word' id='word_1_77' title='bbox 1464 2020 1505 2078; x_wconf 88' lang='lat' dir='ltr'>et</span> <span class='ocrx_word' id='word_1_78' title='bbox 1530 2014 1747 2081; x_wconf 79' lang='lat' dir='ltr'>universitas</span> <span class='ocrx_word' id='word_1_79' title='bbox 1757 2013 1790 2079; x_wconf 79' lang='lat' dir='ltr'>de</span> <span class='ocrx_word' id='word_1_80' title='bbox 1822 1999 1824 2108; x_wconf 90' lang='grc'>1</span> 
     </span>
     <span class='ocr_line' id='line_1_12' title="bbox 421 2113 1824 2205; baseline 0.002 -22"><span class='ocrx_word' id='word_1_81' title='bbox 421 2118 613 2200; x_wconf 89' lang='lat' dir='ltr'>Herentals,</span> <span class='ocrx_word' id='word_1_82' title='bbox 631 2119 826 2185; x_wconf 88' lang='lat' dir='ltr'>Leodiensis</span> <span class='ocrx_word' id='word_1_83' title='bbox 839 2117 991 2197; x_wconf 88' lang='lat' dir='ltr'>diocesis,</span> <span class='ocrx_word' id='word_1_84' title='bbox 1009 2119 1064 2203; x_wconf 94' lang='lat' dir='ltr'>qui</span> <span class='ocrx_word' id='word_1_85' title='bbox 1085 2117 1217 2183; x_wconf 88' lang='lat' dir='ltr'>dilectis</span> <span class='ocrx_word' id='word_1_86' title='bbox 1242 2117 1316 2182; x_wconf 88' lang='lat' dir='ltr'>filiis</span> <span class='ocrx_word' id='word_1_87' title='bbox 1340 2114 1505 2198; x_wconf 80' lang='lat' dir='ltr'>Manueli,</span> <span class='ocrx_word' id='word_1_88' title='bbox 1523 2116 1700 2202; x_wconf 86' lang='lat' dir='ltr'>Berardo,</span> <span class='ocrx_word' id='word_1_89' title='bbox 1716 2118 1790 2205; x_wconf 68' lang='lat' dir='ltr'>Ray·</span> <span class='ocrx_word' id='word_1_90' title='bbox 1822 2113 1824 2118; x_wconf 67' lang='grc'><strong>’</strong></span> 
     </span>
     <span class='ocr_line' id='line_1_13' title="bbox 420 2219 1790 2308; baseline 0.001 -21"><span class='ocrx_word' id='word_1_91' title='bbox 420 2224 523 2305; x_wconf 90' lang='lat' dir='ltr'>nerio,</span> <span class='ocrx_word' id='word_1_92' title='bbox 539 2223 690 2308; x_wconf 84' lang='lat' dir='ltr'>Symoni,</span> <span class='ocrx_word' id='word_1_93' title='bbox 706 2222 853 2301; x_wconf 87' lang='lat' dir='ltr'>Johanni</span> <span class='ocrx_word' id='word_1_94' title='bbox 870 2229 905 2287; x_wconf 89' lang='lat' dir='ltr'>et</span> <span class='ocrx_word' id='word_1_95' title='bbox 921 2221 1133 2288; x_wconf 88' lang='lat' dir='ltr'>Gavanduno</span> <span class='ocrx_word' id='word_1_96' title='bbox 1150 2220 1289 2302; x_wconf 85' lang='lat' dir='ltr'>Rotarii,</span> <span class='ocrx_word' id='word_1_97' title='bbox 1306 2220 1488 2286; x_wconf 77' lang='lat' dir='ltr'>vincentio</span> <span class='ocrx_word' id='word_1_98' title='bbox 1503 2219 1790 2305; x_wconf 84' lang='lat' dir='ltr'>Trocello,Geor·</span> 
     </span>
     <span class='ocr_line' id='line_1_14' title="bbox 419 2321 1789 2411; baseline 0 -19"><span class='ocrx_word' id='word_1_99' title='bbox 419 2326 475 2411; x_wconf 89' lang='lat' dir='ltr'>gio</span> <span class='ocrx_word' id='word_1_100' title='bbox 490 2326 617 2408; x_wconf 88' lang='lat' dir='ltr'>Gareti,</span> <span class='ocrx_word' id='word_1_101' title='bbox 631 2326 783 2392; x_wconf 90' lang='lat' dir='ltr'>Henrico</span> <span class='ocrx_word' id='word_1_102' title='bbox 798 2335 833 2391; x_wconf 90' lang='lat' dir='ltr'>et</span> <span class='ocrx_word' id='word_1_103' title='bbox 861 2326 1017 2391; x_wconf 89' lang='lat' dir='ltr'>Huberto</span> <span class='ocrx_word' id='word_1_104' title='bbox 1032 2325 1074 2390; x_wconf 93' lang='lat' dir='ltr'>de</span> <span class='ocrx_word' id='word_1_105' title='bbox 1098 2323 1253 2390; x_wconf 82' lang='lat' dir='ltr'>Mercato</span> <span class='ocrx_word' id='word_1_106' title='bbox 1267 2333 1302 2389; x_wconf 90' lang='lat' dir='ltr'>et</span> <span class='ocrx_word' id='word_1_107' title='bbox 1318 2321 1515 2390; x_wconf 85' lang='lat' dir='ltr'>Godefredo</span> <span class='ocrx_word' id='word_1_108' title='bbox 1538 2324 1588 2391; x_wconf 92' lang='lat' dir='ltr'>de</span> <span class='ocrx_word' id='word_1_109' title='bbox 1605 2324 1789 2402; x_wconf 81' lang='lat' dir='ltr'>Lovannio,</span> 
     </span>
     <span class='ocr_line' id='line_1_15' title="bbox 419 2426 1791 2516; baseline 0 -21"><span class='ocrx_word' id='word_1_110' title='bbox 419 2430 518 2496; x_wconf 88' lang='lat' dir='ltr'>sociis</span> <span class='ocrx_word' id='word_1_111' title='bbox 533 2430 647 2497; x_wconf 89' lang='lat' dir='ltr'>dilecti</span> <span class='ocrx_word' id='word_1_112' title='bbox 663 2431 721 2496; x_wconf 88' lang='lat' dir='ltr'>filii</span> <span class='ocrx_word' id='word_1_113' title='bbox 738 2430 913 2497; x_wconf 86' lang='lat' dir='ltr'>Benedicti</span> <span class='ocrx_word' id='word_1_114' title='bbox 930 2429 1070 2509; x_wconf 91' lang='lat' dir='ltr'>Rotarii,</span> <span class='ocrx_word' id='word_1_115' title='bbox 1086 2429 1168 2495; x_wconf 88' lang='lat' dir='ltr'>civis</span> <span class='ocrx_word' id='word_1_116' title='bbox 1183 2428 1346 2508; x_wconf 76' lang='lat' dir='ltr'>Astensis,</span> <span class='ocrx_word' id='word_1_117' title='bbox 1361 2427 1396 2492; x_wconf 93' lang='lat' dir='ltr'>in</span> <span class='ocrx_word' id='word_1_118' title='bbox 1410 2426 1548 2494; x_wconf 90' lang='lat' dir='ltr'>duobus</span> <span class='ocrx_word' id='word_1_119' title='bbox 1559 2430 1709 2497; x_wconf 86' lang='lat' dir='ltr'>milrbus</span> <span class='ocrx_word' id='word_1_120' title='bbox 1723 2449 1791 2516; x_wconf 81' lang='lat' dir='ltr'>qua·</span> 
     </span>
     <span class='ocr_line' id='line_1_16' title="bbox 418 2532 1791 2620; baseline 0.001 -23"><span class='ocrx_word' id='word_1_121' title='bbox 418 2532 602 2617; x_wconf 90' lang='lat' dir='ltr'>dringentis</span> <span class='ocrx_word' id='word_1_122' title='bbox 617 2534 709 2600; x_wconf 91' lang='lat' dir='ltr'>libris</span> <span class='ocrx_word' id='word_1_123' title='bbox 724 2533 985 2600; x_wconf 74' lang='lat' dir='ltr'>Lot-aniensium</span> <span class='ocrx_word' id='word_1_124' title='bbox 1000 2536 1099 2613; x_wconf 87' lang='lat' dir='ltr'>bone,</span> <span class='ocrx_word' id='word_1_125' title='bbox 1115 2552 1219 2618; x_wconf 91' lang='lat' dir='ltr'>parve</span> <span class='ocrx_word' id='word_1_126' title='bbox 1235 2541 1271 2597; x_wconf 92' lang='lat' dir='ltr'>et</span> <span class='ocrx_word' id='word_1_127' title='bbox 1287 2532 1403 2616; x_wconf 90' lang='lat' dir='ltr'>legalis</span> <span class='ocrx_word' id='word_1_128' title='bbox 1418 2538 1575 2613; x_wconf 88' lang='lat' dir='ltr'>monete,</span> <span class='ocrx_word' id='word_1_129' title='bbox 1590 2554 1659 2620; x_wconf 93' lang='lat' dir='ltr'>per</span> <span class='ocrx_word' id='word_1_130' title='bbox 1675 2534 1791 2600; x_wconf 80' lang='lat' dir='ltr'>litteras</span> 
     </span>
     <span class='ocr_line' id='line_1_17' title="bbox 420 2634 1791 2723; baseline 0.002 -23"><span class='ocrx_word' id='word_1_131' title='bbox 420 2636 490 2703; x_wconf 87' lang='lat'><em>1111</em></span> <span class='ocrx_word' id='word_1_132' title='bbox 523 2638 638 2722; x_wconf 76' lang='lat' dir='ltr'>sigillis</span> <span class='ocrx_word' id='word_1_133' title='bbox 676 2638 930 2705; x_wconf 87' lang='lat' dir='ltr'>communitatis</span> <span class='ocrx_word' id='word_1_134' title='bbox 964 2637 1113 2723; x_wconf 80' lang='lat' dir='ltr'>predicte</span> <span class='ocrx_word' id='word_1_135' title='bbox 1154 2637 1311 2716; x_wconf 89' lang='lat' dir='ltr'>munitas,</span> <span class='ocrx_word' id='word_1_136' title='bbox 1350 2634 1568 2721; x_wconf 88' lang='lat' dir='ltr'>reperiuntur</span> <span class='ocrx_word' id='word_1_137' title='bbox 1614 2637 1791 2706; x_wconf 86' lang='lat' dir='ltr'>efficaciter</span> 
     </span>
     <span class='ocr_line' id='line_1_18' title="bbox 418 2737 1790 2828; baseline 0.002 -22"><span class='ocrx_word' id='word_1_138' title='bbox 418 2741 568 2824; x_wconf 84' lang='lat' dir='ltr'>obligati,</span> <span class='ocrx_word' id='word_1_139' title='bbox 584 2763 620 2807; x_wconf 90' lang='lat' dir='ltr'>se</span> <span class='ocrx_word' id='word_1_140' title='bbox 630 2741 671 2806; x_wconf 89' lang='lat' dir='ltr'>ad</span> <span class='ocrx_word' id='word_1_141' title='bbox 687 2753 813 2807; x_wconf 88' lang='lat' dir='ltr'>certam</span> <span class='ocrx_word' id='word_1_142' title='bbox 829 2752 961 2828; x_wconf 91' lang='lat' dir='ltr'>partem</span> <span class='ocrx_word' id='word_1_143' title='bbox 977 2740 1128 2826; x_wconf 89' lang='lat' dir='ltr'>ejusdem</span> <span class='ocrx_word' id='word_1_144' title='bbox 1138 2739 1243 2806; x_wconf 90' lang='lat' dir='ltr'>debiti</span> <span class='ocrx_word' id='word_1_145' title='bbox 1259 2737 1457 2824; x_wconf 85' lang='lat' dir='ltr'>quibusdam</span> <span class='ocrx_word' id='word_1_146' title='bbox 1473 2739 1591 2805; x_wconf 71' lang='lat' dir='ltr'>musis</span> <span class='ocrx_word' id='word_1_147' title='bbox 1607 2750 1649 2808; x_wconf 91' lang='lat' dir='ltr'>et</span> <span class='ocrx_word' id='word_1_148' title='bbox 1664 2739 1790 2808; x_wconf 86' lang='lat' dir='ltr'>rationi·</span> 
     </span>
     <span class='ocr_line' id='line_1_19' title="bbox 418 2840 1790 2932; baseline 0.001 -23"><span class='ocrx_word' id='word_1_149' title='bbox 418 2846 480 2909; x_wconf 91' lang='lat' dir='ltr'>bus</span> <span class='ocrx_word' id='word_1_150' title='bbox 495 2853 644 2910; x_wconf 84' lang='lat' dir='ltr'>asserant</span> <span class='ocrx_word' id='word_1_151' title='bbox 659 2866 726 2911; x_wconf 92' lang='lat' dir='ltr'>non</span> <span class='ocrx_word' id='word_1_152' title='bbox 742 2845 849 2910; x_wconf 89' lang='lat' dir='ltr'>teneri</span> <span class='ocrx_word' id='word_1_153' title='bbox 867 2855 902 2909; x_wconf 91' lang='lat' dir='ltr'>et</span> <span class='ocrx_word' id='word_1_154' title='bbox 916 2855 1045 2932; x_wconf 89' lang='lat' dir='ltr'>partem</span> <span class='ocrx_word' id='word_1_155' title='bbox 1062 2844 1228 2928; x_wconf 90' lang='lat' dir='ltr'>reliquam</span> <span class='ocrx_word' id='word_1_156' title='bbox 1254 2842 1381 2908; x_wconf 89' lang='lat' dir='ltr'>eisdem</span> <span class='ocrx_word' id='word_1_157' title='bbox 1403 2840 1504 2907; x_wconf 91' lang='lat' dir='ltr'>sociis</span> <span class='ocrx_word' id='word_1_158' title='bbox 1519 2845 1711 2928; x_wconf 87' lang='lat' dir='ltr'>exolvisse,</span> <span class='ocrx_word' id='word_1_159' title='bbox 1726 2865 1790 2932; x_wconf 81' lang='lat' dir='ltr'>pro</span> 
     </span>
     <span class='ocr_line' id='line_1_20' title="bbox 419 2946 1789 3036; baseline 0.001 -23"><span class='ocrx_word' id='word_1_160' title='bbox 419 2957 572 3014; x_wconf 87' lang='lat' dir='ltr'>curatore</span> <span class='ocrx_word' id='word_1_161' title='bbox 587 2957 700 3015; x_wconf 85' lang='lat' dir='ltr'>nostre</span> <span class='ocrx_word' id='word_1_162' title='bbox 716 2947 867 3030; x_wconf 90' lang='lat' dir='ltr'>Camere,</span> <span class='ocrx_word' id='word_1_163' title='bbox 883 2949 1037 3034; x_wconf 86' lang='lat' dir='ltr'>adquam</span> <span class='ocrx_word' id='word_1_164' title='bbox 1049 2947 1177 3013; x_wconf 91' lang='lat' dir='ltr'>dictum</span> <span class='ocrx_word' id='word_1_165' title='bbox 1193 2946 1344 3012; x_wconf 90' lang='lat' dir='ltr'>debitum</span> <span class='ocrx_word' id='word_1_166' title='bbox 1359 2967 1401 3011; x_wconf 88' lang='lat' dir='ltr'>ex</span> <span class='ocrx_word' id='word_1_167' title='bbox 1416 2946 1527 3013; x_wconf 88' lang='lat' dir='ltr'>causis</span> <span class='ocrx_word' id='word_1_168' title='bbox 1541 2948 1714 3034; x_wconf 86' lang='lat' dir='ltr'>legitimis</span> <span class='ocrx_word' id='word_1_169' title='bbox 1727 2968 1789 3036; x_wconf 86' lang='lat' dir='ltr'>per·</span> 
     </span>
     <span class='ocr_line' id='line_1_21' title="bbox 418 3050 1788 3136; baseline 0.001 -20"><span class='ocrx_word' id='word_1_170' title='bbox 418 3052 526 3117; x_wconf 89' lang='lat' dir='ltr'>tinere</span> <span class='ocrx_word' id='word_1_171' title='bbox 542 3052 699 3133; x_wconf 79' lang='lat' dir='ltr'>noscitur,</span> <span class='ocrx_word' id='word_1_172' title='bbox 712 3053 913 3118; x_wconf 90' lang='lat' dir='ltr'>contrarium</span> <span class='ocrx_word' id='word_1_173' title='bbox 926 3060 1107 3133; x_wconf 88' lang='lat' dir='ltr'>asserente,</span> <span class='ocrx_word' id='word_1_174' title='bbox 1119 3050 1318 3136; x_wconf 89' lang='lat' dir='ltr'>quibusdam</span> <span class='ocrx_word' id='word_1_175' title='bbox 1330 3050 1434 3116; x_wconf 90' lang='lat' dir='ltr'>etiam</span> <span class='ocrx_word' id='word_1_176' title='bbox 1445 3053 1672 3136; x_wconf 89' lang='lat' dir='ltr'>processibus</span> <span class='ocrx_word' id='word_1_177' title='bbox 1687 3071 1788 3120; x_wconf 89' lang='lat' dir='ltr'>ooraru</span> 
     </span>
     <span class='ocr_line' id='line_1_22' title="bbox 420 3153 1788 3239; baseline -0.002 -19"><span class='ocrx_word' id='word_1_178' title='bbox 420 3165 465 3235; x_wconf 86' lang='lat' dir='ltr'>te,</span> <span class='ocrx_word' id='word_1_179' title='bbox 481 3157 665 3221; x_wconf 85' lang='lat' dir='ltr'>litterarum</span> <span class='ocrx_word' id='word_1_180' title='bbox 683 3168 869 3221; x_wconf 88' lang='lat' dir='ltr'>nostrarum</span> <span class='ocrx_word' id='word_1_181' title='bbox 886 3158 946 3221; x_wconf 91' lang='lat' dir='ltr'>tibi</span> <span class='ocrx_word' id='word_1_182' title='bbox 963 3156 1163 3221; x_wconf 89' lang='lat' dir='ltr'>directarum</span> <span class='ocrx_word' id='word_1_183' title='bbox 1179 3155 1392 3235; x_wconf 89' lang='lat' dir='ltr'>auctoritate,</span> <span class='ocrx_word' id='word_1_184' title='bbox 1408 3174 1507 3239; x_wconf 90' lang='lat' dir='ltr'>super</span> <span class='ocrx_word' id='word_1_185' title='bbox 1523 3153 1592 3220; x_wconf 92' lang='lat' dir='ltr'>hiis</span> <span class='ocrx_word' id='word_1_186' title='bbox 1610 3156 1748 3235; x_wconf 84' lang='lat' dir='ltr'>habitis,</span> <span class='ocrx_word' id='word_1_187' title='bbox 1760 3161 1788 3218; x_wconf 91' lang='lat' dir='ltr'>et</span> 
     </span>
     <span class='ocr_line' id='line_1_23' title="bbox 420 3258 1787 3347; baseline -0.001 -23"><span class='ocrx_word' id='word_1_188' title='bbox 420 3279 479 3344; x_wconf 89' lang='lat' dir='ltr'>per</span> <span class='ocrx_word' id='word_1_189' title='bbox 505 3269 635 3346; x_wconf 88' lang='lat' dir='ltr'>partem</span> <span class='ocrx_word' id='word_1_190' title='bbox 659 3260 841 3325; x_wconf 88' lang='lat' dir='ltr'>eorundem</span> <span class='ocrx_word' id='word_1_191' title='bbox 874 3262 985 3340; x_wconf 84' lang='lat' dir='ltr'>villici,</span> <span class='ocrx_word' id='word_1_192' title='bbox 1010 3260 1220 3326; x_wconf 89' lang='lat' dir='ltr'>scabinorum</span> <span class='ocrx_word' id='word_1_193' title='bbox 1245 3267 1280 3324; x_wconf 93' lang='lat' dir='ltr'>et</span> <span class='ocrx_word' id='word_1_194' title='bbox 1304 3258 1531 3324; x_wconf 88' lang='lat' dir='ltr'>universitatis</span> <span class='ocrx_word' id='word_1_195' title='bbox 1558 3261 1787 3347; x_wconf 87' lang='lat' dir='ltr'>appellatione</span> 
     </span>
     <span class='ocr_line' id='line_1_24' title="bbox 419 3362 1785 3452; baseline 0.001 -25"><span class='ocrx_word' id='word_1_196' title='bbox 419 3362 655 3428; x_wconf 84' lang='lat' dir='ltr'>nichilominus</span> <span class='ocrx_word' id='word_1_197' title='bbox 670 3364 713 3429; x_wconf 89' lang='lat' dir='ltr'>ad</span> <span class='ocrx_word' id='word_1_198' title='bbox 728 3364 847 3429; x_wconf 84' lang='lat' dir='ltr'>Sedem</span> <span class='ocrx_word' id='word_1_199' title='bbox 865 3366 1097 3448; x_wconf 86' lang='lat' dir='ltr'>apostolicam,</span> <span class='ocrx_word' id='word_1_200' title='bbox 1110 3364 1195 3429; x_wconf 91' lang='lat' dir='ltr'>sicut</span> <span class='ocrx_word' id='word_1_201' title='bbox 1207 3363 1373 3442; x_wconf 88' lang='lat' dir='ltr'>asseritur,</span> <span class='ocrx_word' id='word_1_202' title='bbox 1389 3362 1580 3447; x_wconf 88' lang='lat' dir='ltr'>interjecta,</span> <span class='ocrx_word' id='word_1_203' title='bbox 1597 3364 1666 3452; x_wconf 92' lang='lat' dir='ltr'>ipsi</span> <span class='ocrx_word' id='word_1_204' title='bbox 1682 3375 1785 3433; x_wconf 90' lang='lat' dir='ltr'>tamen</span> 
     </span>
     <span class='ocr_line' id='line_1_25' title="bbox 419 3465 1785 3557; baseline 0.002 -27"><span class='ocrx_word' id='word_1_205' title='bbox 419 3465 598 3552; x_wconf 86' lang='lat' dir='ltr'>procedere</span> <span class='ocrx_word' id='word_1_206' title='bbox 615 3488 673 3552; x_wconf 89' lang='lat' dir='ltr'>per</span> <span class='ocrx_word' id='word_1_207' title='bbox 689 3468 779 3532; x_wconf 86' lang='lat' dir='ltr'>viam</span> <span class='ocrx_word' id='word_1_208' title='bbox 795 3469 1049 3554; x_wconf 89' lang='lat' dir='ltr'>compositionis</span> <span class='ocrx_word' id='word_1_209' title='bbox 1075 3487 1134 3533; x_wconf 92' lang='lat' dir='ltr'>seu</span> <span class='ocrx_word' id='word_1_210' title='bbox 1158 3466 1394 3531; x_wconf 86' lang='lat' dir='ltr'>transactionis</span> <span class='ocrx_word' id='word_1_211' title='bbox 1413 3486 1512 3550; x_wconf 89' lang='lat' dir='ltr'>super</span> <span class='ocrx_word' id='word_1_212' title='bbox 1532 3467 1600 3533; x_wconf 86' lang='lat' dir='ltr'>hiis</span> <span class='ocrx_word' id='word_1_213' title='bbox 1617 3469 1785 3557; x_wconf 73' lang='lat' dir='ltr'>cupientis</span> 
     </span>
     <span class='ocr_line' id='line_1_26' title="bbox 419 3568 1782 3659; baseline 0.004 -24"><span class='ocrx_word' id='word_1_214' title='bbox 419 3570 490 3651; x_wconf 90' lang='lat' dir='ltr'>tibi,</span> <span class='ocrx_word' id='word_1_215' title='bbox 518 3579 633 3635; x_wconf 90' lang='lat' dir='ltr'>nostro</span> <span class='ocrx_word' id='word_1_216' title='bbox 670 3581 704 3636; x_wconf 88' lang='lat' dir='ltr'>et</span> <span class='ocrx_word' id='word_1_217' title='bbox 742 3572 890 3657; x_wconf 87' lang='lat' dir='ltr'>ejusdem</span> <span class='ocrx_word' id='word_1_218' title='bbox 918 3572 1058 3638; x_wconf 89' lang='lat' dir='ltr'>Camere</span> <span class='ocrx_word' id='word_1_219' title='bbox 1092 3571 1241 3651; x_wconf 86' lang='lat' dir='ltr'>nomine,</span> <span class='ocrx_word' id='word_1_220' title='bbox 1276 3570 1457 3655; x_wconf 87' lang='lat' dir='ltr'>nonaginta</span> <span class='ocrx_word' id='word_1_221' title='bbox 1488 3568 1548 3635; x_wconf 93' lang='lat' dir='ltr'>lib.</span> <span class='ocrx_word' id='word_1_222' title='bbox 1585 3579 1658 3639; x_wconf 89' lang='lat' dir='ltr'>tur.</span> <span class='ocrx_word' id='word_1_223' title='bbox 1691 3593 1782 3659; x_wconf 82' lang='lat' dir='ltr'>grass</span> 
     </span>
     <span class='ocr_line' id='line_1_27' title="bbox 419 3671 1781 3762; baseline 0.003 -26"><span class='ocrx_word' id='word_1_224' title='bbox 419 3674 547 3757; x_wconf 83' lang='lat' dir='ltr'>argenti</span> <span class='ocrx_word' id='word_1_225' title='bbox 564 3675 757 3741; x_wconf 89' lang='lat' dir='ltr'>obtulerunt</span> <span class='ocrx_word' id='word_1_226' title='bbox 772 3697 806 3740; x_wconf 88' lang='lat' dir='ltr'>se</span> <span class='ocrx_word' id='word_1_227' title='bbox 824 3696 882 3761; x_wconf 88' lang='lat' dir='ltr'>per</span> <span class='ocrx_word' id='word_1_228' title='bbox 897 3676 985 3740; x_wconf 89' lang='lat' dir='ltr'>viam</span> <span class='ocrx_word' id='word_1_229' title='bbox 1002 3674 1189 3762; x_wconf 83' lang='lat' dir='ltr'>predictam</span> <span class='ocrx_word' id='word_1_230' title='bbox 1212 3674 1341 3738; x_wconf 91' lang='lat' dir='ltr'>ratione</span> <span class='ocrx_word' id='word_1_231' title='bbox 1356 3672 1436 3738; x_wconf 92' lang='lat' dir='ltr'>dicti</span> <span class='ocrx_word' id='word_1_232' title='bbox 1451 3671 1561 3738; x_wconf 89' lang='lat' dir='ltr'>debiti</span> <span class='ocrx_word' id='word_1_233' title='bbox 1579 3678 1687 3742; x_wconf 91' lang='lat' dir='ltr'>certis</span> <span class='ocrx_word' id='word_1_234' title='bbox 1702 3697 1781 3744; x_wconf 81' lang='lat' dir='ltr'>coru</span> 
     </span>
     <span class='ocr_line' id='line_1_28' title="bbox 418 3776 1783 3863; baseline 0.001 -22"><span class='ocrx_word' id='word_1_235' title='bbox 418 3778 610 3863; x_wconf 89' lang='lat' dir='ltr'>petentibus</span> <span class='ocrx_word' id='word_1_236' title='bbox 623 3779 772 3843; x_wconf 90' lang='lat' dir='ltr'>terminis</span> <span class='ocrx_word' id='word_1_237' title='bbox 785 3780 961 3845; x_wconf 89' lang='lat' dir='ltr'>soluturos.</span> <span class='ocrx_word' id='word_1_238' title='bbox 970 3778 1043 3844; x_wconf 79' lang='lat' dir='ltr'>Nos</span> <span class='ocrx_word' id='word_1_239' title='bbox 1055 3788 1170 3844; x_wconf 91' lang='lat' dir='ltr'>autem</span> <span class='ocrx_word' id='word_1_240' title='bbox 1182 3777 1224 3843; x_wconf 91' lang='lat' dir='ltr'>de</span> <span class='ocrx_word' id='word_1_241' title='bbox 1235 3785 1291 3842; x_wconf 90' lang='lat' dir='ltr'>tue</span> <span class='ocrx_word' id='word_1_242' title='bbox 1304 3776 1618 3861; x_wconf 88' lang='lat' dir='ltr'>circumspectionis</span> <span class='ocrx_word' id='word_1_243' title='bbox 1629 3779 1783 3846; x_wconf 85' lang='lat' dir='ltr'>industria</span> 
     </span>
     <span class='ocr_line' id='line_1_29' title="bbox 418 3880 1782 3967; baseline 0.001 -22"><span class='ocrx_word' id='word_1_244' title='bbox 418 3882 554 3967; x_wconf 89' lang='lat' dir='ltr'>plenam</span> <span class='ocrx_word' id='word_1_245' title='bbox 571 3881 604 3946; x_wconf 91' lang='lat' dir='ltr'>in</span> <span class='ocrx_word' id='word_1_246' title='bbox 623 3881 769 3947; x_wconf 90' lang='lat' dir='ltr'>Domino</span> <span class='ocrx_word' id='word_1_247' title='bbox 785 3883 940 3948; x_wconf 87' lang='lat' dir='ltr'>fiduciam</span> <span class='ocrx_word' id='word_1_248' title='bbox 953 3884 1144 3948; x_wconf 90' lang='lat' dir='ltr'>obtinentes</span> <span class='ocrx_word' id='word_1_249' title='bbox 1156 3880 1380 3967; x_wconf 91' lang='lat' dir='ltr'>componendi</span> <span class='ocrx_word' id='word_1_250' title='bbox 1393 3889 1405 3910; x_wconf 76' lang='lat'><em>⁶</em></span> <span class='ocrx_word' id='word_1_251' title='bbox 1420 3900 1478 3944; x_wconf 90' lang='lat' dir='ltr'>seu</span> <span class='ocrx_word' id='word_1_252' title='bbox 1488 3881 1704 3965; x_wconf 89' lang='lat' dir='ltr'>transigendi</span> <span class='ocrx_word' id='word_1_253' title='bbox 1716 3902 1782 3949; x_wconf 89' lang='lat' dir='ltr'>cum</span> 
     </span>
     <span class='ocr_line' id='line_1_30' title="bbox 419 3982 1782 4073; baseline 0.001 -25"><span class='ocrx_word' id='word_1_254' title='bbox 419 3984 498 4070; x_wconf 91' lang='lat' dir='ltr'>ipsis</span> <span class='ocrx_word' id='word_1_255' title='bbox 519 3986 573 4050; x_wconf 87' lang='lat' dir='ltr'>vel</span> <span class='ocrx_word' id='word_1_256' title='bbox 589 4006 703 4051; x_wconf 90' lang='lat' dir='ltr'>eorum</span> <span class='ocrx_word' id='word_1_257' title='bbox 720 3997 933 4073; x_wconf 87' lang='lat' dir='ltr'>procuratore</span> <span class='ocrx_word' id='word_1_258' title='bbox 949 3988 991 4053; x_wconf 91' lang='lat' dir='ltr'>ad</span> <span class='ocrx_word' id='word_1_259' title='bbox 1006 3987 1071 4052; x_wconf 91' lang='lat' dir='ltr'>hoc</span> <span class='ocrx_word' id='word_1_260' title='bbox 1086 3986 1224 4071; x_wconf 83' lang='lat' dir='ltr'>ydoneo</span> <span class='ocrx_word' id='word_1_261' title='bbox 1235 3984 1336 4050; x_wconf 94' lang='lat' dir='ltr'>modo</span> <span class='ocrx_word' id='word_1_262' title='bbox 1347 3982 1509 4070; x_wconf 83' lang='lat' dir='ltr'>predicto,</span> <span class='ocrx_word' id='word_1_263' title='bbox 1525 4003 1669 4051; x_wconf 91' lang='lat' dir='ltr'>necnon</span> <span class='ocrx_word' id='word_1_264' title='bbox 1684 3987 1782 4053; x_wconf 87' lang='lat' dir='ltr'>dictas</span> 
     </span>
     <span class='ocr_line' id='line_1_31' title="bbox 419 4086 1781 4177; baseline 0.003 -26"><span class='ocrx_word' id='word_1_265' title='bbox 419 4086 582 4152; x_wconf 87' lang='lat' dir='ltr'>LXXXX</span> <span class='ocrx_word' id='word_1_266' title='bbox 597 4088 743 4155; x_wconf 75' lang='lat' dir='ltr'>‘’lib.tur.</span> <span class='ocrx_word' id='word_1_267' title='bbox 752 4092 999 4175; x_wconf 80' lang='lat' dir='ltr'>grossargenti,</span> <span class='ocrx_word' id='word_1_268' title='bbox 1012 4099 1128 4155; x_wconf 91' lang='lat' dir='ltr'>nostro</span> <span class='ocrx_word' id='word_1_269' title='bbox 1144 4098 1178 4154; x_wconf 91' lang='lat' dir='ltr'>et</span> <span class='ocrx_word' id='word_1_270' title='bbox 1190 4088 1279 4154; x_wconf 91' lang='lat' dir='ltr'>dicte</span> <span class='ocrx_word' id='word_1_271' title='bbox 1293 4087 1433 4153; x_wconf 87' lang='lat' dir='ltr'>Camere</span> <span class='ocrx_word' id='word_1_272' title='bbox 1444 4086 1597 4169; x_wconf 91' lang='lat' dir='ltr'>nomine,</span> <span class='ocrx_word' id='word_1_273' title='bbox 1604 4088 1781 4177; x_wconf 89' lang='lat' dir='ltr'>recipiendi</span> 
     </span>
     <span class='ocr_line' id='line_1_32' title="bbox 418 4190 1779 4277; baseline -0.002 -20"><span class='ocrx_word' id='word_1_274' title='bbox 418 4191 593 4277; x_wconf 89' lang='lat' dir='ltr'>dictosque</span> <span class='ocrx_word' id='word_1_275' title='bbox 625 4193 784 4275; x_wconf 84' lang='lat' dir='ltr'>villicum,</span> <span class='ocrx_word' id='word_1_276' title='bbox 810 4194 964 4260; x_wconf 89' lang='lat' dir='ltr'>scabinos</span> <span class='ocrx_word' id='word_1_277' title='bbox 994 4203 1029 4259; x_wconf 88' lang='lat' dir='ltr'>et</span> <span class='ocrx_word' id='word_1_278' title='bbox 1055 4192 1309 4259; x_wconf 87' lang='lat' dir='ltr'>universitatem</span> <span class='ocrx_word' id='word_1_279' title='bbox 1345 4191 1387 4256; x_wconf 88' lang='lat' dir='ltr'>de</span> <span class='ocrx_word' id='word_1_280' title='bbox 1421 4190 1496 4272; x_wconf 84' lang='lat' dir='ltr'>illis,</span> <span class='ocrx_word' id='word_1_281' title='bbox 1527 4211 1608 4256; x_wconf 91' lang='lat' dir='ltr'>cum</span> <span class='ocrx_word' id='word_1_282' title='bbox 1641 4213 1701 4260; x_wconf 90' lang='lat' dir='ltr'>eas</span> <span class='ocrx_word' id='word_1_283' title='bbox 1728 4190 1779 4258; x_wconf 92' lang='lat' dir='ltr'>tibi</span> 
     </span>
     <span class='ocr_line' id='line_1_33' title="bbox 419 4294 1780 4382; baseline 0 -22"><span class='ocrx_word' id='word_1_284' title='bbox 419 4297 652 4382; x_wconf 87' lang='lat' dir='ltr'>persolverint,</span> <span class='ocrx_word' id='word_1_285' title='bbox 678 4297 830 4382; x_wconf 89' lang='lat' dir='ltr'>quitandi</span> <span class='ocrx_word' id='word_1_286' title='bbox 853 4306 888 4363; x_wconf 93' lang='lat' dir='ltr'>et</span> <span class='ocrx_word' id='word_1_287' title='bbox 918 4298 1113 4364; x_wconf 87' lang='lat' dir='ltr'>absolvendi</span> <span class='ocrx_word' id='word_1_288' title='bbox 1138 4318 1178 4363; x_wconf 90' lang='lat' dir='ltr'>ac</span> <span class='ocrx_word' id='word_1_289' title='bbox 1202 4297 1422 4362; x_wconf 88' lang='lat' dir='ltr'>instrumenta</span> <span class='ocrx_word' id='word_1_290' title='bbox 1444 4294 1610 4380; x_wconf 87' lang='lat' dir='ltr'>predicta,</span> <span class='ocrx_word' id='word_1_291' title='bbox 1634 4296 1780 4382; x_wconf 81' lang='lat' dir='ltr'>quamvis</span> 
     </span>
     <span class='ocr_line' id='line_1_34' title="bbox 420 4397 1779 4487; baseline 0 -23"><span class='ocrx_word' id='word_1_292' title='bbox 420 4400 579 4484; x_wconf 86' lang='lat' dir='ltr'>majorem</span> <span class='ocrx_word' id='word_1_293' title='bbox 596 4421 763 4466; x_wconf 90' lang='lat' dir='ltr'>summam</span> <span class='ocrx_word' id='word_1_294' title='bbox 779 4404 986 4483; x_wconf 89' lang='lat' dir='ltr'>contineant,</span> <span class='ocrx_word' id='word_1_295' title='bbox 1002 4404 1059 4484; x_wconf 86' lang='lat' dir='ltr'>eis,</span> <span class='ocrx_word' id='word_1_296' title='bbox 1076 4410 1153 4487; x_wconf 90' lang='lat' dir='ltr'>post</span> <span class='ocrx_word' id='word_1_297' title='bbox 1169 4400 1432 4466; x_wconf 82' lang='lat' dir='ltr'>satisfactionem</span> <span class='ocrx_word' id='word_1_298' title='bbox 1448 4398 1490 4464; x_wconf 89' lang='lat' dir='ltr'>de</span> <span class='ocrx_word' id='word_1_299' title='bbox 1506 4398 1608 4465; x_wconf 91' lang='lat' dir='ltr'>dictis</span> <span class='ocrx_word' id='word_1_300' title='bbox 1622 4397 1779 4467; x_wconf 68' lang='lat' dir='ltr'>Lxffi</span> 
     </span>
     <span class='ocr_line' id='line_1_35' title="bbox 419 4501 1777 4591; baseline 0.001 -22"><span class='ocrx_word' id='word_1_301' title='bbox 419 4504 476 4570; x_wconf 92' lang='lat' dir='ltr'>lib.</span> <span class='ocrx_word' id='word_1_302' title='bbox 501 4524 600 4588; x_wconf 82' lang='lat' dir='ltr'>gross</span> <span class='ocrx_word' id='word_1_303' title='bbox 625 4514 689 4571; x_wconf 90' lang='lat' dir='ltr'>tur.</span> <span class='ocrx_word' id='word_1_304' title='bbox 717 4506 844 4591; x_wconf 86' lang='lat' dir='ltr'>argenti</span> <span class='ocrx_word' id='word_1_305' title='bbox 870 4505 930 4570; x_wconf 92' lang='lat' dir='ltr'>tibi</span> <span class='ocrx_word' id='word_1_306' title='bbox 954 4505 1151 4591; x_wconf 90' lang='lat' dir='ltr'>impensam,</span> <span class='ocrx_word' id='word_1_307' title='bbox 1167 4501 1375 4583; x_wconf 83' lang='lat' dir='ltr'>restituendi,</span> <span class='ocrx_word' id='word_1_308' title='bbox 1392 4521 1432 4569; x_wconf 90' lang='lat' dir='ltr'>ac</span> <span class='ocrx_word' id='word_1_309' title='bbox 1458 4501 1606 4570; x_wconf 86' lang='lat' dir='ltr'>faciendi</span> <span class='ocrx_word' id='word_1_310' title='bbox 1628 4513 1667 4570; x_wconf 89' lang='lat' dir='ltr'>et</span> <span class='ocrx_word' id='word_1_311' title='bbox 1689 4523 1777 4591; x_wconf 71' lang='lat' dir='ltr'>expe</span> 
     </span>
     <span class='ocr_line' id='line_1_36' title="bbox 419 4608 1777 4696; baseline 0 -23"><span class='ocrx_word' id='word_1_312' title='bbox 419 4608 532 4674; x_wconf 89' lang='lat' dir='ltr'>diendi</span> <span class='ocrx_word' id='word_1_313' title='bbox 549 4630 613 4693; x_wconf 89' lang='lat' dir='ltr'>que</span> <span class='ocrx_word' id='word_1_314' title='bbox 629 4610 716 4676; x_wconf 89' lang='lat' dir='ltr'>circa</span> <span class='ocrx_word' id='word_1_315' title='bbox 732 4610 795 4677; x_wconf 88' lang='lat' dir='ltr'>hec</span> <span class='ocrx_word' id='word_1_316' title='bbox 807 4610 929 4676; x_wconf 87' lang='lat' dir='ltr'>fuerint</span> <span class='ocrx_word' id='word_1_317' title='bbox 941 4618 1117 4696; x_wconf 91' lang='lat' dir='ltr'>oportuna,</span> <span class='ocrx_word' id='word_1_318' title='bbox 1130 4610 1266 4695; x_wconf 88' lang='lat' dir='ltr'>plenam</span> <span class='ocrx_word' id='word_1_319' title='bbox 1276 4609 1336 4673; x_wconf 91' lang='lat' dir='ltr'>tibi</span> <span class='ocrx_word' id='word_1_320' title='bbox 1352 4608 1569 4675; x_wconf 91' lang='lat' dir='ltr'>concedimus</span> <span class='ocrx_word' id='word_1_321' title='bbox 1585 4611 1777 4679; x_wconf 88' lang='lat' dir='ltr'>auctoritate</span> 
     </span>
     <span class='ocr_line' id='line_1_37' title="bbox 419 4712 1504 4799; baseline -0.003 -22"><span class='ocrx_word' id='word_1_322' title='bbox 419 4714 624 4799; x_wconf 91' lang='lat' dir='ltr'>presentium</span> <span class='ocrx_word' id='word_1_323' title='bbox 640 4713 845 4781; x_wconf 81' lang='lat' dir='ltr'>facultatem.</span> <span class='ocrx_word' id='word_1_324' title='bbox 863 4715 944 4781; x_wconf 88' lang='lat' dir='ltr'>Dat.</span> <span class='ocrx_word' id='word_1_325' title='bbox 959 4714 1059 4781; x_wconf 86' lang='lat' dir='ltr'>Avin.</span> <span class='ocrx_word' id='word_1_326' title='bbox 1074 4712 1229 4779; x_wconf 87' lang='lat' dir='ltr'>kalendis</span> <span class='ocrx_word' id='word_1_327' title='bbox 1242 4712 1327 4799; x_wconf 89' lang='lat' dir='ltr'>junii</span> <span class='ocrx_word' id='word_1_328' title='bbox 1339 4732 1428 4779; x_wconf 89' lang='lat' dir='ltr'>anno</span> <span class='ocrx_word' id='word_1_329' title='bbox 1446 4732 1504 4794; x_wconf 72' lang='lat'>9.»</span> 
     </span>
    </p>
   </div>
   <div class='ocr_carea' id='block_1_6' title="bbox 452 4879 876 4940">
    <p class='ocr_par' dir='ltr' id='par_1_7' title="bbox 452 4879 876 4940">
     <span class='ocr_line' id='line_1_38' title="bbox 452 4879 876 4940; baseline 0.009 -13"><span class='ocrx_word' id='word_1_330' title='bbox 452 4880 515 4940; x_wconf 69' lang='lat' dir='ltr'>aeg.</span> <span class='ocrx_word' id='word_1_331' title='bbox 532 4879 588 4928; x_wconf 75' lang='lat' dir='ltr'>vai.</span> <span class='ocrx_word' id='word_1_332' title='bbox 606 4883 657 4939; x_wconf 80' lang='lat' dir='ltr'>ns,</span> <span class='ocrx_word' id='word_1_333' title='bbox 671 4881 690 4931; x_wconf 81' lang='lat' dir='ltr'>r.</span> <span class='ocrx_word' id='word_1_334' title='bbox 702 4882 767 4940; x_wconf 68' lang='lat' dir='ltr'>rosv,</span> <span class='ocrx_word' id='word_1_335' title='bbox 780 4896 805 4930; x_wconf 82' lang='lat' dir='ltr'>n.</span> <span class='ocrx_word' id='word_1_336' title='bbox 820 4884 876 4932; x_wconf 80' lang='lat' dir='ltr'>aer.</span> 
     </span>
    </p>
   </div>
   <div class='ocr_carea' id='block_1_7' title="bbox 451 5095 969 5162">
    <p class='ocr_par' dir='ltr' id='par_1_8' title="bbox 451 5095 969 5162">
     <span class='ocr_line' id='line_1_39' title="bbox 451 5095 969 5162; baseline 0.012 -20"><span class='ocrx_word' id='word_1_337' title='bbox 451 5111 476 5144; x_wconf 85' lang='lat' dir='ltr'>a.</span> <span class='ocrx_word' id='word_1_338' title='bbox 489 5095 635 5159; x_wconf 78' lang='lat' dir='ltr'>deponendi</span> <span class='ocrx_word' id='word_1_339' title='bbox 648 5112 697 5160; x_wconf 73' lang='lat' dir='ltr'>req.</span> <span class='ocrx_word' id='word_1_340' title='bbox 718 5125 749 5131; x_wconf 91' lang='lat'><em>-</em></span> <span class='ocrx_word' id='word_1_341' title='bbox 768 5098 789 5145; x_wconf 85' lang='lat' dir='ltr'>b.</span> <span class='ocrx_word' id='word_1_342' title='bbox 803 5097 906 5145; x_wconf 84' lang='lat' dir='ltr'>LXXX</span> <span class='ocrx_word' id='word_1_343' title='bbox 919 5112 969 5162; x_wconf 76' lang='lat' dir='ltr'>req.</span> 
     </span>
    </p>
   </div>
   <div class='ocr_carea' id='block_1_8' title="bbox 0 0 2210 6017">
    <p class='ocr_par' dir='ltr' id='par_1_9' title="bbox 0 0 2210 6017">
     <span class='ocr_line' id='line_1_40' title="bbox 0 0 2210 6017; baseline 0 2"><span class='ocrx_word' id='word_1_344' title='bbox 0 0 2210 6017; x_wconf 95' lang='lat' dir='ltr'> </span> 
     </span>
    </p>
   </div>
  </div>
 </body>
</html>
