4409 6017
523 731 584 796 268
1064 719 1222 797 Troisibme
1243 732 1344 797 nunde.

568 879 760 963 Conqueste
777 888 895 946 sunt...

568 983 646 1049 Dat.
662 984 761 1048 Avin.
778 1004 846 1049 non
863 983 970 1050 martii
989 1004 1078 1049 anno
1096 1005 1124 1068 3.

555 1123 671 1184 Original
682 1137 734 1171 aux
747 1122 869 1171 Archives
879 1123 911 1171 de
924 1109 1007 1171 l'litat
1018 1124 1033 1171 a
1046 1125 1152 1182 Anvers,
1166 1123 1269 1173 chortes
1280 1124 1312 1172 de
1322 1124 1474 1182 Rosendael,
1488 1123 1571 1173 annee
1585 1125 1657 1173 1319.

567 1310 679 1393 682.
1569 1326 1723 1412 1319,16
1739 1346 1839 1390 iners.

565 1428 750 1495 Ordinatio·
766 1451 825 1516 per
841 1451 941 1515 quam
957 1430 1203 1516 appellationes
1230 1429 1363 1496 comitis
1380 1428 1536 1495 Flandrie
1553 1428 1752 1515 interposite
1769 1436 1874 1494 contra

523 1553 636 1618 regem
654 1532 792 1599 Francie
808 1554 912 1618 usque
928 1533 971 1600 ad
986 1555 1111 1599 annum
1130 1555 1198 1599 non
1215 1541 1362 1599 currunt.

569 1737 585 1775 n·
613 1712 786 1779 Universis
802 1713 924 1779 Christi
947 1714 1099 1781 fidelibus
1115 1721 1287 1798 presentes
1303 1714 1432 1778 litteras
1447 1712 1645 1799 inspecturis
1667 1721 1733 1779 etc.
1752 1712 1873 1778 Dudum

523 1819 608 1883 inter
624 1817 829 1883 carissimum
846 1818 880 1881 in
897 1817 1032 1883 Christo
1050 1817 1154 1881 lilium
1171 1826 1321 1884 nostrum
1335 1816 1537 1903 Philippum,
1552 1837 1666 1902 regern
1683 1814 1874 1882 Francorum

523 1922 695 2001 illustrem,
720 1943 761 1986 ex
786 1930 880 2008 parte
907 1943 982 2002 una,
1008 1930 1042 1986 et
1065 1921 1226 1987 dilectum
1251 1920 1353 1985 filium
1376 1922 1526 1986 nobilem
1551 1919 1658 1986 virum
1691 1919 1874 1996 Robertum,

523 2025 683 2091 comitem
701 2024 867 2105 Flandrie,
883 2047 925 2089 ex
940 2027 1054 2104 altera,
1079 2045 1178 2110 super
1204 2025 1304 2090 certis
1327 2024 1473 2090 articulis
1499 2023 1715 2090 dissensionis
1738 2022 1874 2101 materia,

522 2129 635 2194 litibus
650 2130 752 2195 etiam
769 2137 803 2194 et
819 2129 1046 2214 questionibus
1062 2129 1197 2209 exortis,
1214 2130 1325 2214 plures
1340 2128 1584 2214 appellationes
1599 2148 1661 2214 pro
1676 2137 1772 2214 parte
1787 2126 1875 2212 ipsius

524 2233 656 2299 comitis
671 2242 705 2298 et
722 2233 751 2298 ei
767 2233 999 2300 adherentium
1017 2233 1149 2299 fuerunt
1165 2233 1341 2298 occasione
1357 2232 1546 2318 hujusmodi
1562 2232 1605 2298 ad
1620 2231 1742 2298 Sedem
1754 2238 1874 2317 aposto

524 2337 621 2403 licam
639 2338 822 2422 interjecto.
840 2335 914 2402 Nos
939 2345 1052 2403 autem
1074 2336 1174 2403 certis
1189 2357 1230 2402 ex
1247 2337 1363 2415 causis,
1380 2357 1445 2420 que
1461 2336 1504 2402 ad
1521 2336 1554 2401 id
1568 2334 1811 2401 rationabiliter
1824 2352 1875 2397 nos

525 2439 697 2523 inducunt,
713 2442 868 2506 volumus
888 2447 924 2506 ut
935 2440 968 2505 in
979 2440 1170 2525 hujusmodi
1187 2439 1478 2525 appellationibus,
1496 2440 1529 2503 in
1544 2438 1608 2504 biis
1622 2447 1740 2504 tamen
1755 2443 1874 2503 tantum

525 2564 664 2627 quarum
680 2565 796 2610 causas
818 2544 906 2630 apud
933 2544 1154 2631 apostolicam
1179 2544 1297 2609 Sedem
1326 2543 1564 2624 commisimus,
1589 2551 1747 2628 tempora
1775 2560 1875 2627 prose·

525 2649 733 2733 quendarum
758 2649 1022 2735 appellationum
1038 2669 1067 2732 a
1089 2649 1163 2733 Jure
1188 2655 1313 2713 statuta
1330 2668 1433 2732 usque
1449 2647 1491 2714 ad
1507 2667 1633 2712 annum
1658 2665 1728 2711 non
1744 2650 1874 2722 currant,

526 2751 572 2816 ita
587 2760 702 2817 tamen
718 2754 808 2836 quod
824 2773 883 2838 per
898 2753 964 2818 hoc
979 2773 1036 2817 eas
1051 2753 1105 2816 vel
1122 2772 1235 2817 earum
1251 2751 1397 2837 aliquam
1412 2771 1480 2817 non
1498 2750 1704 2818 intendimus
1729 2749 1793 2815 nisi
1808 2767 1874 2833 qua·
1906 2813 1907 2818 ,

524 2862 623 2919 tenus
637 2854 680 2919 de
692 2855 765 2941 jure
781 2855 879 2920 suerit
894 2859 1088 2941 approbare.
1107 2855 1184 2920 Dat.
1200 2854 1300 2920 Avin.
1321 2874 1357 2938 17
1374 2853 1440 2919 kal.
1456 2854 1567 2940 aprilis
1582 2874 1674 2919 anno
1691 2873 1709 2937 3
1727 2874 1757 2918 n.

558 2992 619 3054 neg.
632 2991 690 3040 vat.
705 2994 741 3052 n,
754 2994 771 3041 r.
784 2994 831 3040 aaa
843 3008 848 3048 ;
859 2992 916 3041 vat..
929 2994 968 3051 ou,
981 2994 999 3041 r.
1013 2996 1078 3051 laus,
1091 3008 1117 3041 n.
1135 2995 1190 3043 aaa.

570 3188 685 3274 683.
1573 3222 1668 3287 1319,
1685 3204 1724 3266 ιό
1742 3223 1841 3266 rnars.

570 3306 813 3373 Executoribus
830 3309 1004 3373 mandatur
1021 3315 1186 3392 quatenus
1209 3315 1371 3372 moneant
1388 3306 1584 3385 Robertum,
1610 3305 1772 3370 comitem
1789 3304 1875 3370 Flan-

525 3410 604 3489 drie‚
621 3410 663 3475 ad
679 3411 922 3476 restituendum
940 3412 1099 3498 episcopo
1122 3410 1326 3476 Tornacensi
1342 3416 1487 3475 castrum
1503 3408 1545 3474 de
1562 3408 1682 3474 Alechi
1699 3428 1831 3474 necnon
1844 3404 1878 3472 ad

525 3514 796 3580 satisfaciendum
819 3515 893 3580 aliis
916 3514 1065 3581 ecclesiis
1086 3523 1121 3580 et
1145 3514 1356 3580 monasteriis
1379 3512 1593 3594 MorinensiS,
1609 3512 1832 3579 Tornacensis
1851 3516 1878 3575 et

525 3617 756 3684 Atrebatensis
772 3619 954 3699 diocesum,
971 3620 1014 3684 de
1029 3618 1183 3705 dampnis
1210 3617 1288 3704 ipsis
1306 3618 1404 3682 illatis
1427 3626 1581 3702 tempore
1605 3637 1798 3702 guerrarum
1814 3634 1878 3682 cum

525 3741 602 3806 rege
620 3721 769 3788 Francie.

571 3923 587 3964 u
606 3900 747 3966 Dilectis
762 3902 839 3967 filiis
850 3952 867 3967 ..
887 3902 1097 3967 Hanoniensi
1116 3911 1179 3967 et..
1196 3900 1442 3987 :lntwerpiensi
1456 3900 1488 3964 in
1502 3899 1642 3966 ecclesia
1656 3897 1880 3966 Cameracensi

526 4003 768 4070 archidiaconis
783 4027 822 4071 ac
839 4005 972 4071 officiali
990 4005 1234 4071 Cameracensi.
1251 4005 1304 4069 Ad
1328 4003 1538 4090 repellendas
1553 4003 1727 4069 molestias
1743 4013 1778 4069 et
1794 4022 1883 4069 vexa·

526 4110 636 4173 tiones
661 4109 826 4176 indebitas
849 4109 1086 4195 reprimendas,
1113 4131 1177 4193 que
1203 4109 1350 4174 ecclesiis
1374 4116 1409 4173 et
1434 4106 1645 4173 monasteriis
1678 4127 1718 4173 ac
1742 4106 1884 4193 personis

526 4213 757 4279 ecclesiasticis
774 4214 968 4294 inferuntur,
984 4222 1082 4280 tanto
1098 4213 1315 4300 promptioris
1330 4211 1565 4278 sollicitudinis
1581 4210 1729 4277 studium
1742 4231 1885 4277 noscun-

526 4316 619 4381 venit
635 4317 805 4393 adhibere,
822 4328 949 4402 quanto
966 4318 1099 4384 liberius
1116 4318 1234 4383 crescit
1251 4316 1482 4402 injuriatorum
1514 4315 1705 4400 hujusmodi
1722 4316 1885 4382 temeritas

527 4418 700 4503 impunita,
717 4429 751 4485 et
767 4420 845 4486 dum
862 4424 960 4508 culpa
982 4443 1070 4507 pene
1086 4441 1225 4487 censura
1249 4441 1316 4485 non
1333 4419 1471 4503 cogitur,
1489 4419 1522 4483 in
1539 4438 1641 4503 grave
1668 4419 1884 4486 ecclesiastice

526 4521 688 4588 libertatis
704 4524 914 4609 dispendium
933 4525 1116 4591 excedendi
1133 4526 1269 4591 licentia
1285 4523 1502 4610 perniciosius
1514 4531 1761 4607 augmentatur.
1779 4522 1886 4589 Habet

527 4626 690 4710 siquidem
706 4636 774 4691 tam
793 4630 991 4694 venerabilis
1007 4629 1115 4694 fratris
1130 4629 1234 4693 nostri
1248 4679 1266 4693 ..
1283 4626 1430 4712 episcopi
1441 4625 1663 4692 Tornacensis
1678 4648 1782 4712 quam
1794 4626 1883 4693 dilec-

526 4739 637 4795 torum
655 4732 823 4797 liliorum..
841 4732 1081 4814 Morinensis..,
1095 4732 1354 4812 Tornacensis,
1373 4729 1601 4797 Atrebatensis
1617 4738 1679 4796 et..
1691 4731 1809 4797 Sancti
1825 4731 1882 4795 elu-
1900 4733 1902 4737 ‘

527 4835 665 4914 domari,
683 4857 813 4901 necnon
829 4887 846 4901 ..
858 4838 889 4901 S.
907 4836 1033 4901 Bertini
1046 4838 1078 4899 in
1093 4837 1218 4902 Sancto
1227 4836 1422 4901 Audomaro
1434 4845 1468 4900 et
1481 4837 1512 4901 S.
1529 4834 1695 4913 Johannis
1719 4836 1752 4901 in
1770 4834 1880 4902 Monte

529 4936 731 5003 blorinensis
758 4949 792 5003 et
816 4941 954 5004 aliarum
979 4942 1158 5005 multarum
1184 4939 1397 5005 ecclesiarum
1425 4940 1639 5019 decanorum,
1668 4940 1877 5027 capitulorum

527 5050 561 5108 et
577 5041 895 5123 archidiaconorum,
914 5042 1125 5123 Morinensis‚
1153 5043 1386 5118 Tornacensis,
1409 5042 1641 5109 Atrebatensis
1666 5043 1837 5110 civitatum
1850 5048 1876 5103 et

527 5145 722 5232 dyocesum,
753 5155 787 5210 et
822 5149 1099 5216 monasteriorum
1142 5150 1302 5217 abbatum
1332 5154 1366 5215 et
1403 5155 1632 5215 conventuum
1669 5147 1739 5235 jam
1769 5143 1875 5235 pluries
