4409 6017
312 5099 328 5145 Ν

321 5219 337 5362 l

895 751 1042 819 Premiere
1063 750 1165 817 annae.
1675 745 1715 809 77

390 900 507 985 247.
1367 910 1671 997 13!7‚11se²vr1'er.

392 1016 600 1099 Perceuallo,
617 1027 698 1085 nato
714 1017 883 1085 Guillelmi
899 1021 942 1086 de
967 1018 1087 1100 Flisc0,
1103 1017 1235 1085 comitis
1259 1015 1417 1096 Lavanie,
1433 1014 1602 1081 confertur
1616 1033 1715 1079 cano·

347 1120 480 1186 nioetus
504 1122 646 1188 ecclesie
668 1123 900 1205 Astoricensis,
917 1127 976 1190 sub
1001 1121 1236 1209 expectatione
1261 1120 1439 1205 prebende,
1464 1140 1532 1184 non
1558 1121 1715 1183 obstante

348 1225 442 1309 quod
458 1225 492 1289 in
508 1224 659 1292 Tullensi
675 1236 710 1293 et
726 1227 757 1293 S.
774 1227 952 1294 Salvatoris
976 1228 1018 1293 de
1037 1224 1195 1305 Lavania,
1211 1222 1230 1302 J
1234 1224 1388 1290 anuensis
1415 1222 1564 1303 diocesis,
1581 1221 1715 1286 canoni·

348 1337 445 1394 catus
460 1337 498 1394 et
512 1330 700 1415 prebendas
714 1332 846 1398 obtinet
862 1331 945 1397 etin
962 1331 993 1395 S.
1009 1330 1202 1410 Audomari,
1220 1327 1423 1395 Morinensis
1443 1327 1593 1406 diocesis,
1610 1328 1715 1393 eccle-

348 1433 414 1513 siis
432 1437 494 1500 sub
509 1435 746 1521 expectatione
760 1436 940 1522 prebende,
957 1436 989 1500 in
1005 1435 1204 1501 canonicum
1220 1441 1271 1498 est
1287 1441 1449 1519 receptus.

393 1535 567 1604 Nobilitas
581 1539 754 1625 generis...

394 1640 594 1709 Dat-Avia
612 1664 630 1728 3
647 1644 690 1710 id.
707 1643 858 1710 februarii
871 1664 961 1710 anno
981 1663 1007 1709 1.

394 1744 435 1809 In
452 1766 483 1810 e.
498 1767 545 1812 m.
560 1747 673 1813 abbati
688 1747 731 1813 de
748 1746 1028 1814 Fontesabaten.⁴
1043 1754 1078 1811 et
1093 1745 1223 1810 decano
1239 1740 1460 1808 Asturicensis
1476 1761 1515 1806 ac
1531 1737 1662 1803 Buxolo
1673 1737 1716 1803 de

355 1848 484 1930 Parma,
501 1851 665 1918 canonico
679 1851 900 1919 Tomacensis
916 1850 1139 1919 ecclesiarum.

386 1993 446 2055 Reg.
458 1995 508 2042 Ar.
518 1994 541 2053 6,
550 1994 568 2042 i.
581 1995 639 2051 370;
653 1993 711 2043 Vat.
724 1995 762 2054 66,
775 1994 793 2043 i.
806 1995 856 2054 5l'‚
868 2008 894 2042 n.
906 1996 977 2043 3205.

394 2176 512 2259 248.
1371 2208 1466 2271 1317,
1485 2209 1523 2252 11
1532 2188 1673 2276 sevrr'er.

395 2295 585 2376 Albertino,
601 2303 682 2361 nato
698 2294 849 2360 Andrioli
866 2292 953 2359 Mari
969 2294 1011 2359 de
1027 2291 1145 2373 Janua‚
1156 2292 1325 2359 confertur
1349 2292 1563 2358 canonicatus
1579 2289 1717 2357 ecclesie

357 2400 514 2481 Cumane,
545 2402 606 2466 sub
636 2398 870 2485 expectatione
900 2397 1080 2483 prebende,
1108 2418 1176 2462 non
1208 2398 1364 2461 obstante
1394 2395 1484 2479 quod
1515 2396 1548 2459 in
1578 2393 1718 2459 ecclesia

361 2502 404 2589 [S.
420 2502 623 2589 Donatiani]
643 2501 829 2589 Brugensis‚
847 2500 1070 2567 Tornacensis
1093 2500 1245 2578 diocesis
1261 2498 1466 2584 prebendam
1488 2499 1674 2583 expectat(
1693 2508 1717 2578 l.

397 2608 635 2673 laudabilibus
650 2617 718 2673 tue.
727 2658 750 2673 ..
1000 2682 1003 2685 ‚

397 2712 476 2777 Dat.
493 2710 593 2777 Avin.
611 2732 628 2796 3
646 2711 689 2777 id.
705 2710 857 2775 februarii
872 2730 962 2775 anno
982 2730 1008 2775 1.

397 2816 437 2881 In
448 2837 479 2881 e.
496 2837 541 2881 m.
558 2816 590 2881 S.
602 2815 742 2880 Dionisii
760 2813 1023 2881 Mediolanensis
1039 2822 1074 2879 et
1090 2814 1121 2878 S.
1134 2811 1266 2876 Abundi
1283 2808 1423 2873 Cumani
1440 2807 1718 2873 monasteriorum

356 2920 530 2987 abbatibus
545 2940 586 2986 ac
600 2919 772 3006 preposito
790 2919 930 2986 ecclesie
955 2920 986 2985 S.
1002 2915 1184 2983 Salvatoris
1207 2915 1249 2980 de
1275 2912 1432 2992 Lavania,
1448 2909 1625 2989 Januensis
1649 2910 1718 2975 dio-

356 3026 448 3093 cesis.

387 3170 449 3231 lteg.
458 3172 507 3217 Av.
520 3173 543 3227 6,
554 3170 572 3215 f.
585 3170 644 3215 543ν
654 3184 660 3224 ;
670 3169 726 3217 Vnt.
739 3171 777 3227 66,
787 3168 805 3215 i.
819 3171 857 3225 66,
870 3182 895 3216 u.
909 3171 980 3215 322⁸.

398 3351 515 3434 249.
1377 3387 1470 3451 1317,
1488 3388 1529 3431 12
1535 3368 1676 3455 salutar.

401 3468 568 3554 Magistro
583 3468 753 3536 Thierrico
771 3471 813 3537 de
837 3469 1018 3536 Hericione
1051 3472 1221 3538 confertur
1245 3474 1460 3539 canonicatus
1482 3473 1620 3538 ecclesie
1632 3471 1720 3536 Parl-

358 3573 483 3654 siensis,
501 3575 562 3638 sub
578 3574 811 3658 expectatione
828 3574 998 3659 prebende
1010 3596 1049 3641 ac
1064 3576 1235 3661 dignitatis
1250 3597 1308 3643 seu
1324 3586 1521 3664 personatus
1537 3578 1589 3640 vel
1608 3575 1719 3655 officii,

359 3678 411 3762 qui
428 3676 624 3757 Guillelm0,
643 3678 753 3744 electo
777 3679 970 3757 Senonensi,
995 3690 1074 3747 ante
1099 3690 1232 3767 tempus
1256 3680 1429 3745 electionis
1454 3700 1511 3745 sue
1536 3686 1722 3743 reservatus

358 3781 476 3862 luerat,
494 3790 530 3847 et
546 3801 644 3868 super
659 3803 725 3867 quo
742 3782 830 3848 idem
848 3782 1045 3850 Guillelmus
1061 3806 1163 3849 omne
1176 3786 1228 3869 jus
1247 3785 1435 3867 resignavit,
1455 3782 1721 3849 consideratione

360 3887 515 3973 Philippi,
532 3887 617 3971 regis
634 3884 847 3969 Francorum,
868 3909 935 3953 non
952 3891 1109 3954 obstante
1125 3889 1215 3973 quod
1232 3889 1263 3952 in
1276 3888 1481 3970 Bituricensi,
1498 3888 1721 3969 Atrebatensi,

357 3988 609 4068 ⁴lmbianensil,
627 3988 822 4072 Morinensi,
844 3993 875 4057 S.
892 3993 1074 4058 Audomari
1094 3994 1127 4056 in
1146 3991 1310 4073 Flandria,
1329 3995 1363 4057 S.
1380 3992 1561 4057 ,ludomari
1578 3992 1619 4057 de
1636 3991 1722 4059 Lile-

358 4096 412 4160 riis
427 4103 465 4159 et
481 4093 520 4159 B.
539 4091 645 4159 Marie
661 4093 702 4158 de
718 4093 841 4159 Lensio
857 4096 1012 4172 ecclesiis,
1029 4096 1244 4161 canonicatus
1259 4104 1295 4161 et
1310 4095 1505 4182 prebendas
1521 4117 1560 4161 ac
1575 4097 1723 4182 preposi-

358 4208 468 4264 turam
484 4197 626 4263 ecclesie
641 4197 672 4262 S.
690 4196 779 4261 Petri
795 4198 951 4278 Ariensis,
968 4220 1100 4264 necnon
1127 4208 1160 4265 et
1187 4199 1219 4262 in
1245 4200 1276 4265 S.
1292 4199 1474 4265 Audomari
1495 4199 1588 4265 etde
1605 4199 1724 4286 Bapal·

358 4303 420 4367 mis
436 4300 564 4379 (astris,
583 4298 784 4365 Morinensis
809 4312 844 4366 et
868 4303 1100 4369 atrebatensis
1125 4304 1306 4384 diocesum,
1323 4303 1533 4390 capellanias,
1550 4303 1723 4383 sirmeum,

360 4407 502 4483 obtinet,
519 4412 578 4469 aut
593 4404 683 4488 quod
698 4404 727 4469 ei
745 4425 850 4490 nuper
865 4406 906 4472 de
923 4408 1122 4472 canonicatu
1147 4409 1285 4474 ecclesie
1303 4407 1588 4484 laudunensisub
1605 4430 1723 4493 expec-

360 4513 489 4577 tatione
505 4510 676 4597 prebende
691 4530 730 4576 ac
746 4510 915 4593 dignitatis
931 4532 989 4574 seu
1004 4522 1202 4597 personatus
1218 4514 1271 4575 vel
1288 4512 1398 4593 ollicii,
1414 4512 1582 4598 provisum
1599 4523 1660 4577 est.

310 4641 314 4704 3
406 4616 497 4679 Dum
513 4613 767 4680 conditiones...

396 4844 419 4875 6.
434 4828 662 4877 Ὲ61161661111161611.
676 4845 726 4889 rep.
746 4829 798 4877 l'al.
855 4830 875 4875 lr.
890 4832 1043 4879 Ambiaueu.
1056 4847 1166 4894 taetreque
1179 4850 1228 4896 req.
1250 4836 1301 4882 l'nt.

406 5176 425 5223 1.
437 5176 500 5237 roy.
513 5188 538 5223 n.
551 5176 607 5222 161.
