4409 6017
515 733 577 800 100
1060 729 1206 795 Premibre
1230 731 1331 794 anue'e.

514 880 667 958 diocesis,
677 880 818 959 obtinet,
832 888 866 944 et
878 879 968 963 quod
981 879 1014 943 in
1031 879 1173 944 ecclesia
1182 879 1214 944 S.
1224 878 1358 943 Andree
1368 877 1411 942 de
1423 876 1645 959 Castroduno,
1658 875 1868 942 Carnotensis
1898 892 1907 928 r

514 984 665 1062 diocesis,
684 983 888 1069 prebendam
904 991 938 1047 et
954 984 1196 1068 preposituram
1212 981 1435 1067 aequandam
1453 981 1685 1067 capellaniam,
1701 980 1775 1047 sine
1789 999 1866 1058 cura,
1893 997 1899 1076 Ξῖ

515 1087 820 1154 contradicentibus
831 1086 960 1153 decano
975 1095 1011 1152 et
1023 1086 1171 1173 capitulo
1186 1086 1335 1171 ejusdem
1352 1085 1503 1167 ecclesie,
1515 1084 1722 1171 acceptavit,
1739 1092 1774 1149 et
1788 1083 1866 1169 quod
1892 1079 1899 1158 l

515 1192 548 1257 iu
576 1192 717 1257 ecclesia
744 1189 782 1257 B.
799 1191 888 1255 Petri
912 1191 955 1256 de
983 1190 1105 1269 insula,
1121 1189 1342 1255 Tornacensis
1367 1189 1518 1272 diocesis,
1544 1188 1578 1254 in
1603 1187 1805 1256 canonicum
1825 1196 1866 1252 est
1891 1169 1898 1260 ξ

515 1304 678 1382 receptus,
694 1299 755 1362 sub
770 1296 1007 1382 expectatione
1021 1295 1200 1381 prebende.
1892 1283 1898 1318 ²

560 1399 631 1464 Tue
647 1400 863 1486 probitatis...

561 1504 639 1568 Dat.
655 1504 754 1569 Avin.
770 1527 789 1588 4
807 1504 872 1569 kal.
889 1503 966 1569 maii
983 1524 1073 1568 auno
1093 1523 1119 1568 1.

562 1607 601 1672 Iu
618 1630 647 1672 e.
664 1629 708 1674 m.
725 1608 835 1673 abbati
862 1607 1055 1672 monasterii
1073 1606 1105 1672 S.
1128 1604 1266 1670 Martini
1291 1604 1513 1671 'l'ornacensis
1539 1612 1574 1669 et
1599 1603 1732 1670 decano
1756 1605 1868 1668 Canto

516 1712 620 1777 tensis
635 1733 675 1777 ac
690 1712 926 1777 archidiacono
940 1710 1173 1776 ,atrebatensis
1188 1709 1412 1775 ecclesiarum.

553 1856 613 1917 urg.
626 1857 673 1903 xv.
686 1857 708 1913 u,
720 1855 738 1903 r.
751 1857 809 1902 313*
822 1870 827 1909 -,
840 1854 899 1902 vat..
912 1855 951 1904 ua.
962 1854 981 1900 r.
994 1855 1049 1912 313,
1062 1868 1087 1900 ιι.
1100 1854 1171 1900 auu.

561 2025 669 2109 318.
1368 2034 1480 2120 [1317,
1497 2041 1602 2099 avaut
1616 2034 1647 2098 le
1662 2055 1705 2116 ²9
1721 2032 1837 2120 corifi.

566 2142 720 2210 Universi
747 2144 937 2226 burgenses,
953 2140 1078 2206 scabini
1105 2148 1139 2205 et
1164 2138 1424 2204 communitates
1452 2136 1617 2218 Flandrie,
1634 2137 1690 2222 qui
1717 2145 1809 2203 certa
1828 2135 1875 2201 die
1903 2171 1907 2193 r

522 2247 664 2313 Parisios
691 2265 804 2311 coram
830 2243 997 2330 Philippo,
1025 2264 1102 2328 rege
1131 2241 1282 2323 Francia,
1306 2240 1349 2307 de
1376 2261 1461 2327 pace
1485 2241 1660 2307 tractaturi
1686 2259 1875 2327 comparere

521 2352 656 2431 debent,
674 2350 717 2415 ad
732 2349 875 2415 eandem
891 2369 1008 2435 pacem
1025 2348 1263 2434 perficiendam
1280 2347 1456 2411 hortantur
1470 2353 1505 2411 et
1520 2344 1563 2411 de
1579 2344 1735 2431 proxima
1750 2346 1877 2411 nuntio

521 2477 593 2522 rum
609 2454 870 2541 apostolicorum
885 2453 1043 2518 missione
1059 2452 1217 2518 certiores
1233 2451 1317 2515 fiunt
1333 2452 1347 2535 (
1366 2451 1390 2534 ).

570 2676 588 2716 «
617 2651 790 2718 Universis
824 2651 1050 2735 burgensibus,
1078 2651 1219 2716 scabinis
1249 2659 1284 2716 et
1308 2651 1569 2717 comunitatibus
1593 2651 1748 2717 villarum
1783 2653 1880 2718 totius

525 2756 704 2823 comitatus
721 2754 876 2820 Flandrie
893 2764 949 2819 aut
965 2776 1078 2819 earum
1093 2756 1362 2841 procuratoribus
1378 2776 1437 2820 seu
1451 2755 1576 2821 nuntiis
1591 2755 1635 2821 ad
1650 2776 1737 2840 quos
1751 2776 1879 2843 presen-

523 2869 575 2925 tes
600 2860 711 2925 littere
726 2859 949 2944 pervenerint,
966 2859 1117 2944 spiritum
1133 2858 1260 2923 consilii
1277 2859 1424 2924 sanioris.
1442 2858 1592 2924 Invitant
1607 2880 1669 2926 nos
1684 2860 1881 2926 admonent-

524 2986 589 3049 que
604 2963 728 3049 pariter
743 2983 836 3027 amor
853 2962 925 3042 Dei,
942 2963 1061 3027 caritas
1082 2963 1235 3048 proximi,
1251 2972 1358 3028 status
1380 2963 1505 3044 mundi,
1528 2972 1565 3029 ut
1587 2964 1736 3049 paternis
1750 2963 1882 3032 monitis

525 3088 654 3153 gressus
669 3076 799 3131 vestros
814 3067 930 3131 devios
946 3066 1160 3131 cohibeamus
1182 3088 1201 3131 a
1219 3067 1322 3152 lapsu,
1337 3067 1380 3133 de
1395 3067 1513 3132 erroris
1535 3067 1651 3132 nubilo
1666 3090 1729 3135 vos
1751 3053 1883 3136 reduca-

526 3192 599 3236 mus
621 3170 663 3235 ad
679 3171 787 3235 lucem
804 3178 838 3234 et
861 3170 989 3234 animas
1005 3179 1132 3234 vestras
1147 3169 1325 3256 eripiamus
1348 3189 1367 3235 a
1383 3179 1501 3236 morte.
1524 3170 1555 3235 Si
1574 3172 1665 3236 enim
1680 3174 1883 3240 conscientie

526 3277 668 3341 claustra
691 3274 871 3353 revolvitis
897 3273 923 3338 si
939 3273 1120 3357 prudenter
1144 3273 1318 3339 attenditis
1342 3295 1440 3359 quam
1458 3274 1651 3341 indecenter
1673 3277 1884 3362 neglexeritis

526 3378 648 3443 samam
679 3387 834 3458 vestram,
866 3397 966 3461 quarn
1003 3377 1187 3462 periculose
1218 3385 1402 3442 vestrarum
1438 3380 1579 3444 salutem
1617 3380 1885 3468 contempseritis

526 3481 721 3559 animarum,
738 3481 889 3565 profecto
904 3480 1061 3545 dolebitis
1076 3490 1111 3545 et
1127 3481 1291 3546 caducum
1308 3481 1486 3547 invenietis
1503 3484 1618 3568 procul
1636 3484 1740 3552 dubio
1763 3493 1885 3553 statum

526 3593 684 3650 vestrum.
702 3584 753 3647 Ex
769 3584 957 3649 excessibus
980 3584 1142 3667 siquidem
1160 3605 1219 3669 per
1244 3606 1304 3650 vos
1320 3587 1361 3649 ab
1378 3586 1458 3649 olim
1483 3595 1601 3652 contra
1616 3590 1705 3654 clare
1725 3590 1886 3656 memorie

529 3688 729 3774 Philippum,
746 3708 857 3772 regem
876 3686 1027 3767 Francie,
1044 3688 1250 3773 dampnabili
1272 3689 1463 3754 temeritate
1484 3692 1687 3777 presumptis
1709 3713 1750 3760 ac
1771 3703 1887 3760 contra

527 3811 733 3857 successores
748 3812 834 3869 suos,
851 3811 944 3874 reges
962 3789 1111 3866 Francia
1124 3792 1327 3857 continuatis
1343 3793 1376 3856 in
1393 3794 1536 3878 culpam,
1547 3794 1672 3861 nedum
1687 3797 1887 3863 christianis·

527 3895 612 3960 simo
639 3915 741 3979 regno
759 3893 785 3958 F
787 3894 906 3976 raucie,
924 3895 1027 3959 immo
1052 3894 1144 3979 quasi
1162 3897 1224 3960 toti
1248 3896 1374 3961 mundo
1398 3897 1504 3962 multa
1528 3897 1702 3983 dispendia
1726 3901 1888 3987 multique

527 3999 659 4065 dolores
670 4007 704 4063 et
714 3999 864 4083 angustie
876 4008 1114 4084 provenerunt,
1125 4020 1202 4063 uam
1219 4009 1332 4085 preter
1346 4000 1532 4066 animarum
1543 4003 1698 4088 pericula,
1712 4025 1888 4092 corporum

528 4113 654 4188 strages
686 4111 720 4167 et
747 4102 943 4168 facultatum
967 4104 1079 4188 lapsus
1104 4124 1168 4187 que
1193 4104 1378 4169 commotio
1403 4113 1512 4171 vestra
1539 4106 1654 4192 utique
1678 4110 1889 4195 reprobanda

528 4207 695 4293 produxit,
712 4226 867 4291 perpessa
884 4214 935 4270 est
951 4207 1131 4291 hucusque,
1148 4208 1353 4292 prohdolor,
1375 4208 1477 4273 'l'erra
1494 4210 1615 4276 Sancta
1630 4221 1783 4279 extreme
1798 4215 1887 4300 quasi

528 4310 745 4376 desolationis
771 4310 960 4390 incomoda,
982 4332 1047 4394 que
1071 4312 1163 4396 pium
1190 4313 1370 4377 subsidium
1395 4316 1436 4378 ab
1465 4314 1579 4380 inclita
1614 4316 1719 4382 domo
1750 4315 1888 4384 Fraucie

528 4413 651 4479 diutius
667 4422 893 4497 expectatum,
910 4434 950 4476 ex
967 4414 1126 4497 “regibus
1150 4414 1228 4498 ipsis
1252 4415 1419 4481 distractis
1443 4417 1486 4482 ad
1508 4420 1595 4483 bella
1611 4420 1721 4485 civilia
1738 4422 1887 4487 obtinere

530 4517 688 4601 nequivit,
699 4526 743 4595 et,
756 4516 834 4581 licet
850 4516 997 4601 prefatus
1013 4537 1070 4580 rex
1088 4517 1270 4604 Philippus,
1286 4520 1366 4585 dum
1383 4522 1416 4586 iu
1432 4526 1529 4587 rebus
1544 4526 1666 4607 agebat
1681 4524 1885 4604 lrumanis,ex

532 4620 645 4685 innata
666 4620 725 4684 sibi
751 4620 929 4684 clementia
952 4621 1209 4686 misericorditer
1232 4624 1326 4690 robis
1357 4626 1529 4692 indulserit
1555 4648 1682 4713 vosque
1706 4629 1886 4695 clementer

563 4795 588 4828 u.
600 4787 624 4828 et
639 4796 689 4841 νην.

567 5081 587 5126 l.
605 5079 678 5126 l'otto
691 5078 765 5127 lettre
776 5080 830 5125 duit
844 5079 964 5142 luth-«tur
975 5080 1006 5127 ric
1027 5097 1076 5143 peu
1090 5082 1181 5129 l'euvui
1200 5082 1243 5130 uu·
1255 5084 1440 5130 emmnimuircs
1458 5085 1618 5146 perurit-aux
1629 5086 1691 5133 dont
1714 5086 1739 5135 ln
1750 5087 1811 5136 date
1827 5100 1881 5135 nous

531 5167 570 5209 est·
581 5158 680 5209 douueo
693 5175 738 5222 par·
751 5160 774 5208 la
788 5161 862 5209 lettre
873 5163 998 5210 suirauto.
