4409 6017
426 732 488 796 486
968 730 1113 811 septime
1134 728 1236 794 annae.

470 876 509 941 ln
525 900 554 945 e.
570 899 614 945 m.
630 878 759 947 decano
775 879 1027 948 Cameracensis
1051 887 1086 945 et
1101 877 1261 963 magistro
1275 876 1413 942 Albrico
1428 875 1471 942 de
1488 872 1608 958 Metis,
1624 876 1788 943 archidia-

426 1001 513 1048 cono
529 980 704 1065 Metensis,
720 986 894 1072 capellano
909 1006 1007 1073 pape,
1023 1005 1063 1050 ac
1078 982 1207 1050 cantori
1224 980 1417 1048 Parisiensis
1432 980 1668 1048 ecclesiarum.

457 1119 518 1181 Re‘g.
533 1123 578 1168 Av.
592 1123 630 1180 19,
644 1122 662 1170 i.
674 1123 718 1171 84*
730 1138 736 1176 ;
748 1123 807 1173 Vat.
821 1125 859 1182 14,
870 1123 889 1172 l.
901 1125 956 1183 306,
969 1138 995 1171 n.
1007 1124 1062 1171 872.

472 1297 609 1379 1160.
1488 1332 1588 1397 1323,
1607 1331 1652 1397 17
1668 1315 1747 1379 mai.

468 1422 496 1487 F
497 1424 611 1505 errico,
628 1424 697 1490 filio
712 1425 833 1491 nobilis
848 1425 907 1489 viri
923 1424 1038 1490 Erardi
1051 1423 1093 1490 de
1105 1423 1219 1505 Barr0,
1230 1424 1400 1489 confertur
1412 1424 1638 1491 canonicatus
1648 1428 1786 1494 ecclesie

424 1523 673 1594 Cameracensis
688 1531 749 1594 sub
764 1528 1001 1615 expectatione
1012 1526 1193 1614 prebende,
1206 1547 1273 1592 non
1286 1529 1444 1593 obstante
1455 1528 1548 1612 quod
1558 1528 1594 1594 in
1608 1528 1784 1597 Leodiensi

423 1632 564 1698 ecclesia
578 1635 639 1698 sub
654 1632 890 1719 expectatione
906 1630 1076 1718 prebende
1093 1631 1127 1695 in
1144 1630 1344 1696 canonicum
1359 1639 1411 1697 est
1425 1641 1595 1718 receptus.

467 1735 648 1802 Laudabile
663 1735 937 1802 testimonium...

466 1841 544 1905 Dat.
559 1839 659 1907 Avin.
679 1844 716 1904 16
732 1838 799 1905 kal.
812 1839 896 1926 junii
914 1858 1005 1903 anno
1022 1857 1051 1922 7.

466 1942 504 2008 In
521 1964 548 2008 e.
564 1964 608 2008 m.
629 1944 744 2008 abbati
769 1942 962 2008 monasterii
989 1940 1030 2007 de
1057 1939 1089 2006 S.
1118 1938 1299 2022 Michaele,
1327 1939 1546 2006 Virdunensis
1572 1941 1733 2026 diocesis,
1752 1955 1784 2010 et

420 2046 550 2113 decano
565 2046 596 2111 S.
612 2046 787 2132 Gaugerici
806 2044 1058 2111 Cameracensis
1079 2064 1119 2109 ac
1143 2044 1304 2129 magistro
1320 2045 1457 2111 Albrico
1472 2044 1516 2111 de
1533 2044 1654 2128 Metis,
1681 2049 1784 2116 archi·

421 2151 564 2217 diacono
580 2148 746 2217 Metensis
762 2152 989 2231 ecclesiarum,
1005 2149 1182 2235 capellano
1197 2168 1296 2234 pape.

454 2289 514 2351 ch.
526 2290 574 2338 Ax.
587 2290 624 2347 19,
638 2289 656 2337 l.
668 2290 717 2346 85;
731 2289 788 2338 vat.
801 2290 839 2348 tl,
854 2288 872 2337 l.
886 2290 954 2348 3061,
966 2302 991 2334 n.
1004 2288 1061 2336 873.

467 2468 597 2550 1161.
1490 2490 1744 2569 1323‚17mai.

465 2593 636 2661 Valcelino
660 2595 753 2663 dicto
779 2597 822 2664 de
847 2596 955 2663 Lobio
989 2595 1160 2663 confertur
1195 2595 1412 2661 canonicatus
1447 2597 1590 2663 ecclesie
1616 2597 1651 2665 S.
1678 2598 1785 2667 Marie

421 2696 653 2783 Trajectensis,
667 2699 863 2768 Leodiensis
872 2700 1025 2781 diocesis,
1036 2702 1097 2764 sub
1108 2699 1345 2785 expectatione
1354 2697 1535 2785 prebende,
1544 2720 1616 2765 non
1628 2705 1785 2769 obstante

421 2801 511 2886 quod
526 2803 561 2868 in
576 2804 717 2869 ecclesia
732 2804 764 2870 S.
780 2805 930 2871 Severini
954 2803 1165 2869 Coloniensis
1180 2803 1416 2869 canonicatum
1441 2809 1477 2868 et
1501 2804 1725 2889 prebendam,
1748 2826 1785 2872 ac

420 2906 664 2992 parrochialem
679 2909 857 2976 ecclesiam
872 2910 915 2976 de
931 2906 1046 2990 wilre,
1063 2906 1261 2974 Leodiensis
1276 2906 1429 2989 diocesis,
1446 2907 1590 2976 obtinet.

465 3009 660 3077 Laudabilia
671 3021 770 3078 tue...

465 3113 543 3180 Dat.
560 3115 658 3180 Avin.
679 3120 716 3180 16
734 3115 800 3181 kal.
813 3115 897 3201 junii
913 3136 1003 3179 anno
1020 3133 1050 3198 7.

466 3214 505 3282 In
521 3239 550 3284 e.
566 3239 611 3283 m.
628 3220 739 3285 abbati
767 3219 959 3285 monasterii
976 3219 1008 3283 S.
1023 3216 1043 3295 J
1046 3218 1142 3284 acobi
1159 3216 1355 3283 Leodiensis
1371 3225 1406 3283 et
1432 3216 1563 3283 decano
1591 3217 1624 3283 S.
1652 3218 1783 3307 Georgii

423 3317 631 3388 Coloniensis
658 3343 698 3388 ac
723 3322 847 3389 Busolo
882 3322 924 3387 de
953 3322 1082 3403 Parma,
1108 3321 1272 3388 canonico
1298 3320 1521 3388 Tornacensis
1554 3323 1782 3405 ecclesiarum,

422 3427 597 3511 capellano
614 3447 711 3513 pape.

456 3562 515 3624 aeg.
529 3566 576 3611 xv.
590 3565 626 3623 rs,
639 3564 657 3612 r.
670 3566 718 3621 aa;
733 3563 789 3612 uas.
802 3564 841 3613 11.
854 3563 871 3611 r.
884 3564 938 3621 310,
951 3577 977 3609 n.
990 3562 1045 3611 aaa.

473 3752 608 3837 1162.
1491 3786 1590 3852 1323,
1608 3788 1653 3855 17
1665 3774 1742 3838 mai.

466 3879 649 3946 Godefrido
665 3876 707 3945 de
725 3880 833 3946 Lobio
860 3881 1030 3947 confertur
1047 3879 1265 3946 canonicatus
1281 3879 1423 3946 ecclesie
1447 3880 1477 3945 S.
1494 3880 1636 3948 servatii
1653 3883 1780 3971 Trajec·

420 3985 533 4064 tensis,
547 3984 740 4051 Leodiensis
756 3984 908 4065 diocesis,
918 3987 978 4050 sub
995 3984 1231 4069 expectatione
1247 3983 1427 4069 prebende,
1439 4005 1507 4050 non
1524 3988 1686 4055 obstante
1698 3988 1780 4075 quod

421 4088 454 4152 in
471 4088 502 4152 S.
520 4088 611 4153 Pauli
637 4088 833 4155 Leodiensis
848 4088 1055 4155 scolastriam
1079 4096 1113 4153 et
1141 4089 1172 4152 in
1198 4089 1316 4154 eadem
1341 4097 1375 4154 et
1399 4089 1430 4154 S.
1456 4087 1564 4154 Marie
1589 4091 1635 4157 ad
1658 4091 1780 4159 Gradus

422 4191 631 4259 Coloniensis
647 4206 681 4259 et
698 4195 728 4259 S.
746 4193 853 4259 Marie
870 4193 903 4256 in
920 4191 1088 4277 Capitolio
1104 4192 1323 4258 canonicatus
1339 4201 1373 4258 et
1388 4193 1577 4278 prebendas
1593 4197 1737 4277 obtinet,
1748 4208 1778 4262 et

421 4296 453 4360 in
479 4296 510 4361 S.
527 4297 630 4362 Cassii
658 4297 855 4378 Bunnensis,
872 4297 1080 4362 Coloniensis
1105 4296 1256 4377 diocesis,
1284 4297 1433 4362 ecclesiis
1458 4299 1518 4362 sub
1544 4303 1777 4386 expectatione

420 4403 588 4487 prebende
608 4411 642 4466 et
658 4402 829 4488 dignitatis
844 4402 897 4465 vel
915 4409 1114 4487 personatus
1130 4410 1187 4466 aut
1203 4399 1304 4466 officii
1331 4400 1365 4464 in
1381 4401 1584 4468 canonicum
1600 4414 1654 4471 est
1670 4427 1776 4493 recep-

421 4515 484 4587 tus,
501 4526 540 4570 ac
556 4527 654 4590 super
669 4506 811 4572 ecclesia
827 4506 858 4571 S.
871 4504 1009 4570 Martini
1020 4504 1233 4570 Coloniensis
1245 4525 1322 4570 cum
1333 4506 1479 4589 quodam
1491 4505 1618 4575 diutius
1631 4511 1775 4598 litigarit,

420 4610 472 4675 cui
488 4609 628 4674 ecclesie
645 4618 679 4675 et
692 4611 755 4695 juri
772 4610 832 4696 ipsi
850 4609 1057 4695 competenti
1075 4609 1109 4673 in
1125 4630 1175 4690 ea,
1192 4629 1325 4674 necnon
1342 4610 1513 4675 scolastrie
1538 4613 1694 4697 predicte
1708 4623 1775 4703 post

420 4714 663 4778 assecutionem
687 4714 856 4799 prebende
881 4735 921 4779 ac
945 4713 1117 4798 dignitatis
1143 4714 1196 4777 vel
1224 4723 1421 4798 personatus
1437 4722 1494 4779 aut
1516 4714 1619 4782 officii
1643 4720 1775 4787 ecclesie

421 4816 607 4882 Bunnensis
623 4818 750 4903 prefate
766 4819 959 4884 renunciare
976 4817 1155 4883 tenebitur.

464 4920 658 4987 Laudabilia
673 4931 771 4987 tue...

464 5024 542 5091 Dat.
558 5027 657 5090 Avin.
678 5031 714 5090 16
731 5026 796 5091 kal.
805 5027 887 5111 junii
904 5048 993 5091 anno
1011 5045 1040 5111 7.

465 5130 504 5195 ln
521 5151 549 5196 e.
566 5151 610 5195 m.
622 5130 653 5196 S.
669 5129 788 5207 Jacobi
804 5129 999 5196 Leodiensis
1012 5140 1046 5195 et
1059 5130 1090 5196 S.
1105 5129 1320 5196 Pantaleonis
1337 5128 1549 5197 Coloniensis
1560 5138 1774 5204 monasterio
