4409 6017
417 684 478 749 LIV
1001 678 1184 747 Fornulaire

417 833 530 887 vinculo
549 849 605 896 quo
624 832 774 886 tenebatur
794 831 887 885 eidem
904 829 1079 884 Tomacensi
1100 829 1227 893 ecclesie,
1254 831 1298 883 cui
1323 842 1443 899 preerat,
1468 832 1506 887 de
1529 832 1651 888 fratrum
1676 846 1748 889 nostr

418 933 481 969 rum
494 915 614 969 consilio
631 927 658 969 et
676 917 830 981 apostolice
846 917 993 980 potestatis
1009 914 1186 979 plenitudine
1208 917 1397 984 absolventes,
1419 918 1457 971 ad
1480 918 1630 972 ecclesiam
1652 919 1748 974 Camer

418 1015 534 1052 oensem
554 1009 621 1051 tunc
640 1010 790 1052 vacantem
809 998 940 1052 duximus
958 997 1199 1061 transferendum,
1223 999 1398 1064 preficiendo
1420 1001 1512 1065 ipsum
1536 1002 1629 1055 eidem
1653 1001 1748 1054 Camer

418 1080 496 1132 censi
512 1080 631 1133 ecclesie
647 1081 675 1134 in
690 1082 855 1145 episcopum
870 1091 897 1135 et
913 1092 1062 1145 pastorem,
1079 1080 1203 1144 pastoris
1234 1082 1372 1144 regimine
1402 1083 1545 1145 destituta,

454 1178 506 1214 nos
525 1160 562 1213 ad
579 1162 701 1214 celerem
718 1161 908 1226 provisionem
926 1162 1057 1224 ejusdem
1072 1162 1263 1216 Tomacensis
1295 1164 1422 1227 ecclesie,
1453 1182 1490 1217 ne
1522 1166 1631 1229 prolixe
1661 1167 1748 1218 vacati

419 1245 462 1297 nis
482 1256 671 1309 exponeretur
691 1246 854 1309 incomodiS,
875 1246 983 1299 solicite
1000 1246 1189 1310 intendentes,
1210 1264 1275 1300 cum
1293 1247 1387 1300 nullus
1407 1257 1501 1313 preter
1519 1265 1572 1301 nos
1591 1248 1647 1301 hac
1666 1248 1724 1301 vice
1740 1265 1748 1299 ‹

419 1329 506 1395 ipsius
526 1331 714 1384 Tomacensis
734 1331 853 1385 ecclesie
872 1330 1050 1385 ordinatione
1068 1348 1099 1384 se
1120 1330 1306 1384 intromittere
1323 1332 1419 1396 possit,
1438 1349 1489 1395 pro
1508 1349 1543 1385 eo
1559 1331 1638 1396 quod
1654 1349 1713 1395 nos,
1730 1332 1748 1384 d

420 1423 486 1466 ante
508 1413 671 1475 hujusmodi
692 1415 870 1468 vacationem
893 1414 1022 1476 ejusdem
1043 1413 1232 1467 Tomacensis
1253 1415 1380 1479 ecclesie,
1400 1416 1576 1480 provisiones
1596 1415 1721 1468 omnium
1739 1433 1748 1467 e

419 1495 569 1548 elesiarum
596 1496 802 1549 cathedralium
827 1507 894 1550 tunc
920 1498 1081 1550 vacantium
1103 1507 1130 1549 et
1158 1506 1355 1550 vacaturarum
1382 1498 1410 1550 in
1438 1508 1522 1550 antea
1548 1515 1601 1561 per
1626 1496 1749 1549 translati

419 1595 471 1630 nes
489 1595 541 1642 per
557 1594 609 1630 nos
628 1577 719 1630 factas
738 1587 765 1630 et
781 1577 967 1640 imposterum
986 1576 1133 1630 faciendas
1153 1577 1190 1630 de
1209 1578 1324 1642 prelatis
1345 1579 1469 1641 ipsarum
1488 1577 1607 1632 ubilibet
1626 1576 1748 1631 constitut

422 1660 460 1713 ad
479 1658 549 1714 alias
569 1661 702 1714 ecclesias
721 1671 789 1714 tunc
808 1671 942 1713 vacantes
962 1668 989 1712 et
1008 1659 1196 1724 imposterum
1216 1670 1372 1722 vacaturas,
1394 1660 1571 1725 dispositioni
1590 1670 1687 1714 nostre
1706 1662 1748 1714 dui

423 1758 485 1794 mus
507 1744 700 1807 reservandas,
725 1744 905 1797 decernendo
926 1754 1030 1797 extunc
1056 1743 1163 1796 irritum
1181 1753 1208 1795 et
1226 1743 1309 1796 inane
1327 1744 1349 1795 si
1366 1761 1448 1796 secus
1465 1761 1550 1808 super
1565 1744 1620 1797 hiis
1637 1761 1687 1807 per
1702 1760 1748 1807 quc

422 1840 544 1888 cumque
560 1825 682 1878 scienter
695 1826 740 1878 vel
757 1827 921 1888 ignoranter
935 1824 1115 1887 contingeret
1135 1826 1305 1889 attemptari,
1321 1836 1384 1889 post
1397 1826 1634 1879 deliberationem
1647 1834 1748 1888 quarn:

426 1906 621 1969 deputandum
647 1908 739 1960 eidem
765 1907 940 1961 Tomacensi
967 1905 1085 1960 ecclesie
1106 1924 1259 1970 personam
1272 1907 1372 1960 utilem
1387 1925 1421 1960 ac
1439 1909 1525 1960 etiarn
1541 1907 1748 1972 fructuosam,c

423 1989 468 2050 jus
489 1988 625 2043 industria
645 1990 792 2055 probitatis
813 1990 840 2043 in
860 1993 917 2044 suis
936 1994 1030 2045 valeat
1049 1990 1157 2053 juribus
1174 1990 1311 2053 adaugeri
1328 2008 1361 2042 ac
1380 1990 1466 2043 etiam
1484 1990 1629 2043 defensari
1646 2007 1709 2043 cum
1725 1991 1748 2043 di

425 2072 460 2125 tis
492 2072 626 2125 fratribus
657 2072 808 2125 habuimus
839 2072 1015 2136 diligentem,
1047 2072 1084 2126 ad
1107 2082 1142 2133 te,
1166 2073 1308 2126 decanum
1330 2072 1449 2126 ecclesie
1472 2071 1640 2137 AniciensiS,
1663 2072 1748 2125 cleric.

424 2152 572 2206 dumtaxat
590 2165 733 2207 caractere
752 2152 924 2217 insignitum,
942 2153 1084 2207 nobilibus
1104 2165 1199 2207 ortum
1212 2154 1362 2219 natalibus,
1378 2155 1421 2207 cui
1436 2154 1473 2206 de
1486 2154 1542 2206 vite
1554 2153 1702 2215 munditia,
1717 2152 1748 2204 lit

424 2252 518 2287 rarum
543 2235 668 2296 scientia,
693 2237 831 2299 gravitate
853 2253 973 2298 morum,
998 2236 1258 2302 circumspectionis
1283 2247 1397 2300 experte
1420 2237 1570 2299 prudentia
1603 2245 1631 2289 et
1653 2233 1714 2288 aliis
1735 2252 1748 2286 v

425 2325 517 2369 tutum
537 2316 643 2370 meritis
664 2317 811 2381 fidedigna
830 2317 993 2373 testimonia
1014 2318 1217 2381 suffragantur,
1247 2318 1401 2371 direximus
1430 2318 1520 2370 aciem
1548 2316 1651 2370 mentis
1678 2325 1748 2369 nosti

460 2398 571 2460 Quibus
593 2400 726 2453 omnibus
749 2399 878 2464 diligenti
902 2400 1086 2454 meditatione
1109 2399 1249 2461 discussis,
1272 2401 1399 2453 volentes
1418 2400 1529 2464 prefate
1550 2397 1748 2452 Tomacensi<

424 2479 510 2534 clesie
530 2481 681 2535 salubriter
699 2484 856 2548 providere,
878 2484 914 2538 de
933 2500 1054 2547 persona
1073 2492 1131 2548 tua,
1152 2483 1234 2536 nobis
1252 2493 1279 2535 et
1297 2483 1404 2536 eisdem
1422 2483 1555 2535 fratribus
1571 2482 1608 2534 ob
1624 2480 1748 2543 hujusmt

424 2575 538 2618 tuorum
558 2563 730 2628 exigentiam
748 2565 912 2618 meritorum
932 2574 1057 2629 accepta,
1076 2575 1235 2618 memorate
1254 2563 1428 2617 Tomacensi
1447 2562 1574 2625 ecclesie,
1592 2562 1724 2616 ordinum
1741 2580 1748 2614 r

425 2647 504 2701 fectu
519 2665 607 2712 quem
625 2648 729 2713 pateris
748 2666 930 2714 nequaquam
946 2650 1085 2712 obstante,
1107 2665 1193 2711 super
1207 2665 1266 2712 quo
1283 2658 1378 2701 tecum
1395 2646 1562 2700 auctoritate
1579 2645 1735 2710 apostolica

425 2740 502 2783 certa
520 2730 638 2784 scientia
656 2730 862 2795 dispensamus,
882 2732 919 2784 de
937 2732 1061 2795 ipsorum
1078 2729 1335 2785 fratrum'consilio
1353 2740 1379 2783 et
1397 2729 1552 2794 apostolice
1568 2728 1716 2793 potestatis
1731 2744 1748 2791 p

424 2812 561 2876 nitudine,
586 2814 766 2878 providemus
788 2823 873 2875 teque
897 2813 936 2867 illi
958 2813 988 2866 in
1009 2812 1177 2877 episcopum
1192 2812 1355 2876 preficimus
1372 2822 1399 2865 et
1417 2822 1568 2876 pastorem,
1584 2827 1682 2865 curam
1698 2820 1726 2864 et
1742 2808 1748 2861 i

425 2893 661 2949 ministrationem
690 2894 777 2958 ipsius
807 2894 997 2947 Tomacensis
1028 2893 1151 2947 ecclesie
1168 2893 1220 2948 tibi
1235 2896 1297 2947 tam
1315 2895 1344 2947 in
1363 2891 1553 2958 spiritualibus
1571 2908 1658 2956 quam
1676 2892 1705 2945 in
1721 2902 1748 2944 te

425 2976 570 3040 poralibus
590 2977 717 3040 plenarie
738 2976 948 3040 committendo,
971 2978 1000 3030 in
1019 2975 1067 3029 illo
1087 2975 1137 3040 qui
1163 2975 1211 3029 dat
1237 2975 1343 3038 gratias
1371 2984 1398 3028 et
1424 2975 1542 3037 largitur
1567 2972 1677 3037 premia
1703 2973 1748 3023 cor

427 3057 535 3120 dentes,
557 3060 633 3122 quod
654 3058 755 3111 eadem
775 3057 964 3111 Tomacensis
986 3057 1106 3112 ecclesia
1125 3075 1178 3122 per
1204 3068 1252 3111 tue
1279 3056 1538 3120 circumspectionis
1566 3053 1731 3109 industriam

427 3140 632 3204 providentiam
654 3142 889 3206 circumspectam
917 3159 975 3195 non
996 3141 1088 3193 solum
1108 3139 1319 3204 preservabitur
1340 3158 1356 3192 a
1376 3140 1473 3205 noxiis,
1494 3154 1592 3192 verum
1614 3138 1700 3190 etiam
1718 3152 1748 3189 sa

426 3221 487 3275 bn'a
507 3222 535 3275 in
554 3222 661 3276 eisdem
681 3222 873 3289 spiritualibus
892 3233 919 3277 et
936 3223 1149 3289 temporalibus,
1171 3223 1265 3276 divina
1286 3218 1400 3275 favente
1421 3221 1579 3276 clementia.
1600 3219 1731 3284 suscipiet

425 3314 578 3360 crementa.

461 3388 566 3451 Jugum
588 3387 683 3453 itaque
705 3389 820 3444 Domini
842 3398 972 3454 prompta
993 3389 1145 3443 devotione
1171 3387 1327 3452 suscipiens
1363 3399 1391 3441 et
1417 3387 1496 3441 suavi
1522 3385 1582 3449 ejus
1608 3386 1688 3440 oneri
1714 3403 1748 3437 rer

427 3481 522 3524 renter
546 3471 619 3524 colla
641 3471 818 3532 submittens,
842 3472 969 3538 predicte
993 3465 1172 3526 Tomacensi
1191 3472 1319 3533 ecclesie,
1338 3489 1442 3537 sponse
1459 3481 1516 3538 tue,
1535 3470 1676 3523 solicitam
1692 3486 1748 3522 cura

425 3571 516 3618 geras,
538 3570 657 3617 gregem
676 3553 849 3607 dominicum
869 3553 898 3606 in
917 3572 951 3607 ea
969 3553 1021 3608 tibi
1042 3553 1226 3608 commissum
1243 3553 1371 3607 doctrina
1388 3553 1466 3606 verbi
1485 3563 1511 3606 et
1527 3554 1622 3617 operis
1639 3551 1748 3605 informa

425 3634 471 3702 do,
488 3634 527 3689 ita
543 3636 621 3700 quod
638 3654 689 3700 per
703 3647 751 3690 tue
768 3637 914 3700 diligentie
932 3636 1055 3689 studium
1072 3636 1185 3699 prefata
1209 3636 1398 3689 Tomacensis
1423 3636 1542 3689 ecclesia
1565 3636 1665 3689 votivis
1688 3651 1748 3698 augi

426 3727 472 3769 tur
488 3718 616 3771 comodis
636 3728 663 3771 et
682 3719 785 3782 optatis
805 3718 944 3781 proficere
963 3719 1057 3771 valeat
1076 3717 1267 3773 incrementis.

462 3800 570 3854 Datum
588 3801 729 3854 Avinione
746 3802 772 3853 V
791 3802 846 3857 kal.
865 3801 960 3865 aprilis
978 3818 1053 3854 anno
1071 3812 1183 3855 octavo.

463 3930 496 3981 ln
516 3930 638 3983 eundem
656 3933 772 3984 modum
801 3932 910 3986 dilectis
928 3932 994 3986 filiis
1012 3932 1136 3996 capitulo
1162 3930 1280 3984 ecclesie
1303 3931 1477 3984 Tomacensi
1510 3930 1639 3984 salutem.

462 4013 591 4076 Suscepti
612 4031 678 4066 cura
698 4015 842 4075 regiminis
863 4025 914 4068 etc.
933 4031 1023 4077 usque
1042 4014 1176 4078 suscipiet
1201 4015 1381 4068 incrementa.

462 4093 603 4156 Quocirca
618 4094 780 4148 discretioni
794 4106 886 4148 vestre
901 4114 952 4162 per
967 4097 1122 4159 apostolica
1143 4095 1246 4161 scripta
1255 4097 1422 4148 mandamus
1436 4108 1576 4157 quatenus
1590 4095 1684 4148 eidem
1697 4095 1748 4148 elei

428 4186 565 4238 tanquam
579 4174 651 4239 patri
665 4186 692 4227 et
706 4177 813 4238 pastori
826 4178 985 4229 animarum
998 4187 1158 4230 vestrarum
1176 4176 1318 4230 humiliter
1335 4176 1514 4229 intendentes
1532 4185 1560 4228 et
1579 4175 1744 4229 exhibentes

425 4256 620 4322 obedientiam
637 4270 664 4311 et
680 4260 868 4312 reverentiam
885 4260 1010 4312 debitam
1027 4270 1054 4311 et
1069 4260 1214 4320 devotam,
1238 4259 1299 4321 ejus
1323 4258 1446 4312 salubria
1471 4259 1579 4311 monita
1603 4267 1630 4310 et
1653 4257 1748 4309 mand:

427 4336 586 4401 suscipiatis
604 4337 707 4392 devote
726 4357 760 4392 ac
780 4338 935 4393 efficaciter
951 4340 1107 4402 adimplere
1127 4340 1245 4401 curetis;
1268 4339 1392 4402 alioquin
1414 4340 1584 4392 sententiam
1606 4354 1692 4402 quam
1716 4338 1748 4390 id

430 4419 536 4473 electus
557 4421 609 4473 rite
629 4421 724 4474 tulerit
745 4422 774 4474 in
797 4422 917 4475 rebelles
938 4433 1029 4474 ratam
1049 4421 1220 4474 habebimus
1243 4432 1270 4474 et
1291 4421 1435 4486 faciemus,
1459 4432 1573 4473 auctore
1594 4420 1728 4477 Domino.

426 4519 483 4566 que
505 4502 543 4555 ad
563 4502 788 4556 satisfactionem
810 4503 982 4566 condignam
1001 4502 1204 4558 inviolabiliter
1224 4503 1377 4557 observari.

465 4583 573 4637 Datum
591 4595 623 4637 ut
643 4602 736 4649 supra.

464 4729 498 4781 ln
514 4728 637 4782 eundem
651 4730 769 4784 modum
784 4730 894 4784 dilectis
908 4729 975 4784 filiis
991 4731 1066 4784 clero
1082 4730 1204 4784 civitatis
1235 4740 1262 4783 et
1291 4728 1410 4783 diocesis
1439 4729 1630 4783 Tomacensis
1659 4729 1748 4783 salute

462 4811 593 4876 Suscepti
618 4829 685 4865 cura
710 4822 762 4868 etc.
787 4828 878 4876 usque
902 4813 1035 4876 suscipiet
1060 4812 1245 4867 incrementa.

462 4891 602 4953 Quocirca
626 4893 789 4946 discretioni
813 4903 906 4947 vestre
931 4911 983 4958 per
1006 4893 1162 4956 apostolica
1193 4894 1297 4957 scripta
1326 4893 1495 4946 mandamus
1525 4904 1666 4957 quatenus
1698 4893 1748 4948 eid

427 4972 518 5025 electo
541 4982 679 5036 tanquam
701 4973 774 5038 patri
798 4984 825 5026 et
847 4974 954 5037 pastori
978 4975 1138 5028 animarum
1158 4987 1315 5028 vestrarum
1335 4975 1478 5027 humiliter
1498 4974 1679 5028 intendentes
1699 4985 1728 5029 et
1747 5004 1748 5010 =

426 5053 557 5108 hibentes
574 5054 599 5107 ei
614 5054 808 5109 obedientiam
825 5065 852 5109 et
867 5056 1055 5109 reverentiam
1069 5057 1197 5109 debitam
1215 5068 1241 5109 et
1258 5057 1398 5117 devotam,
1418 5058 1479 5119 eius
1495 5056 1620 5111 salubria
1635 5057 1744 5109 monita

426 5136 562 5190 mandata
580 5136 739 5202 suscipiatis
758 5137 860 5192 devote
880 5154 914 5192 ac
933 5136 1089 5193 efficaciter
1108 5138 1264 5205 adimplere
1302 5140 1414 5207 curetis,
1454 5141 1580 5206 alioquin
1619 5140 1748 5194 sententia
