<?xml version="1.0" encoding="UTF-8"?>
<!DOCTYPE html PUBLIC "-//W3C//DTD XHTML 1.0 Transitional//EN"
    "http://www.w3.org/TR/xhtml1/DTD/xhtml1-transitional.dtd">
<html xmlns="http://www.w3.org/1999/xhtml" xml:lang="en" lang="en">
 <head>
  <title>
</title>
<meta http-equiv="Content-Type" content="text/html;charset=utf-8" />
  <meta name='ocr-system' content='tesseract 3.04.00' />
  <meta name='ocr-capabilities' content='ocr_page ocr_carea ocr_par ocr_line ocrx_word'/>
</head>
<body>
  <div class='ocr_page' id='page_1' title='image "./lettresdejeanxx00xxiigoog_0368.png"; bbox 0 0 4409 6017; ppageno 0'>
   <div class='ocr_carea' id='block_1_1' title="bbox 499 703 1316 770">
    <p class='ocr_par' dir='ltr' id='par_1_1' title="bbox 499 703 1316 770">
     <span class='ocr_line' id='line_1_1' title="bbox 499 703 1316 770; baseline -0.001 0"><span class='ocrx_word' id='word_1_1' title='bbox 499 706 559 770; x_wconf 85' lang='lat'><strong>282</strong></span> <span class='ocrx_word' id='word_1_2' title='bbox 1035 703 1194 770; x_wconf 77' lang='lat' dir='ltr'><strong>Troisieme</strong></span> <span class='ocrx_word' id='word_1_3' title='bbox 1214 703 1316 770; x_wconf 74' lang='lat' dir='ltr'><strong>annes.</strong></span> 
     </span>
    </p>
   </div>
   <div class='ocr_carea' id='block_1_2' title="bbox 498 853 1862 1669">
    <p class='ocr_par' dir='ltr' id='par_1_2' title="bbox 498 853 1862 1669">
     <span class='ocr_line' id='line_1_2' title="bbox 501 853 1862 941; baseline 0.004 -23"><span class='ocrx_word' id='word_1_4' title='bbox 501 854 599 920; x_wconf 88' lang='lat' dir='ltr'><strong>fuisse</strong></span> <span class='ocrx_word' id='word_1_5' title='bbox 608 855 843 941; x_wconf 90' lang='lat' dir='ltr'><strong>repereris,eos</strong></span> <span class='ocrx_word' id='word_1_6' title='bbox 858 863 893 920; x_wconf 90' lang='lat' dir='ltr'><strong>et</strong></span> <span class='ocrx_word' id='word_1_7' title='bbox 905 854 1052 939; x_wconf 92' lang='lat' dir='ltr'><strong>singulos</strong></span> <span class='ocrx_word' id='word_1_8' title='bbox 1061 853 1104 919; x_wconf 91' lang='lat' dir='ltr'><strong>ad</strong></span> <span class='ocrx_word' id='word_1_9' title='bbox 1114 875 1197 938; x_wconf 91' lang='lat' dir='ltr'><strong>quos</strong></span> <span class='ocrx_word' id='word_1_10' title='bbox 1208 862 1349 939; x_wconf 89' lang='lat' dir='ltr'><strong>possunt</strong></span> <span class='ocrx_word' id='word_1_11' title='bbox 1355 853 1445 920; x_wconf 90' lang='lat' dir='ltr'><strong>dicte</strong></span> <span class='ocrx_word' id='word_1_12' title='bbox 1455 856 1624 921; x_wconf 86' lang='lat' dir='ltr'>sententie</span> <span class='ocrx_word' id='word_1_13' title='bbox 1634 877 1671 922; x_wconf 89' lang='lat' dir='ltr'><strong>se</strong></span> <span class='ocrx_word' id='word_1_14' title='bbox 1680 856 1862 923; x_wconf 84' lang='lat' dir='ltr'><strong>extendere</strong></span> 
     </span>
     <span class='ocr_line' id='line_1_3' title="bbox 499 957 1862 1045; baseline 0.001 -22"><span class='ocrx_word' id='word_1_15' title='bbox 499 965 534 1023; x_wconf 94' lang='lat' dir='ltr'><strong>et</strong></span> <span class='ocrx_word' id='word_1_16' title='bbox 549 979 634 1043; x_wconf 91' lang='lat' dir='ltr'><strong>quos</strong></span> <span class='ocrx_word' id='word_1_17' title='bbox 649 958 751 1024; x_wconf 90' lang='lat' dir='ltr'><strong>etiam</strong></span> <span class='ocrx_word' id='word_1_18' title='bbox 767 957 1058 1045; x_wconf 87' lang='lat' dir='ltr'><strong>comprehendunt</strong></span> <span class='ocrx_word' id='word_1_19' title='bbox 1077 977 1259 1042; x_wconf 89' lang='lat' dir='ltr'><strong>eorumque</strong></span> <span class='ocrx_word' id='word_1_20' title='bbox 1286 965 1390 1022; x_wconf 93' lang='lat' dir='ltr'><strong>terras</strong></span> <span class='ocrx_word' id='word_1_21' title='bbox 1405 958 1572 1043; x_wconf 88' lang='lat' dir='ltr'><strong>predictas</strong></span> <span class='ocrx_word' id='word_1_22' title='bbox 1587 960 1742 1025; x_wconf 92' lang='lat' dir='ltr'><strong>similiter</strong></span> <span class='ocrx_word' id='word_1_23' title='bbox 1757 960 1862 1027; x_wconf 91' lang='lat' dir='ltr'><strong>incur·</strong></span> 
     </span>
     <span class='ocr_line' id='line_1_4' title="bbox 498 1062 1862 1149; baseline 0.004 -24"><span class='ocrx_word' id='word_1_24' title='bbox 498 1062 578 1127; x_wconf 85' lang='lat' dir='ltr'><strong>risse</strong></span> <span class='ocrx_word' id='word_1_25' title='bbox 593 1062 787 1143; x_wconf 89' lang='lat' dir='ltr'><strong>sententias,</strong></span> <span class='ocrx_word' id='word_1_26' title='bbox 803 1062 1030 1149; x_wconf 83' lang='lat' dir='ltr'><strong>appellatione</strong></span> <span class='ocrx_word' id='word_1_27' title='bbox 1045 1069 1186 1142; x_wconf 89' lang='lat' dir='ltr'><strong>remota,</strong></span> <span class='ocrx_word' id='word_1_28' title='bbox 1214 1062 1383 1148; x_wconf 85' lang='lat' dir='ltr'><strong>publicare</strong></span> <span class='ocrx_word' id='word_1_29' title='bbox 1409 1083 1576 1147; x_wconf 88' lang='lat' dir='ltr'><strong>procures.</strong></span> <span class='ocrx_word' id='word_1_30' title='bbox 1603 1063 1705 1148; x_wconf 79' lang='lat' dir='ltr'><strong>Quod</strong></span> <span class='ocrx_word' id='word_1_31' title='bbox 1728 1065 1755 1130; x_wconf 91' lang='lat' dir='ltr'><strong>si</strong></span> <span class='ocrx_word' id='word_1_32' title='bbox 1780 1064 1862 1131; x_wconf 85' lang='lat' dir='ltr'><strong>forte</strong></span> 
     </span>
     <span class='ocr_line' id='line_1_5' title="bbox 498 1166 1860 1254; baseline 0.001 -21"><span class='ocrx_word' id='word_1_33' title='bbox 498 1176 575 1253; x_wconf 93' lang='lat' dir='ltr'><strong>post</strong></span> <span class='ocrx_word' id='word_1_34' title='bbox 584 1167 879 1234; x_wconf 88' lang='lat' dir='ltr'><strong>denunciationem</strong></span> <span class='ocrx_word' id='word_1_35' title='bbox 889 1176 924 1232; x_wconf 91' lang='lat' dir='ltr'><strong>et</strong></span> <span class='ocrx_word' id='word_1_36' title='bbox 933 1166 1197 1253; x_wconf 90' lang='lat' dir='ltr'><strong>publicationem</strong></span> <span class='ocrx_word' id='word_1_37' title='bbox 1214 1166 1402 1252; x_wconf 88' lang='lat' dir='ltr'><strong>hujusmodi</strong></span> <span class='ocrx_word' id='word_1_38' title='bbox 1419 1166 1539 1253; x_wconf 89' lang='lat' dir='ltr'><strong>prefati</strong></span> <span class='ocrx_word' id='word_1_39' title='bbox 1556 1187 1675 1234; x_wconf 91' lang='lat' dir='ltr'><strong>omnes</strong></span> <span class='ocrx_word' id='word_1_40' title='bbox 1692 1176 1727 1234; x_wconf 94' lang='lat' dir='ltr'><strong>et</strong></span> <span class='ocrx_word' id='word_1_41' title='bbox 1743 1168 1860 1254; x_wconf 87' lang='lat' dir='ltr'><strong>singuli</strong></span> 
     </span>
     <span class='ocr_line' id='line_1_6' title="bbox 499 1270 1861 1357; baseline 0.004 -24"><span class='ocrx_word' id='word_1_42' title='bbox 499 1272 552 1337; x_wconf 91' lang='lat' dir='ltr'><strong>vel</strong></span> <span class='ocrx_word' id='word_1_43' title='bbox 564 1271 664 1356; x_wconf 89' lang='lat' dir='ltr'><strong>aliqui</strong></span> <span class='ocrx_word' id='word_1_44' title='bbox 674 1293 715 1337; x_wconf 87' lang='lat' dir='ltr'><strong>ex</strong></span> <span class='ocrx_word' id='word_1_45' title='bbox 726 1271 851 1337; x_wconf 90' lang='lat' dir='ltr'><strong>eisdem</strong></span> <span class='ocrx_word' id='word_1_46' title='bbox 861 1292 921 1357; x_wconf 93' lang='lat' dir='ltr'><strong>per</strong></span> <span class='ocrx_word' id='word_1_47' title='bbox 930 1291 1056 1350; x_wconf 88' lang='lat' dir='ltr'><strong>eorum,</strong></span> <span class='ocrx_word' id='word_1_48' title='bbox 1064 1271 1155 1355; x_wconf 92' lang='lat' dir='ltr'><strong>quod</strong></span> <span class='ocrx_word' id='word_1_49' title='bbox 1164 1271 1260 1351; x_wconf 91' lang='lat' dir='ltr'><strong>absit,</strong></span> <span class='ocrx_word' id='word_1_50' title='bbox 1269 1270 1667 1357; x_wconf 89' lang='lat' dir='ltr'><strong>insolentiam,predictas</strong></span> <span class='ocrx_word' id='word_1_51' title='bbox 1677 1272 1861 1339; x_wconf 90' lang='lat' dir='ltr'><strong>sententias</strong></span> 
     </span>
     <span class='ocr_line' id='line_1_7' title="bbox 498 1374 1859 1461; baseline 0.001 -21"><span class='ocrx_word' id='word_1_52' title='bbox 498 1375 756 1461; x_wconf 83' lang='lat' dir='ltr'><strong>dampnabiliter</strong></span> <span class='ocrx_word' id='word_1_53' title='bbox 766 1384 1056 1461; x_wconf 88' lang='lat' dir='ltr'><strong>contempnentes,</strong></span> <span class='ocrx_word' id='word_1_54' title='bbox 1068 1375 1174 1440; x_wconf 89' lang='lat' dir='ltr'><strong>redire</strong></span> <span class='ocrx_word' id='word_1_55' title='bbox 1184 1396 1253 1440; x_wconf 94' lang='lat' dir='ltr'><strong>non</strong></span> <span class='ocrx_word' id='word_1_56' title='bbox 1267 1374 1454 1440; x_wconf 77' lang='lat' dir='ltr'><strong>curaverint</strong></span> <span class='ocrx_word' id='word_1_57' title='bbox 1464 1374 1506 1440; x_wconf 94' lang='lat' dir='ltr'><strong>ad</strong></span> <span class='ocrx_word' id='word_1_58' title='bbox 1519 1374 1672 1442; x_wconf 89' lang='lat' dir='ltr'><strong>Ecclesie</strong></span> <span class='ocrx_word' id='word_1_59' title='bbox 1682 1376 1859 1457; x_wconf 87' lang='lat' dir='ltr'><strong>unitatem,</strong></span> 
     </span>
     <span class='ocr_line' id='line_1_8' title="bbox 498 1480 1860 1566; baseline 0.001 -21"><span class='ocrx_word' id='word_1_60' title='bbox 498 1489 532 1546; x_wconf 88' lang='lat' dir='ltr'><strong>et</strong></span> <span class='ocrx_word' id='word_1_61' title='bbox 555 1488 691 1566; x_wconf 90' lang='lat' dir='ltr'><strong>propter</strong></span> <span class='ocrx_word' id='word_1_62' title='bbox 717 1480 793 1556; x_wconf 93' lang='lat' dir='ltr'><strong>hoc,</strong></span> <span class='ocrx_word' id='word_1_63' title='bbox 820 1500 934 1545; x_wconf 90' lang='lat' dir='ltr'><strong>eorum</strong></span> <span class='ocrx_word' id='word_1_64' title='bbox 961 1480 1116 1565; x_wconf 84' lang='lat' dir='ltr'><strong>exigente</strong></span> <span class='ocrx_word' id='word_1_65' title='bbox 1143 1480 1310 1566; x_wconf 88' lang='lat' dir='ltr'><strong>protervia</strong></span> <span class='ocrx_word' id='word_1_66' title='bbox 1337 1489 1371 1544; x_wconf 92' lang='lat' dir='ltr'><strong>et</strong></span> <span class='ocrx_word' id='word_1_67' title='bbox 1396 1480 1609 1545; x_wconf 89' lang='lat' dir='ltr'><strong>contumacia</strong></span> <span class='ocrx_word' id='word_1_68' title='bbox 1633 1489 1860 1562; x_wconf 84' lang='lat' dir='ltr'><strong>excrescente,</strong></span> 
     </span>
     <span class='ocr_line' id='line_1_9' title="bbox 499 1583 1862 1669; baseline 0.002 -21"><span class='ocrx_word' id='word_1_69' title='bbox 499 1584 596 1649; x_wconf 90' lang='lat' dir='ltr'><strong>fuerit</strong></span> <span class='ocrx_word' id='word_1_70' title='bbox 616 1593 733 1650; x_wconf 90' lang='lat' dir='ltr'><strong>contra</strong></span> <span class='ocrx_word' id='word_1_71' title='bbox 748 1605 807 1650; x_wconf 91' lang='lat' dir='ltr'><strong>eos</strong></span> <span class='ocrx_word' id='word_1_72' title='bbox 822 1605 961 1650; x_wconf 89' lang='lat' dir='ltr'><strong>censura</strong></span> <span class='ocrx_word' id='word_1_73' title='bbox 981 1584 1206 1650; x_wconf 88' lang='lat' dir='ltr'><strong>ecclesiastica</strong></span> <span class='ocrx_word' id='word_1_74' title='bbox 1230 1584 1471 1649; x_wconf 88' lang='lat' dir='ltr'><strong>rationabiliter</strong></span> <span class='ocrx_word' id='word_1_75' title='bbox 1497 1583 1720 1669; x_wconf 87' lang='lat' dir='ltr'><strong>aggravanda,</strong></span> <span class='ocrx_word' id='word_1_76' title='bbox 1744 1593 1862 1652; x_wconf 91' lang='lat' dir='ltr'><strong>contra</strong></span> 
     </span>
    </p>
   </div>
   <div class='ocr_carea' id='block_1_3' title="bbox 498 1687 1862 1879">
    <p class='ocr_par' dir='ltr' id='par_1_3' title="bbox 498 1687 1862 1879">
     <span class='ocr_line' id='line_1_10' title="bbox 498 1687 1859 1774; baseline 0.001 -21"><span class='ocrx_word' id='word_1_77' title='bbox 498 1688 598 1774; x_wconf 90' lang='lat' dir='ltr'><strong>ipsos,</strong></span> <span class='ocrx_word' id='word_1_78' title='bbox 613 1696 713 1773; x_wconf 92' lang='lat' dir='ltr'><strong>prout</strong></span> <span class='ocrx_word' id='word_1_79' title='bbox 729 1688 808 1754; x_wconf 88' lang='lat' dir='ltr'><strong>facti</strong></span> <span class='ocrx_word' id='word_1_80' title='bbox 825 1688 964 1752; x_wconf 90' lang='lat' dir='ltr'><strong>suaserit</strong></span> <span class='ocrx_word' id='word_1_81' title='bbox 979 1688 1121 1772; x_wconf 87' lang='lat' dir='ltr'><strong>qualitas</strong></span> <span class='ocrx_word' id='word_1_82' title='bbox 1137 1696 1172 1752; x_wconf 90' lang='lat' dir='ltr'><strong>et</strong></span> <span class='ocrx_word' id='word_1_83' title='bbox 1187 1687 1345 1774; x_wconf 88' lang='lat' dir='ltr'><strong>expedire</strong></span> <span class='ocrx_word' id='word_1_84' title='bbox 1369 1687 1576 1773; x_wconf 83' lang='lat' dir='ltr'><strong>cognoveris,</strong></span> <span class='ocrx_word' id='word_1_85' title='bbox 1592 1687 1778 1774; x_wconf 88' lang='lat' dir='ltr'><strong>procedere</strong></span> <span class='ocrx_word' id='word_1_86' title='bbox 1794 1710 1859 1755; x_wconf 90' lang='lat' dir='ltr'><strong>non</strong></span> 
     </span>
     <span class='ocr_line' id='line_1_11' title="bbox 499 1786 1862 1879; baseline 0.005 -26"><span class='ocrx_word' id='word_1_87' title='bbox 499 1787 645 1868; x_wconf 86' lang='lat' dir='ltr'><strong>omittas,</strong></span> <span class='ocrx_word' id='word_1_88' title='bbox 670 1794 767 1852; x_wconf 91' lang='lat' dir='ltr'><strong>tanto</strong></span> <span class='ocrx_word' id='word_1_89' title='bbox 794 1787 826 1851; x_wconf 91' lang='lat' dir='ltr'><strong>in</strong></span> <span class='ocrx_word' id='word_1_90' title='bbox 851 1786 913 1851; x_wconf 93' lang='lat' dir='ltr'><strong>bac</strong></span> <span class='ocrx_word' id='word_1_91' title='bbox 940 1795 1034 1871; x_wconf 91' lang='lat' dir='ltr'><strong>parte</strong></span> <span class='ocrx_word' id='word_1_92' title='bbox 1058 1787 1240 1853; x_wconf 86' lang='lat' dir='ltr'><strong>ferventius</strong></span> <span class='ocrx_word' id='word_1_93' title='bbox 1266 1796 1383 1854; x_wconf 90' lang='lat' dir='ltr'><strong>contra</strong></span> <span class='ocrx_word' id='word_1_94' title='bbox 1413 1812 1472 1857; x_wconf 90' lang='lat' dir='ltr'><strong>eos</strong></span> <span class='ocrx_word' id='word_1_95' title='bbox 1502 1792 1644 1858; x_wconf 87' lang='lat' dir='ltr'><strong>comisse</strong></span> <span class='ocrx_word' id='word_1_96' title='bbox 1671 1814 1773 1879; x_wconf 89' lang='lat' dir='ltr'><strong>super</strong></span> <span class='ocrx_word' id='word_1_97' title='bbox 1796 1795 1862 1860; x_wconf 91' lang='lat' dir='ltr'><strong>hoc</strong></span> 
     </span>
    </p>
   </div>
   <div class='ocr_carea' id='block_1_4' title="bbox 494 1890 1864 5196">
    <p class='ocr_par' dir='ltr' id='par_1_4' title="bbox 494 1890 1864 5196">
     <span class='ocr_line' id='line_1_12' title="bbox 498 1890 1862 1976; baseline 0.004 -19"><span class='ocrx_word' id='word_1_98' title='bbox 498 1890 718 1957; x_wconf 88' lang='lat' dir='ltr'><strong>solicitudinis</strong></span> <span class='ocrx_word' id='word_1_99' title='bbox 733 1891 793 1957; x_wconf 93' lang='lat' dir='ltr'><strong>tibi</strong></span> <span class='ocrx_word' id='word_1_100' title='bbox 811 1900 922 1976; x_wconf 91' lang='lat' dir='ltr'><strong>partes</strong></span> <span class='ocrx_word' id='word_1_101' title='bbox 937 1890 1135 1976; x_wconf 88' lang='lat' dir='ltr'><strong>adimplens,</strong></span> <span class='ocrx_word' id='word_1_102' title='bbox 1152 1899 1279 1975; x_wconf 89' lang='lat' dir='ltr'><strong>quanto</strong></span> <span class='ocrx_word' id='word_1_103' title='bbox 1301 1891 1531 1959; x_wconf 90' lang='lat' dir='ltr'><strong>detestabilius</strong></span> <span class='ocrx_word' id='word_1_104' title='bbox 1547 1913 1662 1958; x_wconf 90' lang='lat' dir='ltr'><strong>eorum</strong></span> <span class='ocrx_word' id='word_1_105' title='bbox 1679 1894 1862 1962; x_wconf 91' lang='lat' dir='ltr'><strong>insolentia</strong></span> 
     </span>
     <span class='ocr_line' id='line_1_13' title="bbox 498 1994 1859 2083; baseline 0.004 -24"><span class='ocrx_word' id='word_1_106' title='bbox 498 2015 557 2082; x_wconf 92' lang='lat' dir='ltr'><strong>per</strong></span> <span class='ocrx_word' id='word_1_107' title='bbox 571 1997 711 2060; x_wconf 89' lang='lat' dir='ltr'><strong>abusum</strong></span> <span class='ocrx_word' id='word_1_108' title='bbox 726 2002 943 2073; x_wconf 90' lang='lat' dir='ltr'><strong>excresceret,</strong></span> <span class='ocrx_word' id='word_1_109' title='bbox 953 1994 979 2060; x_wconf 89' lang='lat' dir='ltr'><strong>si</strong></span> <span class='ocrx_word' id='word_1_110' title='bbox 995 2015 1054 2080; x_wconf 91' lang='lat' dir='ltr'><strong>per</strong></span> <span class='ocrx_word' id='word_1_111' title='bbox 1069 1994 1266 2080; x_wconf 87' lang='lat' dir='ltr'><strong>patientiam</strong></span> <span class='ocrx_word' id='word_1_112' title='bbox 1279 2016 1337 2061; x_wconf 91' lang='lat' dir='ltr'><strong>seu</strong></span> <span class='ocrx_word' id='word_1_113' title='bbox 1349 1996 1601 2062; x_wconf 88' lang='lat' dir='ltr'><strong>conniventiam</strong></span> <span class='ocrx_word' id='word_1_114' title='bbox 1615 1996 1711 2062; x_wconf 86' lang='lat' dir='ltr'><strong>Sedis</strong></span> <span class='ocrx_word' id='word_1_115' title='bbox 1722 2007 1859 2083; x_wconf 89' lang='lat' dir='ltr'><strong>aposto·</strong></span> 
     </span>
     <span class='ocr_line' id='line_1_14' title="bbox 497 2098 1860 2187; baseline 0.004 -25"><span class='ocrx_word' id='word_1_116' title='bbox 497 2100 561 2164; x_wconf 92' lang='lat' dir='ltr'><strong>lice</strong></span> <span class='ocrx_word' id='word_1_117' title='bbox 576 2098 753 2164; x_wconf 87' lang='lat' dir='ltr'><strong>transirent</strong></span> <span class='ocrx_word' id='word_1_118' title='bbox 769 2119 923 2164; x_wconf 86' lang='lat' dir='ltr'><strong>excessus</strong></span> <span class='ocrx_word' id='word_1_119' title='bbox 938 2098 1128 2184; x_wconf 87' lang='lat' dir='ltr'><strong>hujusmodi</strong></span> <span class='ocrx_word' id='word_1_120' title='bbox 1144 2099 1281 2165; x_wconf 86' lang='lat' dir='ltr'><strong>forsitan</strong></span> <span class='ocrx_word' id='word_1_121' title='bbox 1297 2100 1473 2167; x_wconf 90' lang='lat' dir='ltr'><strong>incorrecti</strong></span> <span class='ocrx_word' id='word_1_122' title='bbox 1490 2123 1498 2179; x_wconf 88' lang='lat'>;</span> <span class='ocrx_word' id='word_1_123' title='bbox 1523 2099 1664 2185; x_wconf 90' lang='lat' dir='ltr'><strong>illosque</strong></span> <span class='ocrx_word' id='word_1_124' title='bbox 1680 2120 1724 2165; x_wconf 85' lang='lat' dir='ltr'><strong>ex</strong></span> <span class='ocrx_word' id='word_1_125' title='bbox 1739 2101 1789 2167; x_wconf 90' lang='lat' dir='ltr'><strong>eis</strong></span> <span class='ocrx_word' id='word_1_126' title='bbox 1805 2103 1860 2187; x_wconf 93' lang='lat' dir='ltr'><strong>qui</strong></span> 
     </span>
     <span class='ocr_line' id='line_1_15' title="bbox 498 2200 1862 2290; baseline 0.003 -23"><span class='ocrx_word' id='word_1_127' title='bbox 498 2201 607 2268; x_wconf 90' lang='lat' dir='ltr'><strong>clerici</strong></span> <span class='ocrx_word' id='word_1_128' title='bbox 625 2201 745 2266; x_wconf 89' lang='lat' dir='ltr'><strong>fuerint</strong></span> <span class='ocrx_word' id='word_1_129' title='bbox 770 2200 998 2287; x_wconf 89' lang='lat' dir='ltr'><strong>dignitatibus,</strong></span> <span class='ocrx_word' id='word_1_130' title='bbox 1025 2203 1268 2288; x_wconf 87' lang='lat' dir='ltr'><strong>personatibus,</strong></span> <span class='ocrx_word' id='word_1_131' title='bbox 1292 2204 1545 2270; x_wconf 88' lang='lat' dir='ltr'><strong>canonicatibus</strong></span> <span class='ocrx_word' id='word_1_132' title='bbox 1563 2212 1598 2269; x_wconf 91' lang='lat' dir='ltr'><strong>et</strong></span> <span class='ocrx_word' id='word_1_133' title='bbox 1625 2204 1808 2290; x_wconf 92' lang='lat' dir='ltr'><strong>prebendis</strong></span> <span class='ocrx_word' id='word_1_134' title='bbox 1823 2226 1862 2271; x_wconf 91' lang='lat' dir='ltr'><strong>ac</strong></span> 
     </span>
     <span class='ocr_line' id='line_1_16' title="bbox 499 2305 1863 2393; baseline 0.004 -23"><span class='ocrx_word' id='word_1_135' title='bbox 499 2305 571 2370; x_wconf 89' lang='lat' dir='ltr'><strong>aliis</strong></span> <span class='ocrx_word' id='word_1_136' title='bbox 586 2305 757 2370; x_wconf 87' lang='lat' dir='ltr'><strong>beneficiis</strong></span> <span class='ocrx_word' id='word_1_137' title='bbox 787 2305 1022 2371; x_wconf 89' lang='lat' dir='ltr'><strong>ecclesiasticis</strong></span> <span class='ocrx_word' id='word_1_138' title='bbox 1046 2306 1307 2392; x_wconf 90' lang='lat' dir='ltr'><strong>quibuscunque,</strong></span> <span class='ocrx_word' id='word_1_139' title='bbox 1324 2317 1444 2373; x_wconf 90' lang='lat' dir='ltr'><strong>ettam</strong></span> <span class='ocrx_word' id='word_1_140' title='bbox 1461 2327 1519 2373; x_wconf 92' lang='lat' dir='ltr'><strong>eos</strong></span> <span class='ocrx_word' id='word_1_141' title='bbox 1534 2327 1635 2393; x_wconf 89' lang='lat' dir='ltr'><strong>quam</strong></span> <span class='ocrx_word' id='word_1_142' title='bbox 1650 2307 1736 2374; x_wconf 91' lang='lat' dir='ltr'><strong>alios</strong></span> <span class='ocrx_word' id='word_1_143' title='bbox 1760 2308 1863 2375; x_wconf 89' lang='lat' dir='ltr'><strong>laicos</strong></span> 
     </span>
     <span class='ocr_line' id='line_1_17' title="bbox 498 2408 1862 2497; baseline 0.004 -24"><span class='ocrx_word' id='word_1_144' title='bbox 498 2408 613 2491; x_wconf 90' lang='lat' dir='ltr'><strong>feudis,</strong></span> <span class='ocrx_word' id='word_1_145' title='bbox 629 2409 655 2474; x_wconf 92' lang='lat' dir='ltr'><strong>si</strong></span> <span class='ocrx_word' id='word_1_146' title='bbox 672 2430 737 2494; x_wconf 89' lang='lat' dir='ltr'><strong>qua</strong></span> <span class='ocrx_word' id='word_1_147' title='bbox 752 2411 794 2474; x_wconf 93' lang='lat' dir='ltr'><strong>ab</strong></span> <span class='ocrx_word' id='word_1_148' title='bbox 810 2408 958 2474; x_wconf 89' lang='lat' dir='ltr'><strong>ecclesiis</strong></span> <span class='ocrx_word' id='word_1_149' title='bbox 973 2416 1008 2473; x_wconf 90' lang='lat' dir='ltr'><strong>et</strong></span> <span class='ocrx_word' id='word_1_150' title='bbox 1023 2409 1175 2493; x_wconf 91' lang='lat' dir='ltr'><strong>personis</strong></span> <span class='ocrx_word' id='word_1_151' title='bbox 1193 2410 1424 2477; x_wconf 86' lang='lat' dir='ltr'><strong>ecclesiasticis</strong></span> <span class='ocrx_word' id='word_1_152' title='bbox 1440 2410 1605 2492; x_wconf 90' lang='lat' dir='ltr'><strong>obtinent,</strong></span> <span class='ocrx_word' id='word_1_153' title='bbox 1618 2431 1658 2476; x_wconf 91' lang='lat' dir='ltr'><strong>ac</strong></span> <span class='ocrx_word' id='word_1_154' title='bbox 1664 2410 1739 2496; x_wconf 88' lang='lat' dir='ltr'><strong>jure</strong></span> <span class='ocrx_word' id='word_1_155' title='bbox 1749 2419 1862 2497; x_wconf 90' lang='lat' dir='ltr'><strong>patro-</strong></span> 
     </span>
     <span class='ocr_line' id='line_1_18' title="bbox 497 2511 1863 2600; baseline 0.002 -23"><span class='ocrx_word' id='word_1_156' title='bbox 497 2521 596 2578; x_wconf 85' lang='lat' dir='ltr'><strong>natus</strong></span> <span class='ocrx_word' id='word_1_157' title='bbox 622 2512 701 2599; x_wconf 90' lang='lat' dir='ltr'><strong>ipsis</strong></span> <span class='ocrx_word' id='word_1_158' title='bbox 727 2513 760 2577; x_wconf 89' lang='lat' dir='ltr'><strong>in</strong></span> <span class='ocrx_word' id='word_1_159' title='bbox 788 2511 989 2597; x_wconf 91' lang='lat' dir='ltr'><strong>quibuslibet</strong></span> <span class='ocrx_word' id='word_1_160' title='bbox 1014 2512 1164 2578; x_wconf 91' lang='lat' dir='ltr'><strong>ecclesiis</strong></span> <span class='ocrx_word' id='word_1_161' title='bbox 1193 2522 1418 2600; x_wconf 89' lang='lat' dir='ltr'><strong>competente,</strong></span> <span class='ocrx_word' id='word_1_162' title='bbox 1444 2512 1626 2600; x_wconf 88' lang='lat' dir='ltr'><strong>privilegiis</strong></span> <span class='ocrx_word' id='word_1_163' title='bbox 1652 2534 1790 2599; x_wconf 91' lang='lat' dir='ltr'><strong>quoque</strong></span> <span class='ocrx_word' id='word_1_164' title='bbox 1821 2517 1863 2580; x_wconf 91' lang='lat' dir='ltr'><strong>ab</strong></span> 
     </span>
     <span class='ocr_line' id='line_1_19' title="bbox 498 2615 1864 2703; baseline 0.003 -22"><span class='ocrx_word' id='word_1_165' title='bbox 498 2615 616 2681; x_wconf 90' lang='lat' dir='ltr'><strong>eadem</strong></span> <span class='ocrx_word' id='word_1_166' title='bbox 632 2616 717 2681; x_wconf 83' lang='lat' dir='ltr'><strong>Sede</strong></span> <span class='ocrx_word' id='word_1_167' title='bbox 734 2616 786 2680; x_wconf 92' lang='lat' dir='ltr'><strong>vel</strong></span> <span class='ocrx_word' id='word_1_168' title='bbox 803 2615 1053 2700; x_wconf 90' lang='lat' dir='ltr'><strong>quibuscunque</strong></span> <span class='ocrx_word' id='word_1_169' title='bbox 1067 2616 1218 2702; x_wconf 91' lang='lat' dir='ltr'><strong>personis</strong></span> <span class='ocrx_word' id='word_1_170' title='bbox 1233 2617 1466 2684; x_wconf 88' lang='lat' dir='ltr'><strong>ecclesiasticis</strong></span> <span class='ocrx_word' id='word_1_171' title='bbox 1481 2616 1658 2697; x_wconf 85' lang='lat' dir='ltr'><strong>concessis,</strong></span> <span class='ocrx_word' id='word_1_172' title='bbox 1674 2618 1864 2703; x_wconf 71' lang='lat' dir='ltr'><strong>apostolica</strong></span> 
     </span>
     <span class='ocr_line' id='line_1_20' title="bbox 499 2720 1861 2809; baseline 0.001 -22"><span class='ocrx_word' id='word_1_173' title='bbox 499 2724 531 2787; x_wconf 91' lang='lat' dir='ltr'><strong>in</strong></span> <span class='ocrx_word' id='word_1_174' title='bbox 548 2724 611 2789; x_wconf 92' lang='lat' dir='ltr'><strong>hac</strong></span> <span class='ocrx_word' id='word_1_175' title='bbox 626 2731 723 2809; x_wconf 89' lang='lat' dir='ltr'><strong>parte</strong></span> <span class='ocrx_word' id='word_1_176' title='bbox 739 2721 842 2787; x_wconf 92' lang='lat' dir='ltr'><strong>fretus</strong></span> <span class='ocrx_word' id='word_1_177' title='bbox 863 2720 1063 2787; x_wconf 89' lang='lat' dir='ltr'><strong>auctoritate</strong></span> <span class='ocrx_word' id='word_1_178' title='bbox 1078 2720 1209 2806; x_wconf 90' lang='lat' dir='ltr'><strong>privare</strong></span> <span class='ocrx_word' id='word_1_179' title='bbox 1233 2741 1400 2806; x_wconf 89' lang='lat' dir='ltr'><strong>procures,</strong></span> <span class='ocrx_word' id='word_1_180' title='bbox 1416 2742 1455 2787; x_wconf 91' lang='lat' dir='ltr'><strong>ac</strong></span> <span class='ocrx_word' id='word_1_181' title='bbox 1481 2720 1721 2787; x_wconf 91' lang='lat' dir='ltr'><strong>nichilominus</strong></span> <span class='ocrx_word' id='word_1_182' title='bbox 1743 2742 1861 2788; x_wconf 85' lang='lat' dir='ltr'><strong>eorum</strong></span> 
     </span>
     <span class='ocr_line' id='line_1_21' title="bbox 498 2824 1862 2913; baseline 0 -22"><span class='ocrx_word' id='word_1_183' title='bbox 498 2827 583 2893; x_wconf 92' lang='lat' dir='ltr'><strong>filios</strong></span> <span class='ocrx_word' id='word_1_184' title='bbox 599 2835 634 2892; x_wconf 88' lang='lat' dir='ltr'><strong>et</strong></span> <span class='ocrx_word' id='word_1_185' title='bbox 648 2836 790 2913; x_wconf 91' lang='lat' dir='ltr'><strong>nepotes</strong></span> <span class='ocrx_word' id='word_1_186' title='bbox 805 2829 847 2891; x_wconf 95' lang='lat' dir='ltr'><strong>ab</strong></span> <span class='ocrx_word' id='word_1_187' title='bbox 864 2826 911 2891; x_wconf 90' lang='lat' dir='ltr'><strong>eis</strong></span> <span class='ocrx_word' id='word_1_188' title='bbox 927 2846 986 2912; x_wconf 91' lang='lat' dir='ltr'><strong>per</strong></span> <span class='ocrx_word' id='word_1_189' title='bbox 1001 2833 1127 2890; x_wconf 88' lang='lat' dir='ltr'><strong>rectam</strong></span> <span class='ocrx_word' id='word_1_190' title='bbox 1143 2825 1267 2890; x_wconf 90' lang='lat' dir='ltr'><strong>lineam</strong></span> <span class='ocrx_word' id='word_1_191' title='bbox 1283 2824 1527 2891; x_wconf 87' lang='lat' dir='ltr'><strong>descendentes</strong></span> <span class='ocrx_word' id='word_1_192' title='bbox 1549 2833 1714 2912; x_wconf 90' lang='lat' dir='ltr'><strong>perpetuo</strong></span> <span class='ocrx_word' id='word_1_193' title='bbox 1730 2825 1862 2892; x_wconf 91' lang='lat' dir='ltr'><strong>inhabi-</strong></span> 
     </span>
     <span class='ocr_line' id='line_1_22' title="bbox 497 2915 1862 3016; baseline 0.002 -22"><span class='ocrx_word' id='word_1_194' title='bbox 497 2931 546 2994; x_wconf 90' lang='lat' dir='ltr'><strong>les</strong></span> <span class='ocrx_word' id='word_1_195' title='bbox 560 2928 699 2995; x_wconf 88' lang='lat' dir='ltr'><strong>reddere</strong></span> <span class='ocrx_word' id='word_1_196' title='bbox 714 2928 756 2995; x_wconf 92' lang='lat' dir='ltr'><strong>ad</strong></span> <span class='ocrx_word' id='word_1_197' title='bbox 772 2929 919 3013; x_wconf 89' lang='lat' dir='ltr'><strong>quelibet</strong></span> <span class='ocrx_word' id='word_1_198' title='bbox 942 2928 1106 2994; x_wconf 90' lang='lat' dir='ltr'><strong>beneficia</strong></span> <span class='ocrx_word' id='word_1_199' title='bbox 1129 2930 1353 2995; x_wconf 89' lang='lat' dir='ltr'><strong>ecclesiastica</strong></span> <span class='ocrx_word' id='word_1_200' title='bbox 1380 2915 1581 3011; x_wconf 79' lang='lat' dir='ltr'><strong>obtinenda,</strong></span> <span class='ocrx_word' id='word_1_201' title='bbox 1598 2928 1662 2995; x_wconf 90' lang='lat' dir='ltr'><strong>nisi</strong></span> <span class='ocrx_word' id='word_1_202' title='bbox 1683 2949 1745 3016; x_wconf 89' lang='lat' dir='ltr'><strong>per</strong></span> <span class='ocrx_word' id='word_1_203' title='bbox 1766 2930 1862 2997; x_wconf 89' lang='lat' dir='ltr'><strong>satis·</strong></span> 
     </span>
     <span class='ocr_line' id='line_1_23' title="bbox 499 3031 1864 3118; baseline 0.001 -22"><span class='ocrx_word' id='word_1_204' title='bbox 499 3033 650 3099; x_wconf 88' lang='lat' dir='ltr'><strong>factionis</strong></span> <span class='ocrx_word' id='word_1_205' title='bbox 665 3032 814 3098; x_wconf 89' lang='lat' dir='ltr'><strong>debiturn</strong></span> <span class='ocrx_word' id='word_1_206' title='bbox 841 3032 883 3098; x_wconf 91' lang='lat' dir='ltr'><strong>ad</strong></span> <span class='ocrx_word' id='word_1_207' title='bbox 907 3033 1016 3098; x_wconf 91' lang='lat' dir='ltr'><strong>sinum</strong></span> <span class='ocrx_word' id='word_1_208' title='bbox 1039 3032 1174 3118; x_wconf 90' lang='lat' dir='ltr'><strong>pietatis</strong></span> <span class='ocrx_word' id='word_1_209' title='bbox 1199 3032 1385 3118; x_wconf 92' lang='lat' dir='ltr'><strong>apostolice</strong></span> <span class='ocrx_word' id='word_1_210' title='bbox 1415 3038 1631 3112; x_wconf 88' lang='lat' dir='ltr'><strong>recurrentes,</strong></span> <span class='ocrx_word' id='word_1_211' title='bbox 1657 3031 1864 3099; x_wconf 89' lang='lat' dir='ltr'><strong>remissionis</strong></span> 
     </span>
     <span class='ocr_line' id='line_1_24' title="bbox 497 3135 1863 3222; baseline 0 -21"><span class='ocrx_word' id='word_1_212' title='bbox 497 3157 594 3222; x_wconf 88' lang='lat' dir='ltr'><strong>super</strong></span> <span class='ocrx_word' id='word_1_213' title='bbox 624 3137 688 3202; x_wconf 92' lang='lat' dir='ltr'><strong>boc</strong></span> <span class='ocrx_word' id='word_1_214' title='bbox 713 3144 747 3201; x_wconf 90' lang='lat' dir='ltr'><strong>et</strong></span> <span class='ocrx_word' id='word_1_215' title='bbox 774 3135 993 3201; x_wconf 89' lang='lat' dir='ltr'><strong>restitutionis</strong></span> <span class='ocrx_word' id='word_1_216' title='bbox 1018 3135 1050 3199; x_wconf 91' lang='lat' dir='ltr'><strong>in</strong></span> <span class='ocrx_word' id='word_1_217' title='bbox 1079 3136 1244 3220; x_wconf 86' lang='lat' dir='ltr'><strong>integrum</strong></span> <span class='ocrx_word' id='word_1_218' title='bbox 1270 3156 1328 3221; x_wconf 92' lang='lat' dir='ltr'><strong>per</strong></span> <span class='ocrx_word' id='word_1_219' title='bbox 1355 3135 1480 3201; x_wconf 89' lang='lat' dir='ltr'><strong>dictam</strong></span> <span class='ocrx_word' id='word_1_220' title='bbox 1507 3135 1627 3201; x_wconf 81' lang='lat' dir='ltr'><strong>Sedem</strong></span> <span class='ocrx_word' id='word_1_221' title='bbox 1658 3136 1863 3202; x_wconf 85' lang='lat' dir='ltr'><strong>beneficium</strong></span> 
     </span>
     <span class='ocr_line' id='line_1_25' title="bbox 498 3239 1862 3326; baseline 0.001 -23"><span class='ocrx_word' id='word_1_222' title='bbox 498 3248 711 3304; x_wconf 90' lang='lat' dir='ltr'><strong>mererentur.</strong></span> <span class='ocrx_word' id='word_1_223' title='bbox 729 3240 829 3323; x_wconf 84' lang='lat' dir='ltr'><strong>Quod</strong></span> <span class='ocrx_word' id='word_1_224' title='bbox 845 3240 870 3304; x_wconf 89' lang='lat' dir='ltr'><strong>si</strong></span> <span class='ocrx_word' id='word_1_225' title='bbox 889 3239 1035 3321; x_wconf 85' lang='lat' dir='ltr'><strong>forsitan,</strong></span> <span class='ocrx_word' id='word_1_226' title='bbox 1052 3247 1128 3325; x_wconf 91' lang='lat' dir='ltr'><strong>post</strong></span> <span class='ocrx_word' id='word_1_227' title='bbox 1143 3240 1407 3325; x_wconf 89' lang='lat' dir='ltr'><strong>publicationem</strong></span> <span class='ocrx_word' id='word_1_228' title='bbox 1423 3247 1457 3304; x_wconf 91' lang='lat' dir='ltr'><strong>et</strong></span> <span class='ocrx_word' id='word_1_229' title='bbox 1472 3239 1771 3305; x_wconf 90' lang='lat' dir='ltr'><strong>denunciationem</strong></span> <span class='ocrx_word' id='word_1_230' title='bbox 1787 3261 1862 3326; x_wconf 90' lang='lat' dir='ltr'><strong>pre·</strong></span> 
     </span>
     <span class='ocr_line' id='line_1_26' title="bbox 496 3342 1860 3429; baseline 0.001 -22"><span class='ocrx_word' id='word_1_231' title='bbox 496 3343 612 3423; x_wconf 91' lang='lat' dir='ltr'><strong>dictas,</strong></span> <span class='ocrx_word' id='word_1_232' title='bbox 639 3344 864 3408; x_wconf 88' lang='lat' dir='ltr'><strong>comunitates</strong></span> <span class='ocrx_word' id='word_1_233' title='bbox 899 3343 1026 3428; x_wconf 88' lang='lat' dir='ltr'><strong>prefate</strong></span> <span class='ocrx_word' id='word_1_234' title='bbox 1060 3364 1152 3428; x_wconf 89' lang='lat' dir='ltr'><strong>quas,</strong></span> <span class='ocrx_word' id='word_1_235' title='bbox 1180 3351 1216 3408; x_wconf 95' lang='lat' dir='ltr'><strong>ut</strong></span> <span class='ocrx_word' id='word_1_236' title='bbox 1240 3343 1454 3429; x_wconf 89' lang='lat' dir='ltr'><strong>premittitur,</strong></span> <span class='ocrx_word' id='word_1_237' title='bbox 1486 3342 1651 3429; x_wconf 89' lang='lat' dir='ltr'><strong>predictas</strong></span> <span class='ocrx_word' id='word_1_238' title='bbox 1682 3343 1860 3410; x_wconf 89' lang='lat' dir='ltr'><strong>incurrisse</strong></span> 
     </span>
     <span class='ocr_line' id='line_1_27' title="bbox 497 3446 1862 3533; baseline 0.001 -22"><span class='ocrx_word' id='word_1_239' title='bbox 497 3446 679 3511; x_wconf 87' lang='lat' dir='ltr'><strong>sententias</strong></span> <span class='ocrx_word' id='word_1_240' title='bbox 691 3468 750 3532; x_wconf 89' lang='lat' dir='ltr'><strong>per</strong></span> <span class='ocrx_word' id='word_1_241' title='bbox 766 3455 799 3511; x_wconf 90' lang='lat' dir='ltr'><strong>te</strong></span> <span class='ocrx_word' id='word_1_242' title='bbox 816 3446 992 3532; x_wconf 87' lang='lat' dir='ltr'><strong>contigerit</strong></span> <span class='ocrx_word' id='word_1_243' title='bbox 1008 3447 1179 3532; x_wconf 91' lang='lat' dir='ltr'><strong>publicari,</strong></span> <span class='ocrx_word' id='word_1_244' title='bbox 1192 3446 1327 3512; x_wconf 87' lang='lat' dir='ltr'><strong>easdem</strong></span> <span class='ocrx_word' id='word_1_245' title='bbox 1344 3447 1528 3513; x_wconf 89' lang='lat' dir='ltr'><strong>sententias</strong></span> <span class='ocrx_word' id='word_1_246' title='bbox 1542 3455 1620 3533; x_wconf 93' lang='lat' dir='ltr'><strong>post</strong></span> <span class='ocrx_word' id='word_1_247' title='bbox 1630 3446 1716 3513; x_wconf 93' lang='lat' dir='ltr'><strong>duos</strong></span> <span class='ocrx_word' id='word_1_248' title='bbox 1727 3468 1862 3513; x_wconf 89' lang='lat' dir='ltr'><strong>menses</strong></span> 
     </span>
     <span class='ocr_line' id='line_1_28' title="bbox 497 3545 1861 3637; baseline 0 -21"><span class='ocrx_word' id='word_1_249' title='bbox 497 3551 713 3616; x_wconf 89' lang='lat' dir='ltr'><strong>sustinuerint</strong></span> <span class='ocrx_word' id='word_1_250' title='bbox 729 3551 842 3616; x_wconf 91' lang='lat' dir='ltr'><strong>animo</strong></span> <span class='ocrx_word' id='word_1_251' title='bbox 858 3550 1022 3632; x_wconf 90' lang='lat' dir='ltr'><strong>indurato,</strong></span> <span class='ocrx_word' id='word_1_252' title='bbox 1039 3572 1092 3632; x_wconf 88' lang='lat' dir='ltr'><strong>ne,</strong></span> <span class='ocrx_word' id='word_1_253' title='bbox 1110 3551 1200 3635; x_wconf 90' lang='lat' dir='ltr'><strong>quod</strong></span> <span class='ocrx_word' id='word_1_254' title='bbox 1218 3552 1314 3631; x_wconf 88' lang='lat' dir='ltr'><strong>absit,</strong></span> <span class='ocrx_word' id='word_1_255' title='bbox 1334 3573 1375 3615; x_wconf 89' lang='lat' dir='ltr'><strong>ex</strong></span> <span class='ocrx_word' id='word_1_256' title='bbox 1392 3552 1532 3617; x_wconf 90' lang='lat' dir='ltr'><strong>aliorum</strong></span> <span class='ocrx_word' id='word_1_257' title='bbox 1547 3545 1727 3637; x_wconf 88' lang='lat' dir='ltr'><strong>participio</strong></span> <span class='ocrx_word' id='word_1_258' title='bbox 1743 3551 1861 3617; x_wconf 91' lang='lat' dir='ltr'><strong>fortius</strong></span> 
     </span>
     <span class='ocr_line' id='line_1_29' title="bbox 497 3654 1859 3740; baseline 0.001 -22"><span class='ocrx_word' id='word_1_259' title='bbox 497 3654 719 3734; x_wconf 90' lang='lat' dir='ltr'><strong>indurescant,</strong></span> <span class='ocrx_word' id='word_1_260' title='bbox 736 3662 772 3719; x_wconf 92' lang='lat' dir='ltr'><strong>tu</strong></span> <span class='ocrx_word' id='word_1_261' title='bbox 789 3663 926 3719; x_wconf 87' lang='lat' dir='ltr'><strong>extunc</strong></span> <span class='ocrx_word' id='word_1_262' title='bbox 951 3655 1112 3720; x_wconf 91' lang='lat' dir='ltr'><strong>universis</strong></span> <span class='ocrx_word' id='word_1_263' title='bbox 1135 3663 1169 3719; x_wconf 88' lang='lat' dir='ltr'><strong>et</strong></span> <span class='ocrx_word' id='word_1_264' title='bbox 1185 3655 1321 3740; x_wconf 91' lang='lat' dir='ltr'><strong>singulis</strong></span> <span class='ocrx_word' id='word_1_265' title='bbox 1346 3655 1607 3720; x_wconf 89' lang='lat' dir='ltr'><strong>comunitatibus</strong></span> <span class='ocrx_word' id='word_1_266' title='bbox 1623 3654 1803 3721; x_wconf 88' lang='lat' dir='ltr'><strong>civitatum</strong></span> <span class='ocrx_word' id='word_1_267' title='bbox 1827 3664 1859 3720; x_wconf 92' lang='lat' dir='ltr'><strong>et</strong></span> 
     </span>
     <span class='ocr_line' id='line_1_30' title="bbox 496 3757 1859 3845; baseline 0.001 -22"><span class='ocrx_word' id='word_1_268' title='bbox 496 3760 645 3824; x_wconf 93' lang='lat' dir='ltr'><strong>locorum</strong></span> <span class='ocrx_word' id='word_1_269' title='bbox 657 3757 700 3823; x_wconf 90' lang='lat' dir='ltr'><strong>de</strong></span> <span class='ocrx_word' id='word_1_270' title='bbox 712 3758 829 3842; x_wconf 92' lang='lat' dir='ltr'><strong>quibus</strong></span> <span class='ocrx_word' id='word_1_271' title='bbox 839 3758 898 3822; x_wconf 93' lang='lat' dir='ltr'><strong>tibi</strong></span> <span class='ocrx_word' id='word_1_272' title='bbox 912 3759 1088 3838; x_wconf 90' lang='lat' dir='ltr'><strong>videbitur,</strong></span> <span class='ocrx_word' id='word_1_273' title='bbox 1099 3762 1160 3824; x_wconf 93' lang='lat' dir='ltr'><strong>sub</strong></span> <span class='ocrx_word' id='word_1_274' title='bbox 1173 3758 1342 3824; x_wconf 88' lang='lat' dir='ltr'><strong>interdicti</strong></span> <span class='ocrx_word' id='word_1_275' title='bbox 1356 3759 1390 3823; x_wconf 90' lang='lat' dir='ltr'><strong>in</strong></span> <span class='ocrx_word' id='word_1_276' title='bbox 1401 3759 1556 3825; x_wconf 85' lang='lat' dir='ltr'><strong>civitates</strong></span> <span class='ocrx_word' id='word_1_277' title='bbox 1565 3766 1600 3823; x_wconf 90' lang='lat' dir='ltr'><strong>et</strong></span> <span class='ocrx_word' id='word_1_278' title='bbox 1609 3760 1685 3824; x_wconf 91' lang='lat' dir='ltr'><strong>loca</strong></span> <span class='ocrx_word' id='word_1_279' title='bbox 1698 3759 1859 3845; x_wconf 89' lang='lat' dir='ltr'><strong>predicta,</strong></span> 
     </span>
     <span class='ocr_line' id='line_1_31' title="bbox 496 3861 1859 3949; baseline 0.002 -23"><span class='ocrx_word' id='word_1_280' title='bbox 496 3872 530 3928; x_wconf 91' lang='lat' dir='ltr'><strong>et</strong></span> <span class='ocrx_word' id='word_1_281' title='bbox 546 3862 696 3948; x_wconf 90' lang='lat' dir='ltr'><strong>personis</strong></span> <span class='ocrx_word' id='word_1_282' title='bbox 711 3861 927 3944; x_wconf 86' lang='lat' dir='ltr'><strong>singularibus</strong></span> <span class='ocrx_word' id='word_1_283' title='bbox 936 3863 1119 3928; x_wconf 89' lang='lat' dir='ltr'><strong>eorundem</strong></span> <span class='ocrx_word' id='word_1_284' title='bbox 1130 3866 1190 3928; x_wconf 93' lang='lat' dir='ltr'><strong>sub</strong></span> <span class='ocrx_word' id='word_1_285' title='bbox 1201 3862 1523 3929; x_wconf 85' lang='lat' dir='ltr'><strong>excomunicationis</strong></span> <span class='ocrx_word' id='word_1_286' title='bbox 1533 3862 1566 3927; x_wconf 92' lang='lat' dir='ltr'><strong>in</strong></span> <span class='ocrx_word' id='word_1_287' title='bbox 1578 3882 1859 3949; x_wconf 88' lang='lat' dir='ltr'><strong>personaseorunr</strong></span> 
     </span>
     <span class='ocr_line' id='line_1_32' title="bbox 496 3966 1860 4052; baseline 0.001 -23"><span class='ocrx_word' id='word_1_288' title='bbox 496 3966 600 4050; x_wconf 89' lang='lat' dir='ltr'><strong>penis,</strong></span> <span class='ocrx_word' id='word_1_289' title='bbox 617 3986 698 4049; x_wconf 89' lang='lat' dir='ltr'><strong>quas</strong></span> <span class='ocrx_word' id='word_1_290' title='bbox 714 3966 738 4029; x_wconf 92' lang='lat' dir='ltr'><strong>si</strong></span> <span class='ocrx_word' id='word_1_291' title='bbox 766 3986 861 4031; x_wconf 90' lang='lat' dir='ltr'><strong>secus</strong></span> <span class='ocrx_word' id='word_1_292' title='bbox 883 3966 1020 4031; x_wconf 89' lang='lat' dir='ltr'><strong>fecerint</strong></span> <span class='ocrx_word' id='word_1_293' title='bbox 1048 3966 1121 4052; x_wconf 90' lang='lat' dir='ltr'><strong>ipso</strong></span> <span class='ocrx_word' id='word_1_294' title='bbox 1145 3966 1236 4032; x_wconf 91' lang='lat' dir='ltr'><strong>facto</strong></span> <span class='ocrx_word' id='word_1_295' title='bbox 1263 3967 1442 4047; x_wconf 89' lang='lat' dir='ltr'><strong>incurrant,</strong></span> <span class='ocrx_word' id='word_1_296' title='bbox 1470 3987 1571 4032; x_wconf 90' lang='lat' dir='ltr'><strong>omne</strong></span> <span class='ocrx_word' id='word_1_297' title='bbox 1596 3986 1673 4031; x_wconf 90' lang='lat' dir='ltr'><strong>cunr</strong></span> <span class='ocrx_word' id='word_1_298' title='bbox 1700 3967 1860 4052; x_wconf 90' lang='lat' dir='ltr'><strong>predictis</strong></span> 
     </span>
     <span class='ocr_line' id='line_1_33' title="bbox 495 4068 1858 4156; baseline 0.001 -22"><span class='ocrx_word' id='word_1_299' title='bbox 495 4069 755 4134; x_wconf 87' lang='lat' dir='ltr'><strong>coumnitatibus</strong></span> <span class='ocrx_word' id='word_1_300' title='bbox 786 4068 1043 4135; x_wconf 87' lang='lat' dir='ltr'><strong>Flandreusibus</strong></span> <span class='ocrx_word' id='word_1_301' title='bbox 1059 4078 1093 4133; x_wconf 89' lang='lat' dir='ltr'><strong>et</strong></span> <span class='ocrx_word' id='word_1_302' title='bbox 1109 4070 1325 4155; x_wconf 88' lang='lat' dir='ltr'><strong>singularibus</strong></span> <span class='ocrx_word' id='word_1_303' title='bbox 1355 4071 1505 4156; x_wconf 92' lang='lat' dir='ltr'><strong>personis</strong></span> <span class='ocrx_word' id='word_1_304' title='bbox 1521 4070 1665 4155; x_wconf 92' lang='lat' dir='ltr'><strong>ipsarum</strong></span> <span class='ocrx_word' id='word_1_305' title='bbox 1691 4070 1725 4135; x_wconf 93' lang='lat' dir='ltr'><strong>in</strong></span> <span class='ocrx_word' id='word_1_306' title='bbox 1743 4072 1858 4137; x_wconf 88' lang='lat' dir='ltr'><strong>eadem</strong></span> 
     </span>
     <span class='ocr_line' id='line_1_34' title="bbox 495 4172 1857 4254; baseline 0.003 -18"><span class='ocrx_word' id='word_1_307' title='bbox 495 4173 719 4238; x_wconf 90' lang='lat' dir='ltr'><strong>obstinatione</strong></span> <span class='ocrx_word' id='word_1_308' title='bbox 743 4173 954 4237; x_wconf 90' lang='lat' dir='ltr'><strong>manentibus</strong></span> <span class='ocrx_word' id='word_1_309' title='bbox 970 4174 1173 4238; x_wconf 91' lang='lat' dir='ltr'><strong>comercium</strong></span> <span class='ocrx_word' id='word_1_310' title='bbox 1189 4174 1378 4254; x_wconf 89' lang='lat' dir='ltr'><strong>interdicas,</strong></span> <span class='ocrx_word' id='word_1_311' title='bbox 1395 4174 1499 4239; x_wconf 92' lang='lat' dir='ltr'><strong>felicis</strong></span> <span class='ocrx_word' id='word_1_312' title='bbox 1522 4172 1763 4240; x_wconf 91' lang='lat' dir='ltr'><strong>recordationis</strong></span> <span class='ocrx_word' id='word_1_313' title='bbox 1779 4174 1857 4240; x_wconf 86' lang='lat' dir='ltr'><strong>Gre-</strong></span> 
     </span>
     <span class='ocr_line' id='line_1_35' title="bbox 495 4276 1856 4365; baseline 0.002 -24"><span class='ocrx_word' id='word_1_314' title='bbox 495 4278 575 4360; x_wconf 79' lang='lat' dir='ltr'><strong>gorii</strong></span> <span class='ocrx_word' id='word_1_315' title='bbox 592 4298 678 4363; x_wconf 86' lang='lat' dir='ltr'><strong>pape</strong></span> <span class='ocrx_word' id='word_1_316' title='bbox 694 4276 736 4358; x_wconf 84' lang='lat' dir='ltr'><strong>X,</strong></span> <span class='ocrx_word' id='word_1_317' title='bbox 753 4276 994 4362; x_wconf 87' lang='lat' dir='ltr'><strong>predecessoris</strong></span> <span class='ocrx_word' id='word_1_318' title='bbox 1016 4278 1132 4357; x_wconf 92' lang='lat' dir='ltr'><strong>nostri,</strong></span> <span class='ocrx_word' id='word_1_319' title='bbox 1150 4298 1248 4364; x_wconf 93' lang='lat' dir='ltr'><strong>super</strong></span> <span class='ocrx_word' id='word_1_320' title='bbox 1264 4278 1328 4344; x_wconf 92' lang='lat' dir='ltr'><strong>hoc</strong></span> <span class='ocrx_word' id='word_1_321' title='bbox 1345 4279 1377 4343; x_wconf 92' lang='lat' dir='ltr'><strong>in</strong></span> <span class='ocrx_word' id='word_1_322' title='bbox 1401 4278 1605 4343; x_wconf 91' lang='lat' dir='ltr'><strong>contrarium</strong></span> <span class='ocrx_word' id='word_1_323' title='bbox 1621 4276 1714 4343; x_wconf 89' lang='lat' dir='ltr'><strong>edita</strong></span> <span class='ocrx_word' id='word_1_324' title='bbox 1729 4287 1764 4343; x_wconf 92' lang='lat' dir='ltr'><strong>et</strong></span> <span class='ocrx_word' id='word_1_325' title='bbox 1781 4299 1856 4365; x_wconf 91' lang='lat' dir='ltr'><strong>qua·</strong></span> 
     </span>
     <span class='ocr_line' id='line_1_36' title="bbox 496 4380 1856 4469; baseline 0.001 -24"><span class='ocrx_word' id='word_1_326' title='bbox 496 4382 575 4446; x_wconf 88' lang='lat' dir='ltr'><strong>libet</strong></span> <span class='ocrx_word' id='word_1_327' title='bbox 594 4382 659 4446; x_wconf 91' lang='lat' dir='ltr'><strong>alia</strong></span> <span class='ocrx_word' id='word_1_328' title='bbox 682 4382 923 4447; x_wconf 89' lang='lat' dir='ltr'><strong>constitutione</strong></span> <span class='ocrx_word' id='word_1_329' title='bbox 940 4381 1107 4447; x_wconf 89' lang='lat' dir='ltr'><strong>contraria</strong></span> <span class='ocrx_word' id='word_1_330' title='bbox 1134 4401 1203 4446; x_wconf 90' lang='lat' dir='ltr'><strong>uon</strong></span> <span class='ocrx_word' id='word_1_331' title='bbox 1220 4385 1376 4447; x_wconf 90' lang='lat' dir='ltr'><strong>obstante</strong></span> <span class='ocrx_word' id='word_1_332' title='bbox 1397 4406 1404 4461; x_wconf 89' lang='lat'>;</span> <span class='ocrx_word' id='word_1_333' title='bbox 1431 4380 1708 4448; x_wconf 86' lang='lat' dir='ltr'><strong>excomunicatos</strong></span> <span class='ocrx_word' id='word_1_334' title='bbox 1723 4382 1856 4469; x_wconf 90' lang='lat' dir='ltr'><strong>insuper</strong></span> 
     </span>
     <span class='ocr_line' id='line_1_37' title="bbox 495 4484 1856 4571; baseline 0.001 -21"><span class='ocrx_word' id='word_1_335' title='bbox 495 4485 701 4571; x_wconf 86' lang='lat' dir='ltr'><strong>supradictos</strong></span> <span class='ocrx_word' id='word_1_336' title='bbox 716 4485 781 4569; x_wconf 92' lang='lat' dir='ltr'><strong>qui,</strong></span> <span class='ocrx_word' id='word_1_337' title='bbox 798 4493 834 4550; x_wconf 95' lang='lat' dir='ltr'><strong>ut</strong></span> <span class='ocrx_word' id='word_1_338' title='bbox 850 4484 1065 4570; x_wconf 90' lang='lat' dir='ltr'><strong>premittitur,</strong></span> <span class='ocrx_word' id='word_1_339' title='bbox 1081 4486 1302 4551; x_wconf 90' lang='lat' dir='ltr'><strong>absolutionis</strong></span> <span class='ocrx_word' id='word_1_340' title='bbox 1325 4486 1523 4551; x_wconf 88' lang='lat' dir='ltr'><strong>beneficium</strong></span> <span class='ocrx_word' id='word_1_341' title='bbox 1550 4484 1704 4550; x_wconf 91' lang='lat' dir='ltr'><strong>obtinere</strong></span> <span class='ocrx_word' id='word_1_342' title='bbox 1729 4484 1856 4552; x_wconf 89' lang='lat' dir='ltr'><strong>detrac-</strong></span> 
     </span>
     <span class='ocr_line' id='line_1_38' title="bbox 494 4588 1855 4671; baseline 0.001 -18"><span class='ocrx_word' id='word_1_343' title='bbox 494 4596 568 4654; x_wconf 90' lang='lat' dir='ltr'><strong>tant</strong></span> <span class='ocrx_word' id='word_1_344' title='bbox 591 4592 632 4654; x_wconf 91' lang='lat' dir='ltr'><strong>ab</strong></span> <span class='ocrx_word' id='word_1_345' title='bbox 656 4589 810 4654; x_wconf 91' lang='lat' dir='ltr'><strong>omnibus</strong></span> <span class='ocrx_word' id='word_1_346' title='bbox 833 4588 932 4654; x_wconf 90' lang='lat' dir='ltr'><strong>facias</strong></span> <span class='ocrx_word' id='word_1_347' title='bbox 954 4589 1056 4653; x_wconf 90' lang='lat' dir='ltr'><strong>artius</strong></span> <span class='ocrx_word' id='word_1_348' title='bbox 1079 4589 1207 4669; x_wconf 89' lang='lat' dir='ltr'><strong>evitari,</strong></span> <span class='ocrx_word' id='word_1_349' title='bbox 1221 4590 1483 4655; x_wconf 89' lang='lat' dir='ltr'><strong>contradictores</strong></span> <span class='ocrx_word' id='word_1_350' title='bbox 1498 4597 1566 4671; x_wconf 76' lang='lat' dir='ltr'><strong>ela,</strong></span> <span class='ocrx_word' id='word_1_351' title='bbox 1581 4596 1687 4654; x_wconf 90' lang='lat' dir='ltr'><strong>testes</strong></span> <span class='ocrx_word' id='word_1_352' title='bbox 1702 4596 1775 4670; x_wconf 84' lang='lat' dir='ltr'><strong>etc.;</strong></span> <span class='ocrx_word' id='word_1_353' title='bbox 1793 4609 1855 4654; x_wconf 89' lang='lat' dir='ltr'><strong>non</strong></span> 
     </span>
     <span class='ocr_line' id='line_1_39' title="bbox 495 4691 1855 4779; baseline 0 -22"><span class='ocrx_word' id='word_1_354' title='bbox 495 4693 704 4758; x_wconf 92' lang='lat' dir='ltr'><strong>obstantibus</strong></span> <span class='ocrx_word' id='word_1_355' title='bbox 720 4693 825 4758; x_wconf 90' lang='lat' dir='ltr'><strong>felicis</strong></span> <span class='ocrx_word' id='word_1_356' title='bbox 841 4693 1001 4757; x_wconf 91' lang='lat' dir='ltr'><strong>memorie</strong></span> <span class='ocrx_word' id='word_1_357' title='bbox 1018 4691 1174 4758; x_wconf 85' lang='lat' dir='ltr'><strong>Bonifatii</strong></span> <span class='ocrx_word' id='word_1_358' title='bbox 1187 4714 1272 4779; x_wconf 88' lang='lat' dir='ltr'><strong>pape</strong></span> <span class='ocrx_word' id='word_1_359' title='bbox 1290 4692 1385 4773; x_wconf 87' lang='lat' dir='ltr'><strong>VIII,</strong></span> <span class='ocrx_word' id='word_1_360' title='bbox 1398 4692 1643 4779; x_wconf 88' lang='lat' dir='ltr'><strong>predecessoris</strong></span> <span class='ocrx_word' id='word_1_361' title='bbox 1659 4693 1778 4774; x_wconf 88' lang='lat' dir='ltr'><strong>nostri,</strong></span> <span class='ocrx_word' id='word_1_362' title='bbox 1795 4713 1855 4778; x_wconf 90' lang='lat' dir='ltr'><strong>qua</strong></span> 
     </span>
     <span class='ocr_line' id='line_1_40' title="bbox 495 4795 1856 4883; baseline -0.001 -21"><span class='ocrx_word' id='word_1_363' title='bbox 495 4806 631 4863; x_wconf 91' lang='lat' dir='ltr'><strong>cavetur</strong></span> <span class='ocrx_word' id='word_1_364' title='bbox 646 4818 688 4862; x_wconf 91' lang='lat' dir='ltr'><strong>ne</strong></span> <span class='ocrx_word' id='word_1_365' title='bbox 705 4798 777 4883; x_wconf 91' lang='lat' dir='ltr'><strong>quis</strong></span> <span class='ocrx_word' id='word_1_366' title='bbox 793 4806 886 4863; x_wconf 91' lang='lat' dir='ltr'><strong>extra</strong></span> <span class='ocrx_word' id='word_1_367' title='bbox 902 4817 995 4862; x_wconf 91' lang='lat' dir='ltr'><strong>suam</strong></span> <span class='ocrx_word' id='word_1_368' title='bbox 1018 4797 1190 4863; x_wconf 89' lang='lat' dir='ltr'><strong>civitatem</strong></span> <span class='ocrx_word' id='word_1_369' title='bbox 1206 4807 1241 4863; x_wconf 92' lang='lat' dir='ltr'><strong>et</strong></span> <span class='ocrx_word' id='word_1_370' title='bbox 1263 4797 1433 4880; x_wconf 89' lang='lat' dir='ltr'><strong>diocesim,</strong></span> <span class='ocrx_word' id='word_1_371' title='bbox 1450 4797 1512 4863; x_wconf 91' lang='lat' dir='ltr'><strong>nisi</strong></span> <span class='ocrx_word' id='word_1_372' title='bbox 1529 4797 1562 4862; x_wconf 92' lang='lat' dir='ltr'><strong>in</strong></span> <span class='ocrx_word' id='word_1_373' title='bbox 1588 4796 1689 4863; x_wconf 88' lang='lat' dir='ltr'><strong>certis</strong></span> <span class='ocrx_word' id='word_1_374' title='bbox 1710 4795 1856 4883; x_wconf 88' lang='lat' dir='ltr'><strong>exceptis</strong></span> 
     </span>
     <span class='ocr_line' id='line_1_41' title="bbox 496 4900 1854 4986; baseline -0.001 -19"><span class='ocrx_word' id='word_1_375' title='bbox 496 4901 634 4983; x_wconf 69' lang='lat' dir='ltr'><strong>casibus</strong></span> <span class='ocrx_word' id='word_1_376' title='bbox 651 4910 686 4967; x_wconf 93' lang='lat' dir='ltr'><strong>et</strong></span> <span class='ocrx_word' id='word_1_377' title='bbox 702 4901 734 4965; x_wconf 92' lang='lat' dir='ltr'><strong>in</strong></span> <span class='ocrx_word' id='word_1_378' title='bbox 751 4903 815 4968; x_wconf 93' lang='lat' dir='ltr'><strong>illis</strong></span> <span class='ocrx_word' id='word_1_379' title='bbox 830 4903 916 4967; x_wconf 91' lang='lat' dir='ltr'><strong>ultra</strong></span> <span class='ocrx_word' id='word_1_380' title='bbox 932 4921 1033 4966; x_wconf 90' lang='lat' dir='ltr'><strong>unam</strong></span> <span class='ocrx_word' id='word_1_381' title='bbox 1049 4901 1175 4966; x_wconf 88' lang='lat' dir='ltr'><strong>dietam</strong></span> <span class='ocrx_word' id='word_1_382' title='bbox 1191 4922 1210 4967; x_wconf 92' lang='lat' dir='ltr'><strong>a</strong></span> <span class='ocrx_word' id='word_1_383' title='bbox 1227 4901 1292 4966; x_wconf 89' lang='lat' dir='ltr'><strong>fine</strong></span> <span class='ocrx_word' id='word_1_384' title='bbox 1308 4922 1366 4966; x_wconf 89' lang='lat' dir='ltr'><strong>sue</strong></span> <span class='ocrx_word' id='word_1_385' title='bbox 1382 4901 1533 4983; x_wconf 86' lang='lat' dir='ltr'><strong>diocesis,</strong></span> <span class='ocrx_word' id='word_1_386' title='bbox 1550 4900 1593 4967; x_wconf 90' lang='lat' dir='ltr'><strong>ad</strong></span> <span class='ocrx_word' id='word_1_387' title='bbox 1605 4900 1770 4986; x_wconf 89' lang='lat' dir='ltr'><strong>judicium</strong></span> <span class='ocrx_word' id='word_1_388' title='bbox 1781 4922 1854 4966; x_wconf 80' lang='lat' dir='ltr'><strong>evo</strong></span> 
     </span>
     <span class='ocr_line' id='line_1_42' title="bbox 496 5004 1852 5092; baseline -0.001 -23"><span class='ocrx_word' id='word_1_389' title='bbox 496 5013 597 5087; x_wconf 90' lang='lat' dir='ltr'><strong>cetur,</strong></span> <span class='ocrx_word' id='word_1_390' title='bbox 614 5014 734 5071; x_wconf 87' lang='lat' dir='ltr'><strong>ettam</strong></span> <span class='ocrx_word' id='word_1_391' title='bbox 751 5007 793 5071; x_wconf 89' lang='lat' dir='ltr'><strong>de</strong></span> <span class='ocrx_word' id='word_1_392' title='bbox 809 5006 936 5071; x_wconf 92' lang='lat' dir='ltr'><strong>duabus</strong></span> <span class='ocrx_word' id='word_1_393' title='bbox 959 5004 1057 5071; x_wconf 88' lang='lat' dir='ltr'><strong>dietis</strong></span> <span class='ocrx_word' id='word_1_394' title='bbox 1074 5005 1106 5069; x_wconf 90' lang='lat' dir='ltr'><strong>in</strong></span> <span class='ocrx_word' id='word_1_395' title='bbox 1123 5006 1266 5072; x_wconf 90' lang='lat' dir='ltr'><strong>concilio</strong></span> <span class='ocrx_word' id='word_1_396' title='bbox 1282 5006 1436 5092; x_wconf 88' lang='lat' dir='ltr'><strong>generali,</strong></span> <span class='ocrx_word' id='word_1_397' title='bbox 1454 5026 1554 5091; x_wconf 91' lang='lat' dir='ltr'><strong>quarn</strong></span> <span class='ocrx_word' id='word_1_398' title='bbox 1569 5006 1642 5071; x_wconf 91' lang='lat' dir='ltr'><strong>aliis</strong></span> <span class='ocrx_word' id='word_1_399' title='bbox 1657 5005 1852 5089; x_wconf 91' lang='lat' dir='ltr'><strong>quibuscun-</strong></span> 
     </span>
     <span class='ocr_line' id='line_1_43' title="bbox 498 5108 1851 5196; baseline -0.001 -23"><span class='ocrx_word' id='word_1_400' title='bbox 498 5130 562 5193; x_wconf 88' lang='lat' dir='ltr'><strong>que</strong></span> <span class='ocrx_word' id='word_1_401' title='bbox 588 5109 883 5176; x_wconf 89' lang='lat' dir='ltr'><strong>constitutionibus</strong></span> <span class='ocrx_word' id='word_1_402' title='bbox 898 5129 918 5173; x_wconf 88' lang='lat' dir='ltr'><strong>a</strong></span> <span class='ocrx_word' id='word_1_403' title='bbox 934 5109 1222 5195; x_wconf 90' lang='lat' dir='ltr'><strong>predecessoribus</strong></span> <span class='ocrx_word' id='word_1_404' title='bbox 1245 5110 1366 5176; x_wconf 90' lang='lat' dir='ltr'><strong>nostris</strong></span> <span class='ocrx_word' id='word_1_405' title='bbox 1384 5110 1547 5176; x_wconf 89' lang='lat' dir='ltr'><strong>Romanis</strong></span> <span class='ocrx_word' id='word_1_406' title='bbox 1569 5108 1786 5196; x_wconf 89' lang='lat' dir='ltr'><strong>pontificibus</strong></span> <span class='ocrx_word' id='word_1_407' title='bbox 1800 5117 1851 5175; x_wconf 88' lang='lat' dir='ltr'><strong>aut</strong></span> 
     </span>
    </p>
   </div>
   <div class='ocr_carea' id='block_1_5' title="bbox 0 0 2210 6017">
    <p class='ocr_par' dir='ltr' id='par_1_5' title="bbox 0 0 2210 6017">
     <span class='ocr_line' id='line_1_44' title="bbox 0 0 2210 6017; baseline 0 2"><span class='ocrx_word' id='word_1_408' title='bbox 0 0 2210 6017; x_wconf 95' lang='lat' dir='ltr'><strong> </strong></span> 
     </span>
    </p>
   </div>
  </div>
 </body>
</html>
