<?xml version="1.0" encoding="UTF-8"?>
<!DOCTYPE html PUBLIC "-//W3C//DTD XHTML 1.0 Transitional//EN"
    "http://www.w3.org/TR/xhtml1/DTD/xhtml1-transitional.dtd">
<html xmlns="http://www.w3.org/1999/xhtml" xml:lang="en" lang="en">
 <head>
  <title>
</title>
<meta http-equiv="Content-Type" content="text/html;charset=utf-8" />
  <meta name='ocr-system' content='tesseract 3.04.00' />
  <meta name='ocr-capabilities' content='ocr_page ocr_carea ocr_par ocr_line ocrx_word'/>
</head>
<body>
  <div class='ocr_page' id='page_1' title='image "./lettresdejeanxx00xxiigoog_0556.png"; bbox 0 0 4409 6017; ppageno 0'>
   <div class='ocr_carea' id='block_1_1' title="bbox 496 691 1310 760">
    <p class='ocr_par' dir='ltr' id='par_1_1' title="bbox 496 691 1310 760">
     <span class='ocr_line' id='line_1_1' title="bbox 496 691 1310 760; baseline 0.005 -4"><span class='ocrx_word' id='word_1_1' title='bbox 496 691 559 758; x_wconf 77' lang='lat'>470</span> <span class='ocrx_word' id='word_1_2' title='bbox 1040 693 1188 760; x_wconf 74' lang='lat' dir='ltr'>lluititmo</span> <span class='ocrx_word' id='word_1_3' title='bbox 1207 693 1310 760; x_wconf 76' lang='lat' dir='ltr'>anuto.</span> 
     </span>
    </p>
   </div>
   <div class='ocr_carea' id='block_1_2' title="bbox 496 842 1856 1441">
    <p class='ocr_par' dir='ltr' id='par_1_2' title="bbox 496 842 1854 1035">
     <span class='ocr_line' id='line_1_2' title="bbox 496 842 1854 930; baseline 0.001 -25"><span class='ocrx_word' id='word_1_4' title='bbox 496 842 673 927; x_wconf 83' lang='lat' dir='ltr'>Aquensis,</span> <span class='ocrx_word' id='word_1_5' title='bbox 685 844 835 929; x_wconf 87' lang='lat' dir='ltr'>ejusdem</span> <span class='ocrx_word' id='word_1_6' title='bbox 848 844 1042 911; x_wconf 91' lang='lat' dir='ltr'>Leodiensis</span> <span class='ocrx_word' id='word_1_7' title='bbox 1053 843 1205 924; x_wconf 89' lang='lat' dir='ltr'>diocesis,</span> <span class='ocrx_word' id='word_1_8' title='bbox 1216 845 1375 926; x_wconf 89' lang='lat' dir='ltr'>ecclesiis,</span> <span class='ocrx_word' id='word_1_9' title='bbox 1386 865 1524 930; x_wconf 86' lang='lat' dir='ltr'>quarum</span> <span class='ocrx_word' id='word_1_10' title='bbox 1537 843 1651 910; x_wconf 85' lang='lat' dir='ltr'>existit</span> <span class='ocrx_word' id='word_1_11' title='bbox 1664 842 1854 919; x_wconf 88' lang='lat' dir='ltr'>canonicus,</span> 
     </span>
     <span class='ocr_line' id='line_1_3' title="bbox 496 947 1182 1035; baseline 0.006 -27"><span class='ocrx_word' id='word_1_12' title='bbox 496 947 659 1028; x_wconf 81' lang='lat' dir='ltr'>usquead</span> <span class='ocrx_word' id='word_1_13' title='bbox 674 948 856 1015; x_wconf 88' lang='lat' dir='ltr'>triennium</span> <span class='ocrx_word' id='word_1_14' title='bbox 871 947 1044 1035; x_wconf 87' lang='lat' dir='ltr'>percipere</span> <span class='ocrx_word' id='word_1_15' title='bbox 1058 948 1182 1014; x_wconf 88' lang='lat' dir='ltr'>valeat.</span> 
     </span>
    </p>

    <p class='ocr_par' dir='ltr' id='par_1_3' title="bbox 541 1046 939 1120">
     <span class='ocr_line' id='line_1_4' title="bbox 541 1046 939 1120; baseline 0.01 -8"><span class='ocrx_word' id='word_1_16' title='bbox 541 1046 743 1117; x_wconf 85' lang='lat' dir='ltr'>Litterarum</span> <span class='ocrx_word' id='word_1_17' title='bbox 759 1053 939 1120; x_wconf 87' lang='lat' dir='ltr'>scientia...</span> 
     </span>
    </p>

    <p class='ocr_par' dir='ltr' id='par_1_4' title="bbox 542 1151 1146 1240">
     <span class='ocr_line' id='line_1_5' title="bbox 542 1151 1146 1240; baseline 0.005 -22"><span class='ocrx_word' id='word_1_18' title='bbox 542 1151 620 1219; x_wconf 79' lang='lat' dir='ltr'>Dat.</span> <span class='ocrx_word' id='word_1_19' title='bbox 637 1155 736 1220; x_wconf 87' lang='lat' dir='ltr'>Avin.</span> <span class='ocrx_word' id='word_1_20' title='bbox 754 1158 772 1222; x_wconf 92' lang='lat'>8</span> <span class='ocrx_word' id='word_1_21' title='bbox 790 1155 834 1222; x_wconf 90' lang='lat' dir='ltr'>id.</span> <span class='ocrx_word' id='word_1_22' title='bbox 848 1155 991 1240; x_wconf 86' lang='lat' dir='ltr'>januarii</span> <span class='ocrx_word' id='word_1_23' title='bbox 1008 1175 1099 1222; x_wconf 89' lang='lat' dir='ltr'>anno</span> <span class='ocrx_word' id='word_1_24' title='bbox 1117 1157 1146 1221; x_wconf 91' lang='lat'>8.</span> 
     </span>
    </p>

    <p class='ocr_par' dir='ltr' id='par_1_5' title="bbox 496 1256 1856 1441">
     <span class='ocr_line' id='line_1_6' title="bbox 542 1256 1856 1346; baseline 0.001 -25"><span class='ocrx_word' id='word_1_25' title='bbox 542 1256 581 1321; x_wconf 93' lang='lat' dir='ltr'>ln</span> <span class='ocrx_word' id='word_1_26' title='bbox 597 1279 626 1322; x_wconf 88' lang='lat' dir='ltr'>e.</span> <span class='ocrx_word' id='word_1_27' title='bbox 643 1279 687 1323; x_wconf 90' lang='lat' dir='ltr'>m.</span> <span class='ocrx_word' id='word_1_28' title='bbox 703 1259 864 1344; x_wconf 85' lang='lat' dir='ltr'>magistro</span> <span class='ocrx_word' id='word_1_29' title='bbox 881 1258 990 1324; x_wconf 92' lang='lat' dir='ltr'>Bindo</span> <span class='ocrx_word' id='word_1_30' title='bbox 1005 1259 1048 1325; x_wconf 91' lang='lat' dir='ltr'>de</span> <span class='ocrx_word' id='word_1_31' title='bbox 1063 1259 1168 1339; x_wconf 86' lang='lat' dir='ltr'>Senis,</span> <span class='ocrx_word' id='word_1_32' title='bbox 1185 1260 1357 1346; x_wconf 88' lang='lat' dir='ltr'>preposito</span> <span class='ocrx_word' id='word_1_33' title='bbox 1372 1259 1593 1342; x_wconf 89' lang='lat' dir='ltr'>Coloniensis,</span> <span class='ocrx_word' id='word_1_34' title='bbox 1610 1258 1751 1325; x_wconf 87' lang='lat' dir='ltr'>notario</span> <span class='ocrx_word' id='word_1_35' title='bbox 1767 1277 1856 1343; x_wconf 86' lang='lat' dir='ltr'>pape,</span> 
     </span>
     <span class='ocr_line' id='line_1_7' title="bbox 496 1361 1809 1441; baseline -0.001 -15"><span class='ocrx_word' id='word_1_36' title='bbox 496 1370 531 1427; x_wconf 89' lang='lat' dir='ltr'>et</span> <span class='ocrx_word' id='word_1_37' title='bbox 546 1361 676 1428; x_wconf 79' lang='lat' dir='ltr'>decano</span> <span class='ocrx_word' id='word_1_38' title='bbox 691 1363 723 1430; x_wconf 87' lang='lat' dir='ltr'>S.</span> <span class='ocrx_word' id='word_1_39' title='bbox 735 1363 901 1441; x_wconf 82' lang='lat' dir='ltr'>lobannis</span> <span class='ocrx_word' id='word_1_40' title='bbox 916 1372 951 1429; x_wconf 91' lang='lat' dir='ltr'>et</span> <span class='ocrx_word' id='word_1_41' title='bbox 967 1363 1096 1429; x_wconf 86' lang='lat' dir='ltr'>cantori</span> <span class='ocrx_word' id='word_1_42' title='bbox 1113 1362 1144 1429; x_wconf 89' lang='lat' dir='ltr'>S.</span> <span class='ocrx_word' id='word_1_43' title='bbox 1162 1363 1304 1430; x_wconf 92' lang='lat' dir='ltr'>Dionisii</span> <span class='ocrx_word' id='word_1_44' title='bbox 1321 1362 1558 1430; x_wconf 85' lang='lat' dir='ltr'>Leodiensium</span> <span class='ocrx_word' id='word_1_45' title='bbox 1573 1363 1809 1429; x_wconf 88' lang='lat' dir='ltr'>ecclesiarum.</span> 
     </span>
    </p>
   </div>
   <div class='ocr_carea' id='block_1_3' title="bbox 530 1497 1148 1558">
    <p class='ocr_par' dir='ltr' id='par_1_6' title="bbox 530 1497 1148 1558">
     <span class='ocr_line' id='line_1_8' title="bbox 530 1497 1148 1558; baseline 0.005 -13"><span class='ocrx_word' id='word_1_46' title='bbox 530 1497 589 1558; x_wconf 60' lang='lat' dir='ltr'>nug</span> <span class='ocrx_word' id='word_1_47' title='bbox 602 1500 649 1547; x_wconf 79' lang='lat' dir='ltr'>nv.</span> <span class='ocrx_word' id='word_1_48' title='bbox 665 1501 703 1558; x_wconf 73' lang='lat' dir='ltr'>ro,</span> <span class='ocrx_word' id='word_1_49' title='bbox 716 1499 734 1546; x_wconf 87' lang='lat' dir='ltr'>r.</span> <span class='ocrx_word' id='word_1_50' title='bbox 747 1501 811 1551; x_wconf 70' lang='lat' dir='ltr'>nn:</span> <span class='ocrx_word' id='word_1_51' title='bbox 829 1500 887 1548; x_wconf 79' lang='lat' dir='ltr'>rat.</span> <span class='ocrx_word' id='word_1_52' title='bbox 902 1501 938 1558; x_wconf 78' lang='lat' dir='ltr'>ro,</span> <span class='ocrx_word' id='word_1_53' title='bbox 951 1500 970 1548; x_wconf 88' lang='lat' dir='ltr'>r.</span> <span class='ocrx_word' id='word_1_54' title='bbox 985 1503 1037 1557; x_wconf 81' lang='lat' dir='ltr'>roo,</span> <span class='ocrx_word' id='word_1_55' title='bbox 1055 1515 1080 1549; x_wconf 82' lang='lat' dir='ltr'>n.</span> <span class='ocrx_word' id='word_1_56' title='bbox 1092 1503 1148 1549; x_wconf 73' lang='lat' dir='ltr'>soa.</span> 
     </span>
    </p>
   </div>
   <div class='ocr_carea' id='block_1_4' title="bbox 494 1691 1859 3646">
    <p class='ocr_par' dir='ltr' id='par_1_7' title="bbox 542 1691 1820 1789">
     <span class='ocr_line' id='line_1_9' title="bbox 542 1691 1820 1789; baseline -0.007 -13"><span class='ocrx_word' id='word_1_57' title='bbox 542 1691 1820 1789; x_wconf 71' lang='lat' dir='ltr'>1269.1524,6jnnvr&#39;er.</span> 
     </span>
    </p>

    <p class='ocr_par' dir='ltr' id='par_1_8' title="bbox 494 1796 1859 3145">
     <span class='ocr_line' id='line_1_10' title="bbox 539 1796 1858 1897; baseline -0.003 -24"><span class='ocrx_word' id='word_1_58' title='bbox 539 1796 688 1875; x_wconf 88' lang='lat' dir='ltr'>Gerardo</span> <span class='ocrx_word' id='word_1_59' title='bbox 703 1809 745 1875; x_wconf 90' lang='lat' dir='ltr'>de</span> <span class='ocrx_word' id='word_1_60' title='bbox 762 1810 960 1888; x_wconf 84' lang='lat' dir='ltr'>Sconowen,</span> <span class='ocrx_word' id='word_1_61' title='bbox 976 1809 1031 1895; x_wconf 92' lang='lat' dir='ltr'>qui</span> <span class='ocrx_word' id='word_1_62' title='bbox 1060 1810 1093 1875; x_wconf 92' lang='lat' dir='ltr'>in</span> <span class='ocrx_word' id='word_1_63' title='bbox 1121 1811 1263 1878; x_wconf 87' lang='lat' dir='ltr'>ecclesia</span> <span class='ocrx_word' id='word_1_64' title='bbox 1280 1810 1457 1877; x_wconf 91' lang='lat' dir='ltr'>Leodiensi</span> <span class='ocrx_word' id='word_1_65' title='bbox 1479 1808 1687 1897; x_wconf 84' lang='lat' dir='ltr'>prebendam</span> <span class='ocrx_word' id='word_1_66' title='bbox 1704 1805 1858 1871; x_wconf 83' lang='lat' dir='ltr'>sacerdo</span> 
     </span>
     <span class='ocr_line' id='line_1_11' title="bbox 495 1911 1858 2001; baseline -0.004 -24"><span class='ocrx_word' id='word_1_67' title='bbox 495 1913 598 1977; x_wconf 86' lang='lat' dir='ltr'>talem</span> <span class='ocrx_word' id='word_1_68' title='bbox 633 1914 775 1993; x_wconf 88' lang='lat' dir='ltr'>obtinet,</span> <span class='ocrx_word' id='word_1_69' title='bbox 806 1923 993 1979; x_wconf 88' lang='lat' dir='ltr'>reservatur</span> <span class='ocrx_word' id='word_1_70' title='bbox 1022 1915 1193 2001; x_wconf 88' lang='lat' dir='ltr'>prebenda</span> <span class='ocrx_word' id='word_1_71' title='bbox 1223 1915 1336 1996; x_wconf 83' lang='lat' dir='ltr'>libem,</span> <span class='ocrx_word' id='word_1_72' title='bbox 1366 1935 1435 1980; x_wconf 92' lang='lat' dir='ltr'>non</span> <span class='ocrx_word' id='word_1_73' title='bbox 1466 1911 1694 1993; x_wconf 69' lang='lat' dir='ltr'>sacerdotalis</span> <span class='ocrx_word' id='word_1_74' title='bbox 1725 1927 1858 1975; x_wconf 87' lang='lat' dir='ltr'>necnon</span> 
     </span>
     <span class='ocr_line' id='line_1_12' title="bbox 495 2012 1859 2103; baseline -0.003 -22"><span class='ocrx_word' id='word_1_75' title='bbox 495 2015 640 2100; x_wconf 85' lang='lat' dir='ltr'>dignitas</span> <span class='ocrx_word' id='word_1_76' title='bbox 655 2020 709 2082; x_wconf 77' lang='lat' dir='ltr'>vel</span> <span class='ocrx_word' id='word_1_77' title='bbox 725 2026 921 2103; x_wconf 87' lang='lat' dir='ltr'>personatus</span> <span class='ocrx_word' id='word_1_78' title='bbox 944 2038 1003 2083; x_wconf 92' lang='lat' dir='ltr'>seu</span> <span class='ocrx_word' id='word_1_79' title='bbox 1019 2017 1169 2084; x_wconf 88' lang='lat' dir='ltr'>officium</span> <span class='ocrx_word' id='word_1_80' title='bbox 1185 2018 1220 2084; x_wconf 93' lang='lat' dir='ltr'>in</span> <span class='ocrx_word' id='word_1_81' title='bbox 1235 2019 1325 2085; x_wconf 86' lang='lat' dir='ltr'>dicta</span> <span class='ocrx_word' id='word_1_82' title='bbox 1346 2017 1486 2084; x_wconf 87' lang='lat' dir='ltr'>ecclesia</span> <span class='ocrx_word' id='word_1_83' title='bbox 1502 2014 1695 2094; x_wconf 88' lang='lat' dir='ltr'>Leodiensi,</span> <span class='ocrx_word' id='word_1_84' title='bbox 1708 2012 1859 2080; x_wconf 90' lang='lat' dir='ltr'>conside·</span> 
     </span>
     <span class='ocr_line' id='line_1_13' title="bbox 495 2116 1859 2207; baseline -0.001 -25"><span class='ocrx_word' id='word_1_85' title='bbox 495 2119 624 2185; x_wconf 88' lang='lat' dir='ltr'>ratione</span> <span class='ocrx_word' id='word_1_86' title='bbox 640 2119 817 2200; x_wconf 84' lang='lat' dir='ltr'>Jolrannis,</span> <span class='ocrx_word' id='word_1_87' title='bbox 833 2122 918 2207; x_wconf 85' lang='lat' dir='ltr'>regis</span> <span class='ocrx_word' id='word_1_88' title='bbox 934 2121 1083 2203; x_wconf 90' lang='lat' dir='ltr'>Boemie,</span> <span class='ocrx_word' id='word_1_89' title='bbox 1100 2143 1171 2188; x_wconf 93' lang='lat' dir='ltr'>non</span> <span class='ocrx_word' id='word_1_90' title='bbox 1186 2124 1344 2189; x_wconf 89' lang='lat' dir='ltr'>obstante</span> <span class='ocrx_word' id='word_1_91' title='bbox 1363 2122 1453 2206; x_wconf 90' lang='lat' dir='ltr'>quod</span> <span class='ocrx_word' id='word_1_92' title='bbox 1469 2122 1502 2187; x_wconf 92' lang='lat' dir='ltr'>in</span> <span class='ocrx_word' id='word_1_93' title='bbox 1519 2121 1551 2187; x_wconf 84' lang='lat' dir='ltr'>S.</span> <span class='ocrx_word' id='word_1_94' title='bbox 1567 2118 1708 2184; x_wconf 86' lang='lat' dir='ltr'>Servatii</span> <span class='ocrx_word' id='word_1_95' title='bbox 1725 2116 1859 2202; x_wconf 87' lang='lat' dir='ltr'>Trajec-</span> 
     </span>
     <span class='ocr_line' id='line_1_14' title="bbox 495 2222 1858 2312; baseline -0.001 -25"><span class='ocrx_word' id='word_1_96' title='bbox 495 2224 609 2305; x_wconf 88' lang='lat' dir='ltr'>tensis,</span> <span class='ocrx_word' id='word_1_97' title='bbox 627 2223 822 2291; x_wconf 89' lang='lat' dir='ltr'>Leodiensis</span> <span class='ocrx_word' id='word_1_98' title='bbox 837 2226 989 2307; x_wconf 69' lang='lat' dir='ltr'>diocesis</span> <span class='ocrx_word' id='word_1_99' title='bbox 1005 2226 1218 2310; x_wconf 83' lang='lat' dir='ltr'>decanatum,</span> <span class='ocrx_word' id='word_1_100' title='bbox 1235 2236 1271 2293; x_wconf 88' lang='lat' dir='ltr'>et</span> <span class='ocrx_word' id='word_1_101' title='bbox 1287 2227 1321 2291; x_wconf 93' lang='lat' dir='ltr'>in</span> <span class='ocrx_word' id='word_1_102' title='bbox 1340 2226 1410 2312; x_wconf 88' lang='lat' dir='ltr'>ipsa</span> <span class='ocrx_word' id='word_1_103' title='bbox 1427 2247 1467 2293; x_wconf 89' lang='lat' dir='ltr'>ac</span> <span class='ocrx_word' id='word_1_104' title='bbox 1483 2225 1613 2312; x_wconf 82' lang='lat' dir='ltr'>prefata</span> <span class='ocrx_word' id='word_1_105' title='bbox 1629 2222 1815 2288; x_wconf 89' lang='lat' dir='ltr'>Leodiensi</span> <span class='ocrx_word' id='word_1_106' title='bbox 1827 2229 1858 2286; x_wconf 91' lang='lat' dir='ltr'>et</span> 
     </span>
     <span class='ocr_line' id='line_1_15' title="bbox 496 2324 1858 2415; baseline -0.001 -25"><span class='ocrx_word' id='word_1_107' title='bbox 496 2324 526 2390; x_wconf 89' lang='lat' dir='ltr'>S.</span> <span class='ocrx_word' id='word_1_108' title='bbox 545 2324 651 2393; x_wconf 88' lang='lat' dir='ltr'>Marie</span> <span class='ocrx_word' id='word_1_109' title='bbox 668 2330 843 2414; x_wconf 66' lang='lat' dir='ltr'>Aquensis</span> <span class='ocrx_word' id='word_1_110' title='bbox 862 2328 1057 2396; x_wconf 90' lang='lat' dir='ltr'>Leodiensis</span> <span class='ocrx_word' id='word_1_111' title='bbox 1072 2329 1224 2411; x_wconf 88' lang='lat' dir='ltr'>diocesis,</span> <span class='ocrx_word' id='word_1_112' title='bbox 1238 2330 1460 2396; x_wconf 90' lang='lat' dir='ltr'>canonicatus</span> <span class='ocrx_word' id='word_1_113' title='bbox 1469 2339 1505 2396; x_wconf 93' lang='lat' dir='ltr'>et</span> <span class='ocrx_word' id='word_1_114' title='bbox 1517 2326 1706 2415; x_wconf 87' lang='lat' dir='ltr'>prebendas</span> <span class='ocrx_word' id='word_1_115' title='bbox 1715 2326 1858 2401; x_wconf 86' lang='lat' dir='ltr'>obtinet,</span> 
     </span>
     <span class='ocr_line' id='line_1_16' title="bbox 495 2429 1857 2521; baseline -0.001 -26"><span class='ocrx_word' id='word_1_116' title='bbox 495 2431 583 2496; x_wconf 87' lang='lat' dir='ltr'>acin</span> <span class='ocrx_word' id='word_1_117' title='bbox 600 2433 717 2498; x_wconf 88' lang='lat' dir='ltr'>eadem</span> <span class='ocrx_word' id='word_1_118' title='bbox 734 2433 913 2500; x_wconf 91' lang='lat' dir='ltr'>Leodiensi</span> <span class='ocrx_word' id='word_1_119' title='bbox 930 2435 1078 2504; x_wconf 87' lang='lat' dir='ltr'>ecclesiis</span> <span class='ocrx_word' id='word_1_120' title='bbox 1093 2435 1291 2521; x_wconf 86' lang='lat' dir='ltr'>dignitatem</span> <span class='ocrx_word' id='word_1_121' title='bbox 1318 2436 1371 2499; x_wconf 90' lang='lat' dir='ltr'>vel</span> <span class='ocrx_word' id='word_1_122' title='bbox 1395 2442 1611 2520; x_wconf 87' lang='lat' dir='ltr'>personatum</span> <span class='ocrx_word' id='word_1_123' title='bbox 1627 2452 1685 2496; x_wconf 92' lang='lat' dir='ltr'>seu</span> <span class='ocrx_word' id='word_1_124' title='bbox 1709 2429 1857 2497; x_wconf 90' lang='lat' dir='ltr'>officium</span> 
     </span>
     <span class='ocr_line' id='line_1_17' title="bbox 495 2532 1856 2625; baseline 0.001 -28"><span class='ocrx_word' id='word_1_125' title='bbox 495 2533 609 2617; x_wconf 80' lang='lat' dir='ltr'>rigore</span> <span class='ocrx_word' id='word_1_126' title='bbox 625 2536 809 2603; x_wconf 88' lang='lat' dir='ltr'>litterarum</span> <span class='ocrx_word' id='word_1_127' title='bbox 826 2537 1087 2624; x_wconf 88' lang='lat' dir='ltr'>apostolicarum</span> <span class='ocrx_word' id='word_1_128' title='bbox 1104 2548 1274 2625; x_wconf 88' lang='lat' dir='ltr'>expectat,</span> <span class='ocrx_word' id='word_1_129' title='bbox 1290 2560 1355 2623; x_wconf 94' lang='lat' dir='ltr'>que</span> <span class='ocrx_word' id='word_1_130' title='bbox 1370 2539 1482 2604; x_wconf 85' lang='lat' dir='ltr'>littere</span> <span class='ocrx_word' id='word_1_131' title='bbox 1498 2545 1533 2602; x_wconf 90' lang='lat' dir='ltr'>et</span> <span class='ocrx_word' id='word_1_132' title='bbox 1559 2555 1736 2622; x_wconf 91' lang='lat' dir='ltr'>processus</span> <span class='ocrx_word' id='word_1_133' title='bbox 1751 2532 1856 2599; x_wconf 90' lang='lat' dir='ltr'>habiti</span> 
     </span>
     <span class='ocr_line' id='line_1_18' title="bbox 495 2638 1857 2729; baseline 0 -28"><span class='ocrx_word' id='word_1_134' title='bbox 495 2657 554 2722; x_wconf 92' lang='lat' dir='ltr'>per</span> <span class='ocrx_word' id='word_1_135' title='bbox 569 2640 704 2706; x_wconf 87' lang='lat' dir='ltr'>easdem</span> <span class='ocrx_word' id='word_1_136' title='bbox 721 2641 831 2724; x_wconf 82' lang='lat' dir='ltr'>quoad</span> <span class='ocrx_word' id='word_1_137' title='bbox 857 2642 1055 2727; x_wconf 86' lang='lat' dir='ltr'>dignitatem</span> <span class='ocrx_word' id='word_1_138' title='bbox 1071 2645 1126 2708; x_wconf 86' lang='lat' dir='ltr'>vel</span> <span class='ocrx_word' id='word_1_139' title='bbox 1150 2651 1369 2729; x_wconf 89' lang='lat' dir='ltr'>personatum</span> <span class='ocrx_word' id='word_1_140' title='bbox 1395 2662 1454 2706; x_wconf 91' lang='lat' dir='ltr'>seu</span> <span class='ocrx_word' id='word_1_141' title='bbox 1480 2639 1633 2707; x_wconf 88' lang='lat' dir='ltr'>officium·</span> <span class='ocrx_word' id='word_1_142' title='bbox 1654 2638 1857 2723; x_wconf 85' lang='lat' dir='ltr'>hujusmodi,</span> 
     </span>
     <span class='ocr_line' id='line_1_19' title="bbox 495 2741 1857 2830; baseline 0.001 -25"><span class='ocrx_word' id='word_1_143' title='bbox 495 2741 628 2826; x_wconf 90' lang='lat' dir='ltr'>penitus</span> <span class='ocrx_word' id='word_1_144' title='bbox 657 2744 807 2830; x_wconf 88' lang='lat' dir='ltr'>expirate</span> <span class='ocrx_word' id='word_1_145' title='bbox 840 2746 1086 2826; x_wconf 92' lang='lat' dir='ltr'>decernuntur;</span> <span class='ocrx_word' id='word_1_146' title='bbox 1119 2747 1288 2813; x_wconf 89' lang='lat' dir='ltr'>tenebitur</span> <span class='ocrx_word' id='word_1_147' title='bbox 1320 2755 1433 2811; x_wconf 89' lang='lat' dir='ltr'>autem</span> <span class='ocrx_word' id='word_1_148' title='bbox 1467 2744 1638 2810; x_wconf 92' lang='lat' dir='ltr'>dimittere</span> <span class='ocrx_word' id='word_1_149' title='bbox 1667 2741 1857 2827; x_wconf 83' lang='lat' dir='ltr'>predictam</span> 
     </span>
     <span class='ocr_line' id='line_1_20' title="bbox 494 2847 1857 2936; baseline 0 -25"><span class='ocrx_word' id='word_1_150' title='bbox 494 2847 735 2914; x_wconf 87' lang='lat' dir='ltr'>sacerdotalem</span> <span class='ocrx_word' id='word_1_151' title='bbox 751 2851 958 2936; x_wconf 86' lang='lat' dir='ltr'>prebendam</span> <span class='ocrx_word' id='word_1_152' title='bbox 973 2851 1114 2917; x_wconf 89' lang='lat' dir='ltr'>ecclesie</span> <span class='ocrx_word' id='word_1_153' title='bbox 1137 2849 1340 2931; x_wconf 88' lang='lat' dir='ltr'>Leodiensis,</span> <span class='ocrx_word' id='word_1_154' title='bbox 1357 2871 1433 2916; x_wconf 92' lang='lat' dir='ltr'>curn</span> <span class='ocrx_word' id='word_1_155' title='bbox 1457 2847 1628 2936; x_wconf 75' lang='lat' dir='ltr'>prebende</span> <span class='ocrx_word' id='word_1_156' title='bbox 1654 2866 1724 2912; x_wconf 93' lang='lat' dir='ltr'>non</span> <span class='ocrx_word' id='word_1_157' title='bbox 1748 2867 1857 2914; x_wconf 87' lang='lat' dir='ltr'>sacer-</span> 
     </span>
     <span class='ocr_line' id='line_1_21' title="bbox 494 2951 1857 3040; baseline 0 -24"><span class='ocrx_word' id='word_1_158' title='bbox 494 2951 625 3034; x_wconf 88' lang='lat' dir='ltr'>dotalis,</span> <span class='ocrx_word' id='word_1_159' title='bbox 641 2963 676 3018; x_wconf 90' lang='lat' dir='ltr'>et</span> <span class='ocrx_word' id='word_1_160' title='bbox 691 2954 894 3020; x_wconf 86' lang='lat' dir='ltr'>decanatum</span> <span class='ocrx_word' id='word_1_161' title='bbox 910 2956 942 3022; x_wconf 80' lang='lat' dir='ltr'>S.</span> <span class='ocrx_word' id='word_1_162' title='bbox 954 2955 1107 3036; x_wconf 87' lang='lat' dir='ltr'>Servatii,</span> <span class='ocrx_word' id='word_1_163' title='bbox 1118 2975 1194 3022; x_wconf 91' lang='lat' dir='ltr'>cum</span> <span class='ocrx_word' id='word_1_164' title='bbox 1210 2954 1381 3040; x_wconf 87' lang='lat' dir='ltr'>dignitatis</span> <span class='ocrx_word' id='word_1_165' title='bbox 1396 2975 1454 3020; x_wconf 90' lang='lat' dir='ltr'>seu</span> <span class='ocrx_word' id='word_1_166' title='bbox 1472 2959 1667 3040; x_wconf 89' lang='lat' dir='ltr'>personatus</span> <span class='ocrx_word' id='word_1_167' title='bbox 1683 2951 1738 3016; x_wconf 84' lang='lat' dir='ltr'>vel</span> <span class='ocrx_word' id='word_1_168' title='bbox 1755 2951 1857 3018; x_wconf 89' lang='lat' dir='ltr'>officii</span> 
     </span>
     <span class='ocr_line' id='line_1_22' title="bbox 494 3056 1415 3145; baseline 0.007 -26"><span class='ocrx_word' id='word_1_169' title='bbox 494 3056 633 3123; x_wconf 88' lang='lat' dir='ltr'>ecclesie</span> <span class='ocrx_word' id='word_1_170' title='bbox 650 3057 844 3125; x_wconf 89' lang='lat' dir='ltr'>Leodiensis</span> <span class='ocrx_word' id='word_1_171' title='bbox 859 3060 1104 3145; x_wconf 90' lang='lat' dir='ltr'>possessionem</span> <span class='ocrx_word' id='word_1_172' title='bbox 1121 3068 1291 3125; x_wconf 89' lang='lat' dir='ltr'>assecutus</span> <span class='ocrx_word' id='word_1_173' title='bbox 1307 3058 1415 3125; x_wconf 84' lang='lat' dir='ltr'>fuerit.</span> 
     </span>
    </p>

    <p class='ocr_par' dir='ltr' id='par_1_9' title="bbox 539 3160 941 3229">
     <span class='ocr_line' id='line_1_23' title="bbox 539 3160 941 3229; baseline 0.007 -5"><span class='ocrx_word' id='word_1_174' title='bbox 539 3160 701 3227; x_wconf 86' lang='lat' dir='ltr'>Personas</span> <span class='ocrx_word' id='word_1_175' title='bbox 717 3163 941 3229; x_wconf 82' lang='lat' dir='ltr'>litterarum...</span> 
     </span>
    </p>

    <p class='ocr_par' dir='ltr' id='par_1_10' title="bbox 538 3264 1137 3352">
     <span class='ocr_line' id='line_1_24' title="bbox 538 3264 1137 3352; baseline 0.007 -23"><span class='ocrx_word' id='word_1_176' title='bbox 538 3264 617 3330; x_wconf 88' lang='lat' dir='ltr'>Dat.</span> <span class='ocrx_word' id='word_1_177' title='bbox 633 3266 732 3332; x_wconf 82' lang='lat' dir='ltr'>Avin.</span> <span class='ocrx_word' id='word_1_178' title='bbox 750 3269 768 3332; x_wconf 88' lang='lat'>8</span> <span class='ocrx_word' id='word_1_179' title='bbox 785 3266 828 3333; x_wconf 92' lang='lat' dir='ltr'>id.</span> <span class='ocrx_word' id='word_1_180' title='bbox 842 3267 981 3352; x_wconf 84' lang='lat' dir='ltr'>januarii</span> <span class='ocrx_word' id='word_1_181' title='bbox 999 3289 1089 3333; x_wconf 88' lang='lat' dir='ltr'>anno</span> <span class='ocrx_word' id='word_1_182' title='bbox 1106 3271 1137 3333; x_wconf 89' lang='lat'>8.</span> 
     </span>
    </p>

    <p class='ocr_par' dir='ltr' id='par_1_11' title="bbox 494 3365 1859 3646">
     <span class='ocr_line' id='line_1_25' title="bbox 539 3365 1859 3459; baseline 0 -27"><span class='ocrx_word' id='word_1_183' title='bbox 539 3365 577 3432; x_wconf 87' lang='lat' dir='ltr'>In</span> <span class='ocrx_word' id='word_1_184' title='bbox 594 3391 623 3433; x_wconf 92' lang='lat' dir='ltr'>e.</span> <span class='ocrx_word' id='word_1_185' title='bbox 639 3392 683 3435; x_wconf 92' lang='lat' dir='ltr'>m.</span> <span class='ocrx_word' id='word_1_186' title='bbox 701 3371 859 3456; x_wconf 86' lang='lat' dir='ltr'>magistro</span> <span class='ocrx_word' id='word_1_187' title='bbox 877 3371 986 3437; x_wconf 91' lang='lat' dir='ltr'>Biudo</span> <span class='ocrx_word' id='word_1_188' title='bbox 1001 3373 1044 3437; x_wconf 89' lang='lat' dir='ltr'>de</span> <span class='ocrx_word' id='word_1_189' title='bbox 1061 3373 1166 3452; x_wconf 87' lang='lat' dir='ltr'>Senis,</span> <span class='ocrx_word' id='word_1_190' title='bbox 1183 3371 1355 3459; x_wconf 91' lang='lat' dir='ltr'>preposito</span> <span class='ocrx_word' id='word_1_191' title='bbox 1372 3368 1592 3449; x_wconf 89' lang='lat' dir='ltr'>Coloniensis,</span> <span class='ocrx_word' id='word_1_192' title='bbox 1607 3368 1741 3433; x_wconf 86' lang='lat' dir='ltr'>notario</span> <span class='ocrx_word' id='word_1_193' title='bbox 1757 3389 1859 3455; x_wconf 89' lang='lat' dir='ltr'>pape,</span> 
     </span>
     <span class='ocr_line' id='line_1_26' title="bbox 494 3472 1859 3560; baseline 0.001 -23"><span class='ocrx_word' id='word_1_194' title='bbox 494 3480 529 3537; x_wconf 90' lang='lat' dir='ltr'>et</span> <span class='ocrx_word' id='word_1_195' title='bbox 545 3472 575 3537; x_wconf 84' lang='lat' dir='ltr'>S.</span> <span class='ocrx_word' id='word_1_196' title='bbox 594 3472 701 3539; x_wconf 85' lang='lat' dir='ltr'>Marie</span> <span class='ocrx_word' id='word_1_197' title='bbox 727 3475 770 3540; x_wconf 93' lang='lat' dir='ltr'>de</span> <span class='ocrx_word' id='word_1_198' title='bbox 785 3475 983 3560; x_wconf 84' lang='lat' dir='ltr'>Aquisgrani</span> <span class='ocrx_word' id='word_1_199' title='bbox 999 3497 1038 3542; x_wconf 87' lang='lat' dir='ltr'>ac</span> <span class='ocrx_word' id='word_1_200' title='bbox 1055 3475 1092 3542; x_wconf 91' lang='lat' dir='ltr'>B.</span> <span class='ocrx_word' id='word_1_201' title='bbox 1116 3475 1223 3540; x_wconf 86' lang='lat' dir='ltr'>Marie</span> <span class='ocrx_word' id='word_1_202' title='bbox 1238 3474 1473 3560; x_wconf 89' lang='lat' dir='ltr'>Trajectensis,</span> <span class='ocrx_word' id='word_1_203' title='bbox 1490 3472 1685 3537; x_wconf 89' lang='lat' dir='ltr'>Leodiensis</span> <span class='ocrx_word' id='word_1_204' title='bbox 1700 3472 1859 3553; x_wconf 88' lang='lat' dir='ltr'>diocesis,</span> 
     </span>
     <span class='ocr_line' id='line_1_27' title="bbox 494 3575 874 3646; baseline 0.011 -5"><span class='ocrx_word' id='word_1_205' title='bbox 494 3575 630 3643; x_wconf 83' lang='lat' dir='ltr'>decanis</span> <span class='ocrx_word' id='word_1_206' title='bbox 646 3579 874 3646; x_wconf 89' lang='lat' dir='ltr'>ecclesiarum.</span> 
     </span>
    </p>
   </div>
   <div class='ocr_carea' id='block_1_5' title="bbox 527 3719 1172 3781">
    <p class='ocr_par' dir='ltr' id='par_1_12' title="bbox 527 3719 1172 3781">
     <span class='ocr_line' id='line_1_28' title="bbox 527 3719 1172 3781; baseline 0.005 -14"><span class='ocrx_word' id='word_1_207' title='bbox 527 3719 587 3780; x_wconf 67' lang='lat' dir='ltr'>Reg.</span> <span class='ocrx_word' id='word_1_208' title='bbox 601 3722 648 3768; x_wconf 73' lang='lat' dir='ltr'>Ar.</span> <span class='ocrx_word' id='word_1_209' title='bbox 661 3723 699 3780; x_wconf 73' lang='lat'>20,</span> <span class='ocrx_word' id='word_1_210' title='bbox 712 3722 730 3770; x_wconf 83' lang='lat' dir='ltr'>l.</span> <span class='ocrx_word' id='word_1_211' title='bbox 746 3723 805 3768; x_wconf 67' lang='lat' dir='ltr'>340v</span> <span class='ocrx_word' id='word_1_212' title='bbox 821 3737 826 3778; x_wconf 87' lang='grc'>;</span> <span class='ocrx_word' id='word_1_213' title='bbox 841 3721 898 3770; x_wconf 78' lang='lat' dir='ltr'>Vnt,</span> <span class='ocrx_word' id='word_1_214' title='bbox 912 3724 949 3781; x_wconf 68' lang='lat' dir='ltr'>tn,</span> <span class='ocrx_word' id='word_1_215' title='bbox 963 3721 980 3771; x_wconf 81' lang='lat' dir='ltr'>f.</span> <span class='ocrx_word' id='word_1_216' title='bbox 998 3723 1064 3779; x_wconf 76' lang='lat' dir='ltr'>liltlv,</span> <span class='ocrx_word' id='word_1_217' title='bbox 1076 3735 1101 3769; x_wconf 94' lang='lat' dir='ltr'>n.</span> <span class='ocrx_word' id='word_1_218' title='bbox 1117 3723 1172 3770; x_wconf 75' lang='lat'>567.</span> 
     </span>
    </p>
   </div>
   <div class='ocr_carea' id='block_1_6' title="bbox 494 3909 1859 4634">
    <p class='ocr_par' dir='ltr' id='par_1_13' title="bbox 541 3909 1816 4007">
     <span class='ocr_line' id='line_1_29' title="bbox 541 3909 1816 4007; baseline 0.003 -19"><span class='ocrx_word' id='word_1_219' title='bbox 541 3909 680 3990; x_wconf 84' lang='lat'>1270.</span> <span class='ocrx_word' id='word_1_220' title='bbox 1523 3942 1617 4007; x_wconf 70' lang='lat'>1324,</span> <span class='ocrx_word' id='word_1_221' title='bbox 1633 3921 1655 3987; x_wconf 84' lang='lat'><em>6</em></span> <span class='ocrx_word' id='word_1_222' title='bbox 1665 3921 1816 4005; x_wconf 75' lang='lat' dir='ltr'>Jirnzuer.</span> 
     </span>
    </p>

    <p class='ocr_par' dir='ltr' id='par_1_14' title="bbox 494 4025 1859 4404">
     <span class='ocr_line' id='line_1_30' title="bbox 539 4025 1859 4113; baseline 0.002 -23"><span class='ocrx_word' id='word_1_223' title='bbox 539 4025 706 4107; x_wconf 83' lang='lat' dir='ltr'>blathildi,</span> <span class='ocrx_word' id='word_1_224' title='bbox 731 4028 900 4095; x_wconf 91' lang='lat' dir='ltr'>comitisse</span> <span class='ocrx_word' id='word_1_225' title='bbox 927 4028 1153 4108; x_wconf 76' lang='lat' dir='ltr'>Atrebatensi,</span> <span class='ocrx_word' id='word_1_226' title='bbox 1177 4028 1366 4113; x_wconf 87' lang='lat' dir='ltr'>indulgetur</span> <span class='ocrx_word' id='word_1_227' title='bbox 1382 4040 1417 4093; x_wconf 93' lang='lat' dir='ltr'>ut</span> <span class='ocrx_word' id='word_1_228' title='bbox 1434 4027 1675 4094; x_wconf 87' lang='lat' dir='ltr'>monasterium</span> <span class='ocrx_word' id='word_1_229' title='bbox 1703 4047 1859 4094; x_wconf 90' lang='lat' dir='ltr'>sororum</span> 
     </span>
     <span class='ocr_line' id='line_1_31' title="bbox 494 4128 1859 4214; baseline 0.001 -18"><span class='ocrx_word' id='word_1_230' title='bbox 494 4131 694 4197; x_wconf 87' lang='lat' dir='ltr'>inclusarum</span> <span class='ocrx_word' id='word_1_231' title='bbox 710 4131 834 4198; x_wconf 92' lang='lat' dir='ltr'>ordinis</span> <span class='ocrx_word' id='word_1_232' title='bbox 850 4132 881 4198; x_wconf 85' lang='lat' dir='ltr'>S.</span> <span class='ocrx_word' id='word_1_233' title='bbox 899 4131 1006 4214; x_wconf 87' lang='lat' dir='ltr'>Clare,</span> <span class='ocrx_word' id='word_1_234' title='bbox 1023 4133 1056 4196; x_wconf 94' lang='lat' dir='ltr'>in</span> <span class='ocrx_word' id='word_1_235' title='bbox 1073 4132 1155 4197; x_wconf 89' lang='lat' dir='ltr'>villa</span> <span class='ocrx_word' id='word_1_236' title='bbox 1171 4132 1213 4198; x_wconf 90' lang='lat' dir='ltr'>de</span> <span class='ocrx_word' id='word_1_237' title='bbox 1225 4132 1470 4211; x_wconf 84' lang='lat' dir='ltr'>S.Aud0mar0,</span> <span class='ocrx_word' id='word_1_238' title='bbox 1485 4128 1689 4196; x_wconf 89' lang='lat' dir='ltr'>Morinensis</span> <span class='ocrx_word' id='word_1_239' title='bbox 1701 4130 1859 4210; x_wconf 89' lang='lat' dir='ltr'>diocesis,</span> 
     </span>
     <span class='ocr_line' id='line_1_32' title="bbox 494 4235 1857 4322; baseline 0 -21"><span class='ocrx_word' id='word_1_240' title='bbox 494 4257 513 4301; x_wconf 91' lang='lat' dir='ltr'>a</span> <span class='ocrx_word' id='word_1_241' title='bbox 529 4236 696 4319; x_wconf 89' lang='lat' dir='ltr'>quondam</span> <span class='ocrx_word' id='word_1_242' title='bbox 713 4236 814 4321; x_wconf 92' lang='lat' dir='ltr'>ipsius</span> <span class='ocrx_word' id='word_1_243' title='bbox 829 4237 980 4321; x_wconf 84' lang='lat' dir='ltr'>genitore</span> <span class='ocrx_word' id='word_1_244' title='bbox 998 4236 1184 4318; x_wconf 83' lang='lat' dir='ltr'>fundatum,</span> <span class='ocrx_word' id='word_1_245' title='bbox 1201 4235 1333 4321; x_wconf 90' lang='lat' dir='ltr'>quoties</span> <span class='ocrx_word' id='word_1_246' title='bbox 1349 4235 1411 4322; x_wconf 91' lang='lat' dir='ltr'>ipsi</span> <span class='ocrx_word' id='word_1_247' title='bbox 1427 4235 1600 4321; x_wconf 87' lang='lat' dir='ltr'>placuerit,</span> <span class='ocrx_word' id='word_1_248' title='bbox 1612 4235 1716 4300; x_wconf 90' lang='lat' dir='ltr'>libere</span> <span class='ocrx_word' id='word_1_249' title='bbox 1727 4235 1857 4319; x_wconf 82' lang='lat' dir='ltr'>ingredi</span> 
     </span>
     <span class='ocr_line' id='line_1_33' title="bbox 494 4341 615 4404; baseline 0.017 -2"><span class='ocrx_word' id='word_1_250' title='bbox 494 4341 615 4404; x_wconf 74' lang='lat' dir='ltr'>valeat.</span> 
     </span>
    </p>

    <p class='ocr_par' dir='ltr' id='par_1_15' title="bbox 539 4445 853 4510">
     <span class='ocr_line' id='line_1_34' title="bbox 539 4445 853 4510; baseline 0.006 -2"><span class='ocrx_word' id='word_1_251' title='bbox 539 4445 739 4510; x_wconf 79' lang='lat' dir='ltr'>Derotionis</span> <span class='ocrx_word' id='word_1_252' title='bbox 755 4454 853 4510; x_wconf 89' lang='lat' dir='ltr'>tue...</span> 
     </span>
    </p>

    <p class='ocr_par' dir='ltr' id='par_1_16' title="bbox 538 4548 1141 4634">
     <span class='ocr_line' id='line_1_35' title="bbox 538 4548 1141 4634; baseline 0.008 -23"><span class='ocrx_word' id='word_1_253' title='bbox 538 4549 615 4613; x_wconf 87' lang='lat' dir='ltr'>Dat.</span> <span class='ocrx_word' id='word_1_254' title='bbox 631 4548 731 4612; x_wconf 82' lang='lat' dir='ltr'>Avin.</span> <span class='ocrx_word' id='word_1_255' title='bbox 750 4551 768 4612; x_wconf 85' lang='grc'>8</span> <span class='ocrx_word' id='word_1_256' title='bbox 786 4549 829 4614; x_wconf 87' lang='lat' dir='ltr'>id.</span> <span class='ocrx_word' id='word_1_257' title='bbox 842 4549 984 4634; x_wconf 87' lang='lat' dir='ltr'>januarii</span> <span class='ocrx_word' id='word_1_258' title='bbox 1001 4571 1093 4616; x_wconf 90' lang='lat' dir='ltr'>anno</span> <span class='ocrx_word' id='word_1_259' title='bbox 1112 4554 1141 4616; x_wconf 87' lang='lat'>8.</span> 
     </span>
    </p>
   </div>
   <div class='ocr_carea' id='block_1_7' title="bbox 527 4687 1170 4748">
    <p class='ocr_par' dir='ltr' id='par_1_17' title="bbox 527 4687 1170 4748">
     <span class='ocr_line' id='line_1_36' title="bbox 527 4687 1170 4748; baseline 0.005 -13"><span class='ocrx_word' id='word_1_260' title='bbox 527 4688 587 4745; x_wconf 66' lang='lat' dir='ltr'>lieu.</span> <span class='ocrx_word' id='word_1_261' title='bbox 600 4690 646 4736; x_wconf 68' lang='lat' dir='ltr'>riv.</span> <span class='ocrx_word' id='word_1_262' title='bbox 659 4691 696 4744; x_wconf 76' lang='lat'>20,</span> <span class='ocrx_word' id='word_1_263' title='bbox 711 4688 728 4734; x_wconf 83' lang='lat' dir='ltr'>i.</span> <span class='ocrx_word' id='word_1_264' title='bbox 744 4689 822 4744; x_wconf 76' lang='lat' dir='ltr'>330v;</span> <span class='ocrx_word' id='word_1_265' title='bbox 838 4687 894 4737; x_wconf 78' lang='lat' dir='ltr'>vat..</span> <span class='ocrx_word' id='word_1_266' title='bbox 911 4691 952 4746; x_wconf 68' lang='lat' dir='ltr'>tri,</span> <span class='ocrx_word' id='word_1_267' title='bbox 965 4689 982 4738; x_wconf 85' lang='lat' dir='ltr'>l.</span> <span class='ocrx_word' id='word_1_268' title='bbox 995 4692 1063 4748; x_wconf 74' lang='lat' dir='ltr'>211v,</span> <span class='ocrx_word' id='word_1_269' title='bbox 1077 4705 1101 4739; x_wconf 89' lang='lat' dir='ltr'>n.</span> <span class='ocrx_word' id='word_1_270' title='bbox 1116 4692 1170 4738; x_wconf 74' lang='lat'>632.</span> 
     </span>
    </p>
   </div>
   <div class='ocr_carea' id='block_1_8' title="bbox 494 4870 1857 5187">
    <p class='ocr_par' dir='ltr' id='par_1_18' title="bbox 494 4870 1857 5187">
     <span class='ocr_line' id='line_1_37' title="bbox 541 4870 1813 4969; baseline 0.006 -22"><span class='ocrx_word' id='word_1_271' title='bbox 541 4870 669 4950; x_wconf 82' lang='lat'>1271.</span> <span class='ocrx_word' id='word_1_272' title='bbox 1521 4905 1616 4969; x_wconf 64' lang='lat'>1324,</span> <span class='ocrx_word' id='word_1_273' title='bbox 1633 4885 1653 4950; x_wconf 83' lang='lat'><em>6</em></span> <span class='ocrx_word' id='word_1_274' title='bbox 1664 4885 1813 4967; x_wconf 79' lang='lat' dir='ltr'>janvier.</span> 
     </span>
     <span class='ocr_line' id='line_1_38' title="bbox 535 4986 1857 5077; baseline 0.005 -24"><span class='ocrx_word' id='word_1_275' title='bbox 535 4986 553 5065; x_wconf 93' lang='lat' dir='ltr'>J</span> <span class='ocrx_word' id='word_1_276' title='bbox 558 4988 682 5053; x_wconf 85' lang='lat' dir='ltr'>ohanni</span> <span class='ocrx_word' id='word_1_277' title='bbox 699 4989 741 5055; x_wconf 90' lang='lat' dir='ltr'>de</span> <span class='ocrx_word' id='word_1_278' title='bbox 757 4990 911 5072; x_wconf 86' lang='lat' dir='ltr'>Ottegeis</span> <span class='ocrx_word' id='word_1_279' title='bbox 927 4989 1097 5054; x_wconf 83' lang='lat' dir='ltr'>confertur</span> <span class='ocrx_word' id='word_1_280' title='bbox 1113 4989 1329 5055; x_wconf 85' lang='lat' dir='ltr'>canonicatus</span> <span class='ocrx_word' id='word_1_281' title='bbox 1352 4991 1494 5056; x_wconf 91' lang='lat' dir='ltr'>ecclesie</span> <span class='ocrx_word' id='word_1_282' title='bbox 1511 4990 1542 5055; x_wconf 83' lang='lat' dir='ltr'>S.</span> <span class='ocrx_word' id='word_1_283' title='bbox 1559 4990 1701 5054; x_wconf 88' lang='lat' dir='ltr'>Servatii</span> <span class='ocrx_word' id='word_1_284' title='bbox 1720 4989 1857 5077; x_wconf 86' lang='lat' dir='ltr'>Trajec-</span> 
     </span>
     <span class='ocr_line' id='line_1_39' title="bbox 494 5091 1857 5187; baseline 0.001 -31"><span class='ocrx_word' id='word_1_285' title='bbox 494 5093 608 5174; x_wconf 87' lang='lat' dir='ltr'>tensis,</span> <span class='ocrx_word' id='word_1_286' title='bbox 626 5092 820 5163; x_wconf 92' lang='lat' dir='ltr'>Leodiensis</span> <span class='ocrx_word' id='word_1_287' title='bbox 836 5091 986 5174; x_wconf 89' lang='lat' dir='ltr'>diocesis,</span> <span class='ocrx_word' id='word_1_288' title='bbox 1002 5095 1062 5157; x_wconf 94' lang='lat' dir='ltr'>sub</span> <span class='ocrx_word' id='word_1_289' title='bbox 1078 5092 1313 5187; x_wconf 85' lang='lat' dir='ltr'>expectatione</span> <span class='ocrx_word' id='word_1_290' title='bbox 1330 5094 1508 5187; x_wconf 88' lang='lat' dir='ltr'>prebende,</span> <span class='ocrx_word' id='word_1_291' title='bbox 1532 5113 1609 5164; x_wconf 88' lang='lat' dir='ltr'>cum</span> <span class='ocrx_word' id='word_1_292' title='bbox 1635 5094 1857 5165; x_wconf 85' lang='lat' dir='ltr'>revocatione</span> 
     </span>
    </p>
   </div>
   <div class='ocr_carea' id='block_1_9' title="bbox 0 0 2210 6017">
    <p class='ocr_par' dir='ltr' id='par_1_19' title="bbox 0 0 2210 6017">
     <span class='ocr_line' id='line_1_40' title="bbox 0 0 2210 6017; baseline 0 0"><span class='ocrx_word' id='word_1_293' title='bbox 0 0 2210 6017; x_wconf 95' lang='lat' dir='ltr'> </span> 
     </span>
    </p>
   </div>
  </div>
 </body>
</html>
