4409 6017
445 725 493 786 ns
973 708 1122 773 Huitibme
1142 710 1244 771 annae.

485 859 621 945 1384.
1494 892 1589 956 1324,
1605 892 1652 957 29
1670 878 1763 940 aottt.

480 975 586 1050 Petro,
614 974 644 1038 S.
670 972 831 1058 Stephani
866 974 909 1039 de
943 973 1159 1039 Celiomonte
1183 974 1369 1059 presbitero
1403 974 1574 1055 cardinali,
1600 976 1801 1043 conceditur

432 1077 571 1144 tinnitus
595 1074 777 1161 recipiendi
804 1077 1045 1160 resignationes
1062 1076 1232 1143 faciendas
1247 1077 1389 1159 aPetro,
1401 1078 1432 1143 S.
1443 1078 1599 1144 Suzanne
1611 1080 1801 1165 presbitero

429 1177 598 1258 cardinali,
614 1178 656 1244 dc
673 1179 771 1243 mrali
787 1181 929 1246 ecclesia
945 1182 976 1245 S.
993 1180 1012 1258 J
1017 1181 1161 1247 ohannis
1176 1181 1218 1246 de
1242 1180 1396 1263 Bassoro,
1412 1182 1484 1247 sine
1509 1202 1601 1265 cura,
1619 1190 1658 1249 et
1674 1203 1698 1249 a
1714 1182 1800 1250 Guil-

430 1284 531 1350 lelmo
546 1281 589 1348 dc
605 1284 803 1367 Arrablay0,
819 1285 985 1350 canonico
1000 1284 1279 1365 Autisiodorensi,
1294 1284 1375 1350 dicti
1391 1285 1568 1351 cardinalis
1592 1285 1626 1352 S.
1649 1286 1800 1353 Suzanne

428 1406 597 1471 gennano,
613 1386 655 1452 ‹le
671 1387 868 1473 parrochiali
895 1387 1036 1453 ecclesia
1061 1388 1092 1454 S.
1110 1387 1243 1454 Nicolai
1269 1389 1311 1454 de
1336 1387 1434 1470 Lora,
1459 1388 1750 1458 Carcassonensis
1770 1400 1800 1457 et

432 1490 713 1575 Rothomagensis
739 1492 922 1573 diocesum,
949 1492 1115 1578 dictisque
1139 1492 1297 1558 cardinali
1325 1492 1501 1558 ecclesiam
1531 1493 1563 1559 S.
1598 1493 1742 1563 Nicolai
1770 1506 1801 1562 et

428 1594 612 1660 (inillclmo
627 1595 803 1662 ecclesiam
820 1597 851 1661 S.
867 1595 1033 1673 Johannis
1049 1597 1215 1683 predictas
1231 1595 1434 1676 conferendi,
1444 1616 1513 1661 non
1530 1599 1699 1664 obstante
1716 1600 1800 1685 quod

428 1696 627 1763 (luillelmus
643 1699 812 1784 predictus
828 1699 862 1764 in
877 1700 1143 1766 Autisiodorensi
1159 1708 1194 1765 et
1211 1698 1396 1765 Morinensi
1417 1719 1457 1765 ac
1481 1700 1515 1764 in
1538 1699 1570 1767 S.
1595 1700 1743 1768 Martini
1763 1704 1799 1769 de

429 1802 611 1887 Campellis
625 1803 660 1867 in
677 1802 752 1868 Bria
775 1811 810 1868 et
834 1803 866 1869 S.
887 1804 1032 1887 Quiriaci
1057 1804 1100 1869 de
1128 1803 1283 1883 Provino,
1312 1803 1503 1869 Parisiensis
1528 1813 1564 1869 et
1594 1805 1799 1873 Senonensis

427 1904 609 1986 diocesum,
622 1907 841 1972 canonicatus
856 1914 891 1972 et
906 1908 1094 1993 prebendas
1118 1907 1250 1972 obtinet
1276 1907 1364 1972 acin
1381 1906 1507 1971 eisdem
1524 1908 1798 1976 Autisiodorensi

428 2017 463 2073 et
480 2007 665 2074 Morinensi
682 2010 832 2076 ecclesiis
846 2010 1046 2094 dignitatem
1062 2031 1120 2077 seu
1136 2019 1352 2096 personatum
1368 2012 1422 2075 vel
1437 2009 1588 2077 officium
1604 2024 1779 2100 expectat.

472 2110 558 2176 Cum
574 2112 755 2179 dilectus...

475 2214 554 2281 Dat.
570 2216 670 2281 Avin.
687 2241 706 2301 4
722 2216 788 2283 kal.
805 2219 1004 2303 septembris
1019 2239 1109 2284 anno
1125 2220 1154 2283 8.

461 2353 521 2412 aa.
538 2355 584 2401 av,
597 2356 636 2412 21,
652 2355 670 2403 1,
690 2355 753 2411 rna
769 2354 825 2402 vat.
840 2357 877 2413 rr,
890 2355 908 2402 1.
922 2357 978 2414 aar,
993 2370 1017 2403 n.
1036 2356 1106 2402 rosa.

474 2534 617 2620 1385-
1487 2567 1583 2632 1324,
1596 2556 1757 2631 31aodt.

472 2652 644 2718 Bemardo
659 2652 701 2717 de
718 2652 913 2734 Castaneto,
929 2653 1078 2719 familiari
1099 2652 1285 2732 Bertrandi,
1301 2653 1332 2717 S.
1347 2651 1454 2717 Marie
1466 2651 1499 2716 in
1510 2652 1644 2736 Aquiro
1659 2653 1793 2720 diaconi

427 2756 613 2837 cardinalis,
630 2756 799 2822 confertur
815 2758 1030 2844 panocbialis
1056 2757 1198 2824 ecclesia
1219 2756 1261 2821 de
1285 2756 1440 2837 Anhano,
1457 2755 1489 2819 S.
1506 2755 1621 2820 Pontii
1644 2754 1795 2823 Thome·

426 2860 548 2925 riarum
575 2859 728 2941 diocesis,
744 2882 866 2928 vacans
891 2883 949 2948 per
972 2860 1233 2945 resignationem
1249 2882 1268 2925 a
1283 2859 1376 2925 dicto
1391 2858 1550 2924 cardinali
1566 2858 1713 2943 factam,
1729 2882 1794 2927 non

426 2966 585 3029 obstante
613 2964 702 3047 quod
729 2963 839 3030 dictus
864 2965 1051 3030 Bernardus
1075 2966 1180 3029 altare
1205 2962 1376 3047 imperiale
1400 2961 1433 3025 in
1451 2960 1595 3026 ecclesia
1612 2960 1793 3029 Leodiensi

427 3067 568 3132 obtinet.

470 3171 579 3254 Digne
594 3191 732 3253 agere...

470 3276 546 3340 Dat.
564 3276 664 3340 Avin.
682 3297 698 3339 2
716 3275 782 3341 kal.
798 3277 998 3363 septembris
1013 3297 1103 3342 anno
1120 3279 1149 3342 8.

471 3378 509 3443 ln
523 3401 551 3443 e.
565 3400 609 3444 m.
626 3381 797 3465 preposito
813 3381 1051 3446 Arinionensis
1067 3389 1101 3445 et
1120 3379 1384 3464 Engolismensis
1410 3400 1449 3443 ac
1477 3378 1661 3463 Burgensis
1688 3384 1791 3449 eccle·

424 3484 546 3548 siarum
563 3483 708 3549 decanis.

458 3623 518 3682 lleg.
534 3625 581 3671 Ar.
597 3626 634 3679 21,
648 3625 666 3673 f.
682 3626 747 3678 297;
764 3624 822 3672 Vnt.
834 3626 871 3681 Π,
885 3624 903 3671 f.
916 3626 971 3681 233,
986 3637 1010 3671 n.
1028 3624 1097 3670 ltili.

471 3817 615 3901 1386.
1406 3854 1500 3918 1324,
1519 3856 1536 3898 1
1553 3842 1749 3922 septembre.

466 3937 615 4015 Jolranni
640 3938 681 4003 de
710 3938 807 4021 Roye
832 3938 1002 4003 confertur
1026 3937 1242 4003 canonicatus
1269 3939 1409 4003 ecclesie
1438 3939 1634 4020 Insulensis,
1662 3944 1788 4011 Toma-

423 4041 531 4109 censis
547 4040 700 4122 diocesis,
717 4045 777 4108 sub
793 4042 1030 4128 expectatione
1045 4041 1225 4127 prebende,
1242 4063 1311 4107 non
1322 4045 1480 4108 obstante
1492 4045 1585 4128 quod
1597 4046 1631 4111 in
1644 4050 1785 4116 ecclesia

422 4145 643 4212 Noviomensi
661 4147 898 4211 canonicatum
914 4154 948 4211 et
964 4144 1169 4232 prebendam
1185 4146 1325 4210 obtinet.
1356 4191 1363 4204 .

464 4250 662 4336 Apostolice
679 4250 814 4316 Sedis...

466 4355 543 4419 Dat.
560 4354 660 4420 Avin.
676 4353 829 4419 kalendis
844 4354 1041 4440 septembris
1057 4375 1147 4419 anno
1164 4356 1193 4419 8.

466 4459 505 4524 ln
522 4481 550 4523 e.
568 4479 612 4524 nr.
628 4457 757 4524 decano
773 4457 1032 4542 Montisregalis,
1050 4459 1324 4523 Carcassonensis
1339 4460 1491 4540 diocesis
1508 4470 1544 4527 et
1560 4467 1738 4551 preposito
1748 4485 1783 4530 ac

423 4562 550 4631 cantori
565 4562 796 4627 attrebatensis
812 4563 1041 4628 ecclesiarum.

457 4700 575 4758 1111111.
589 4700 627 4755 21,
641 4697 658 4746 1.
674 4700 720 4744 2111
734 4714 739 4745 :
753 4698 811 4745 l'at.
826 4698 961 4755 77,1.267,
975 4712 1001 4745 n.
1019 4701 1087 4746 1711.

468 4886 523 4970 13
529 4885 606 4965 87.
1398 4922 1492 4985 1334,
1511 4923 1528 4965 1
1545 4910 1741 4991 septembre.

465 5002 628 5085 Magistro
654 5000 783 5078 Jacobo
809 4999 851 5064 de
878 5000 972 5064 Actis
998 5001 1040 5066 de
1069 5000 1214 5083 Mutina,
1239 5006 1414 5089 capellano
1438 5026 1537 5091 pape,
1562 5011 1781 5079 conferuntur

419 5106 633 5180 canonicatus
660 5112 695 5168 et
721 5101 891 5189 prebenda
915 5123 955 5167 ac
978 5105 1149 5173 scolastria
1173 5108 1312 5176 ecclesie
1336 5108 1513 5190 Tullensis,
1529 5130 1590 5200 per
1607 5134 1781 5186 consecra-
