4409 6017
891 727 1038 794 Premiere
1058 729 1161 793 eunte.

394 873 464 940 Tue
479 877 642 942 merita...

395 977 471 1044 Dat.
487 980 589 1045 Avin.
609 1000 647 1045 10
662 980 728 1046 kal.
741 979 824 1065 junii
840 999 931 1045 anno
950 999 977 1044 1.

395 1080 433 1145 ln
450 1104 479 1148 e.
495 1104 542 1149 m.
559 1083 671 1149 abbati
698 1083 853 1150 secularis
875 1082 1042 1170 Eykensis
1063 1090 1098 1149 et
1121 1082 1250 1150 decano
1275 1082 1306 1148 8.
1328 1081 1485 1148 Germani
1513 1079 1713 1162 Montensis,

360 1182 603 1254 Cameracensis
627 1194 661 1253 et
678 1186 871 1253 Leodiensis
886 1186 1067 1268 diocesum,
1090 1207 1131 1253 ac
1152 1186 1329 1253 Frederico
1345 1185 1388 1252 de
1404 1185 1532 1267 Panna,
1548 1185 1714 1251 canonico

360 1288 637 1357 Autisiodorensis
660 1291 885 1357 ecclesiarum.

386 1441 444 1505 Reg.
460 1445 510 1493 Av.
521 1447 545 1500 7,
558 1444 576 1493 f.
589 1445 620 1493 83
633 1460 639 1503 ;
652 1444 712 1496 Vua.
727 1446 766 1505 66,
778 1446 798 1496 f.
813 1447 869 1505 214,
881 1459 906 1494 n.
919 1445 991 1494 3805.

394 1649 503 1733 371.
962 1693 964 1698 ¹
1419 1683 1513 1749 1317,
1530 1685 1570 1729 22
1581 1662 1669 1746 juin.

394 1766 569 1835 Willelmo
593 1768 636 1835 de
660 1768 816 1854 Trajecto
840 1788 938 1854 supra
963 1765 1098 1834 Mosam
1123 1767 1291 1833 confertur
1315 1767 1531 1834 canonicatus
1557 1766 1714 1834 secularis

356 1872 492 1937 ecclesie
503 1873 534 1938 S.
543 1871 700 1938 Rumoldi
713 1871 974 1953 Machliniensis,
982 1869 1236 1937 Cameracensis
1247 1870 1397 1956 diocesis,
1405 1873 1466 1938 sub
1478 1871 1714 1957 expectatione

355 1976 533 2060 prebende,
556 1997 624 2043 non
648 1979 804 2043 obstante
825 1975 916 2061 quod
939 1975 971 2040 in
994 1973 1033 2041 B.
1056 1972 1164 2040 Marie
1185 1974 1407 2060 Trajectensis
1427 1983 1463 2062 et
1487 1975 1518 2041 S.
1541 1974 1714 2060 Gangerici

355 2079 649 2162 l'alenchenensis,
660 2078 910 2146 Cameracensis
925 2078 1077 2160 diocesis,
1089 2078 1236 2145 ecclesiis
1251 2079 1468 2146 canonicatus
1484 2086 1518 2144 et
1530 2078 1716 2164 prebendas

352 2184 496 2250 obtinet.

395 2287 595 2373 Apostolice
611 2286 882 2353 munificentie...

397 2392 478 2456 Dat.
494 2391 595 2456 Avin.
616 2410 654 2456 10
669 2389 735 2456 kal.
748 2390 821 2476 julii
837 2410 927 2455 anno
946 2410 973 2455 1.

397 2494 440 2560 In
455 2516 485 2559 e.
502 2515 546 2560 m.
563 2494 734 2580 preposito
754 2492 966 2578 Senogiensis
981 2500 1016 2557 et
1031 2492 1161 2559 decano
1174 2492 1204 2558 8.
1217 2490 1376 2558 Germani
1387 2490 1587 2575 Montensis,
1599 2491 1717 2559 Came·

350 2598 502 2665 racensis
532 2597 685 2678 diocesis,
715 2617 755 2663 ac
792 2595 970 2663 Frederico
999 2595 1042 2662 de
1077 2595 1207 2677 Parma,
1237 2595 1400 2663 canonico
1434 2596 1717 2662 Autisiodorensis

351 2702 582 2768 ecclesiarum.

388 2856 451 2918 aeg.
463 2858 511 2906 Av.
522 2859 544 2915 r,
557 2856 576 2905 r.
591 2857 637 2913 sr;
652 2855 709 2905 vo.
721 2857 760 2914 aa,
771 2855 790 2905 r.
803 2857 869 2914 arrv,
882 2869 908 2904 n.
919 2855 991 2904 eaor.

399 3061 514 3148 372.
1421 3091 1516 3158 1317,
1533 3096 1573 3138 22
1584 3072 1672 3156 juin.

401 3178 593 3265 Margarete
618 3177 660 3243 de
686 3176 854 3258 Annonia,
880 3176 996 3241 relicte
1023 3176 1195 3261 quondam
1228 3174 1378 3257 Roberti,
1405 3176 1537 3242 comitis
1562 3178 1719 3243 Attreba-

355 3284 472 3364 tensis,
493 3282 684 3367 indulgetur
704 3289 741 3345 ut
764 3281 880 3345 Petrus
901 3279 943 3345 de
965 3277 1145 3359 Maricolis,
1167 3277 1313 3357 Jacobus
1334 3279 1376 3345 de
1399 3278 1574 3345 Melbodio
1596 3289 1631 3345 ct
1651 3280 1719 3345 Go-

356 3390 472 3452 bertus
498 3385 607 3452 dictus
623 3384 729 3464 Dech,
746 3384 856 3450 clerici
873 3384 922 3449 sui
938 3382 1114 3449 domestici
1138 3391 1172 3446 et
1195 3382 1380 3465 familiares,
1399 3384 1523 3449 fructus
1541 3384 1720 3451 beneficio·

357 3510 431 3555 mm
447 3510 584 3555 suorum
599 3488 642 3554 ad
657 3488 838 3553 triennium
854 3490 978 3572 absque
994 3485 1173 3552 residentia
1189 3486 1361 3572 percipere
1378 3488 1523 3552 valeant.

403 3592 606 3658 Deuotionis
621 3601 720 3656 tue...

404 3696 483 3761 Dat.
499 3696 599 3760 Avin.
621 3714 658 3760 10
673 3694 739 3760 kal.
753 3694 824 3778 julii
842 3714 932 3760 anno
952 3714 977 3759 1.

404 3799 443 3865 ln
466 3821 496 3864 e.
524 3820 569 3863 m.
595 3798 802 3865 viconiensis
822 3806 856 3863 et
879 3798 921 3863 de
947 3796 1041 3862 Bona
1064 3797 1130 3882 Spe
1154 3817 1194 3863 ac
1219 3797 1250 3862 S.
1280 3795 1460 3862 Humberti
1488 3795 1721 3863 Maricolensis

361 3903 639 3969 monasteriorum
654 3903 840 3983 abbatibus,
857 3900 1108 3967 Cameracensis
1127 3908 1161 3966 et
1177 3900 1422 3966 Attrebatensis
1437 3901 1619 3968 diocesum.

309 4055 310 4066 ¹
395 4058 454 4119 aeg.
467 4060 516 4104 nv.
529 4060 550 4106 r.
563 4056 580 4103 r.
593 4058 635 4101 aar
646 4072 651 4112 ;
664 4055 722 4103 rat.
735 4058 774 4115 ao,
786 4056 804 4103 r.
817 4058 872 4115 215,
887 4069 911 4103 n.
925 4057 996 4103 saon

315 4263 321 4410 ¹?
404 4260 649 4347 373-377-
1428 4289 1522 4357 1317,
1539 4293 1580 4337 22
1591 4272 1679 4355 juin.

319 4421 321 4434 ·
407 4378 598 4465 Margarete
613 4379 655 4444 de
673 4377 842 4457 Hanonia,
857 4377 973 4443 relicte
996 4374 1167 4461 quondam
1185 4373 1331 4456 Roberti,
1344 4376 1477 4443 comitis
1492 4377 1723 4443 Atrebatensis

320 4471 324 4532 ἰ
371 4484 473 4565 vidue,
498 4483 687 4566 indulgetur
709 4490 747 4546 ut
773 4501 903 4547 sorores
924 4480 1077 4565 religiose
1100 4479 1255 4545 ordinum
1275 4480 1481 4546 diversorum
1505 4481 1623 4566 quibus
1649 4502 1724 4546 esus

373 4589 515 4653 carnium
530 4586 747 4665 interdicitur,
763 4585 845 4670 dum
859 4585 901 4650 ad
917 4605 1069 4650 mensam
1093 4583 1183 4649 dicte
1203 4581 1391 4668 Margarete
1407 4584 1580 4664 accedunt,
1598 4586 1725 4669 possint

328 4741 330 4754 ,
375 4691 453 4756 vesci
468 4690 633 4770 carnibus,
654 4689 788 4776 proviso
810 4689 899 4773 quod
921 4687 1069 4773 ejusdem
1093 4687 1282 4773 Margarete
1303 4686 1472 4753 confessor
1492 4687 1618 4753 eisdem
1638 4688 1725 4753 hanc

329 4791 333 4870 l
377 4791 533 4860 licentiam
546 4794 730 4879 elargiatur.

413 4898 501 4965 Sicut
517 4919 559 4963 ex
574 4907 711 4984 parte...

416 5001 489 5068 Dat.
504 5001 604 5067 Avia.
625 5022 663 5068 ro
678 5000 745 5066 kal.
758 5000 832 5085 julii
847 5020 939 5065 anno
961 5019 986 5065 1.

409 5152 462 5218 Reg.
474 5160 521 5207 Ar.
537 5159 559 5214 7,
571 5157 589 5204 l.
602 5157 663 5213 219;
676 5155 735 5204 Vat.
748 5157 786 5215 66,
799 5156 817 5203 i.
831 5156 897 5213 2235
915 5169 939 5202 u.
952 5154 1014 5201 3845
1026 5167 1050 5202 a.

331 5561 346 5620 ΙΙ
