4409 6017
697 1020 1049 1142 crnourbna
1086 1000 1330 1121 annea.

439 1290 589 1386 1320,
612 1291 645 1374 5
665 1292 950 1389 septembre
977 1337 1025 1347 -
1054 1288 1189 1383 1321,
1210 1290 1243 1370 4
1264 1290 1561 1388 septembre.

396 1613 482 1697 65.
1302 1652 1396 1715 1320,
1409 1652 1433 1715 5
1447 1636 1637 1720 septembre.

393 1731 531 1816 [agistro
553 1730 700 1809 Johanni
722 1732 764 1798 de
787 1731 883 1814 Pinu,
905 1734 1071 1798 canonico
1095 1735 1236 1800 ecclesie
1259 1735 1535 1818 Tomodorensis,
1560 1737 1683 1822 Lingo-

393 1836 434 1902 sis
449 1836 600 1917 diocesis,
616 1836 840 1902 committitur
855 1844 892 1902 ut
907 1837 1046 1922 recipiat
1055 1859 1175 1904 census
1184 1839 1316 1905 debitos
1327 1840 1469 1906 ecclesie
1483 1840 1635 1907 Romane
1649 1844 1681 1908 in

393 1939 496 2006 rincia
513 1940 681 2006 Remensi.

393 2065 453 2110 um
469 2046 670 2110 nonnulle...

394 2157 445 2214 at.
460 2149 560 2215 Avin.
576 2169 656 2214 non.
672 2150 870 2235 septembris
887 2170 977 2214 anno
994 2168 1023 2234 5.

393 2310 415 2356 g.
426 2294 488 2344 Vat.
499 2296 539 2355 71,
550 2295 569 2344 t.
581 2298 616 2356 bt,
627 2309 682 2345 cur.
696 2309 722 2344 n.
740 2296 763 2344 6.
784 2322 816 2329 -
848 2295 876 2344 D.
894 2293 1030 2356 Haignert„
1049 2295 1084 2343 lm
1101 2294 1249 2343 rba-rtmde
1264 2294 1458 2355 sarm-neem,
1478 2302 1497 2345 t.
1521 2297 1554 2356 ll,
1579 2312 1604 2360 p.
1626 2300 1684 2357 270,

393 2379 432 2427 89.

393 2532 486 2615 ἷ66.
1279 2569 1375 2632 1320,
1392 2568 1433 2630 13
1448 2551 1636 2637 septembre.

393 2652 489 2737 ,gidio
526 2651 568 2717 de
594 2649 777 2717 Courcellis
804 2651 972 2717 confertur
1002 2652 1221 2719 canonicatus
1251 2653 1392 2719 ecclesie
1427 2653 1458 2719 S.
1490 2653 1605 2718 Amati
1640 2653 1682 2719 de

393 2775 456 2835 ico,
472 2755 704 2820 Atrebatensis
718 2755 871 2836 diocesis,
893 2758 954 2821 sub
973 2757 1210 2841 expectatione
1234 2757 1414 2842 prebende,
1434 2776 1502 2821 non
1527 2759 1683 2822 obstante

393 2858 413 2923 d
430 2858 464 2922 in
479 2859 621 2924 ecclesia
636 2859 667 2923 S.
684 2858 773 2924 Petri
790 2859 870 2925 dicti
887 2860 951 2926 loci
968 2860 1010 2926 de
1028 2860 1147 2925 Duaco
1163 2860 1399 2926 canonicatum
1419 2869 1454 2926 et
1469 2860 1684 2945 prebendam,

393 2963 615 3028 arrochialem
631 2964 807 3029 ecclesiam
823 2964 854 3028 S.
872 2964 977 3045 Pauli,
995 2963 1198 3030 Morinensis
1213 2964 1364 3046 diocesis,
1381 2965 1521 3031 obtinet.
1676 2974 1678 2978 ’

393 3066 540 3133 lobilitas
555 3068 726 3152 generis...

393 3171 447 3229 lat.
463 3163 563 3229 Aviti.
580 3164 622 3228 id.
639 3165 840 3249 septembris
855 3183 945 3228 anno
959 3184 988 3248 5.

394 3288 406 3331 r
423 3288 454 3332 e.
470 3289 514 3332 m.
531 3267 690 3354 episcopo
706 3268 853 3333 Tullensi
871 3276 905 3333 et
921 3269 1034 3333 abbati
1051 3270 1243 3334 monasterii
1261 3269 1292 3335 S.
1306 3268 1439 3334 Vedasti
1451 3270 1684 3335 Atrebatensis

393 3372 513 3437 lecano
528 3372 670 3438 ecclesie
686 3371 724 3436 B.
743 3371 851 3437 Marie
869 3371 1131 3438 Cameracensis.

394 3529 417 3576 g.
432 3514 490 3563 tac.
504 3517 543 3574 m,
554 3516 572 3564 r.
584 3518 624 3575 ee,
637 3530 662 3564 n.
675 3517 730 3564 sta.

393 3697 484 3779 l67·
1285 3729 1377 3791 1520,
1395 3730 1437 3791 13
1452 3713 1641 3797 septembre.

393 3819 523 3882 {oberto
539 3815 662 3880 Delvat
677 3815 846 3881 confertur
871 3811 1087 3877 canonicatus
1111 3812 1252 3877 ecclesie
1277 3812 1308 3877 S.
1338 3812 1511 3878 Hermetis
1533 3813 1685 3880 Rothna·

393 3921 444 4002 siS,
461 3919 712 3986 Cameracensis
727 3917 879 3997 diocesis,
895 3919 954 3981 sub
971 3917 1209 4001 expectatione
1225 3916 1404 4000 prebende.

393 4026 570 4112 rpostolice
586 4023 856 4089 munificentie...

393 4137 450 4197 lat.
466 4130 567 4195 Avin.
584 4129 627 4194 id.
644 4127 843 4214 septembris
858 4146 947 4191 anno
971 4144 998 4208 5.

393 4258 457 4301 ne.
474 4256 518 4299 m.
536 4235 695 4319 episcopo
710 4231 858 4297 Tullensi
884 4251 923 4295 ac
949 4232 983 4294 S.
1005 4228 1145 4292 Auberti
1170 4226 1421 4292 Cameracensis
1444 4234 1479 4290 et
1502 4224 1685 4308 Lobiensis‚

393 4338 577 4403 ceracensis
592 4336 744 4415 diocesis,
770 4334 1045 4399 monasteriorum
1067 4331 1252 4397 abbatibus.

393 4501 419 4545 g.
436 4487 485 4532 Αν.
503 4485 538 4539 ll,
552 4484 570 4531 ι’.
585 4485 632 4529 509
644 4498 649 4537 ;
663 4481 723 4530 vat..
739 4484 776 4530 72.
787 4482 804 4528 i.
821 4483 859 4528 bi.
872 4496 897 4526 n.
911 4482 966 4526 875.

393 4665 489 4747 368.
1286 4689 1381 4751 1320,
1398 4672 1443 4734 18
1457 4669 1645 4755 septembre.

395 4786 511 4862 acob0,
537 4781 606 4845 filio
625 4778 800 4844 Benedicti
817 4778 858 4843 de
884 4775 1139 4841 Montezemulo
1159 4775 1201 4841 de
1221 4774 1467 4840 marchionibus
1491 4771 1592 4853 Ceve,
1608 4793 1687 4838 con-

395 4908 431 4951 ur
446 4884 666 4952 canonicatus
681 4882 821 4948 ecclesie
838 4880 1041 4945 Morinensis
1064 4881 1125 4943 sub
1149 4877 1384 4964 expectatione
1413 4874 1593 4960 prebende,
1610 4895 1690 4940 con-

393 4992 533 5056 tratione
550 4987 700 5068 Roberti‚
717 4986 802 5070 regis
818 4985 938 5049 Sicilie.

393 5092 571 5179 lpostolice
587 5091 723 5156 Sedis...
