4409 6017
495 704 552 769 312
1028 700 1197 777 0111111111
1217 701 1318 766 anne'e.

502 874 561 941 per
585 853 665 919 talia
692 860 807 918 secuta
833 850 1011 917 creduntur
1033 851 1126 930 alias,
1153 849 1266 917 denno
1291 858 1518 936 sequerentur,
1543 850 1634 937 quod
1661 852 1760 919 absit.
1783 853 1861 920 Dat.

497 957 596 1024 Avin.
614 979 631 1042 3
649 957 692 1024 id.
709 955 907 1043 septembris
930 976 1021 1021 anno
1035 973 1095 1040 4.»

533 1117 594 1178 Reg.
609 1115 668 1165 Vol.
685 1117 739 1174 llll,
753 1114 927 1178 1111111,1.1’11,
940 1126 965 1167 11,
978 1114 1033 1163 2011.
1045 1141 1077 1148 -
1089 1112 1197 1173 1311111111,
1211 1129 1237 1164 n.
1250 1114 1304 1162 931.

541 1306 653 1393 759.
1457 1340 1551 1406 1319,
1570 1340 1608 1385 11
1625 1321 1817 1407 septembre.

542 1426 704 1504 Henrico
730 1424 868 1491 domino
887 1421 930 1488 de
945 1420 1087 1498 Suliaco,
1113 1422 1291 1489 mandatur
1313 1432 1477 1510 quatenus
1499 1425 1628 1493 solicite
1651 1426 1803 1495 elaboret
1825 1438 1862 1497 ut

496 1553 561 1619 pax
577 1553 653 1598 cum
670 1530 930 1598 Flandrensibus
945 1529 1108 1598 inviolata
1120 1540 1327 1619 permaneat.
1442 1597 1444 1602 ,

543 1728 708 1796 «Dilecto
724 1729 793 1794 filio
808 1729 912 1795 nobili
928 1728 1001 1796 viro
1019 1729 1179 1802 Henrico.
1195 1729 1335 1798 domino
1349 1729 1392 1798 de
1408 1730 1549 1813 Snliaco,
1572 1730 1682 1813 militi,
1697 1732 1862 1803 buticula-

497 1835 546 1901 rio
563 1832 714 1901 Francie.
731 1834 868 1917 Quanto
883 1836 956 1902 zelo
972 1842 1165 1920 quantoque
1180 1834 1347 1903 desiderio
1361 1856 1483 1922 pacem
1499 1835 1741 1905 desideraveris
1761 1838 1862 1906 Flan-

495 1939 576 2018 drie,
591 1939 722 2006 labores
737 1938 891 2006 immensi
915 1960 998 2025 quos
1021 1939 1186 2007 indefesse
1209 1948 1347 2027 propter
1368 1940 1455 2008 hanc
1477 1939 1605 2008 subiisti
1631 1949 1667 2009 et
1687 1942 1862 2029 vigilantia

496 2044 605 2112 studia
621 2065 686 2129 que
702 2043 788 2111 circa
803 2044 868 2111 hec
883 2044 1042 2112 adhibere
1054 2045 1168 2112 sedule
1184 2045 1398 2124 curavisti,ea
1414 2044 1594 2113 scientibus
1610 2046 1780 2115 insinuant
1790 2070 1861 2117 ma·

496 2148 778 2228 nifeste.Ven1m‚
799 2150 877 2234 quia
902 2171 1020 2235 pamm
1047 2158 1098 2217 est
1122 2150 1287 2217 laboriose
1314 2149 1438 2235 aliquid
1462 2171 1610 2235 querere,
1633 2150 1660 2217 si
1684 2154 1758 2238 quis
1781 2154 1861 2221 sslud

497 2254 655 2340 adeptum
679 2254 863 2334 neglexerit
888 2254 1065 2333 custodire,
1089 2277 1164 2321 curn
1189 2277 1256 2320 non
1280 2255 1399 2321 minori
1425 2254 1608 2322 ascribatur
1626 2256 1743 2324 virtuti
1760 2280 1860 2344 quarn

497 2378 635 2443 querere
651 2359 827 2439 custodire,
843 2359 1056 2425 nobilitatem
1072 2367 1166 2426 tuam
1182 2359 1356 2426 hortamur
1367 2360 1400 2425 in
1418 2358 1577 2441 Domino,
1595 2360 1654 2426 tibi
1670 2361 1861 2430 nichrlomi·

496 2483 558 2529 nus
574 2462 606 2527 in
623 2461 818 2529 remissione
833 2464 1065 2546 peccaminum
1081 2464 1261 2531 suadentes
1284 2471 1458 2549 quatenus,
1469 2472 1507 2530 ut
1529 2485 1594 2550 pax
1609 2465 1681 2550 ipsa
1697 2466 1860 2535 inviolata

496 2574 702 2652 permaneat,
719 2567 901 2634 efficaciter
916 2569 1067 2635 elabores
1082 2568 1240 2635 instando
1255 2568 1386 2636 solicite
1402 2578 1438 2635 ut
1455 2576 1650 2635 constanter
1663 2573 1861 2657 propulsen-

497 2679 552 2736 tur
566 2691 627 2758 per
642 2671 875 2738 celsitudinem
900 2671 1107 2757 regiamque
1123 2672 1169 2738 illi
1185 2679 1323 2760 possent
1350 2673 1484 2740 officere
1511 2680 1546 2740 et
1569 2694 1634 2758 que
1656 2674 1862 2743 videbuntur

497 2795 596 2861 posse
613 2774 784 2861 prolicere,
800 2784 956 2863 prompte
972 2786 1007 2844 et
1022 2777 1203 2843 liberaliter
1218 2777 1450 2858 admittantur,
1477 2798 1656 2864 operosum
1671 2778 1861 2847 nichilomi-

496 2900 559 2946 nus
574 2878 721 2946 studium
736 2889 772 2947 et
787 2880 971 2949 studiosam
987 2903 1124 2969 operam
1140 2882 1350 2968 impensurus
1366 2881 1457 2967 quod
1472 2883 1514 2950 de
1524 2882 1647 2949 talibus
1662 2881 1863 2952 officialibus

496 2984 575 3072 ipsis
590 2985 803 3073 provideatur
820 2985 1079 3053 Flandrensibus
1095 2985 1162 3073 qui,
1179 2987 1290 3053 Deum
1306 2986 1475 3063 timentes,
1491 2987 1655 3054 honorem
1670 2987 1802 3074 regium
1829 2998 1863 3058 11

494 3110 614 3177 pacem
631 3090 839 3159 subditorum
854 3090 993 3172 diligant
1011 3112 1135 3176 suaque
1151 3092 1243 3157 lucra
1259 3090 1627 3180 inlalienishdispendiis
1642 3092 1864 3183 non'perqui-

495 3201 580 3276 rant,
593 3216 647 3277 ne,
659 3194 686 3261 si
702 3195 812 3262 forsan
828 3195 1045 3281 provideatur
1055 3195 1097 3261 de
1108 3195 1191 3276 aliis,
1205 3203 1394 3281 sequantur,
1406 3197 1496 3282 quod
1511 3198 1608 3277 absit,
1619 3196 1864 3267 inconvenien-

495 3298 543 3364 tia
569 3320 633 3383 que
649 3306 785 3386 propter
811 3299 931 3367 similia
947 3300 1127 3367 creduntur
1150 3301 1231 3368 alias
1247 3302 1433 3368 subsecuta.
1451 3301 1529 3369 Dat.
1554 3301 1655 3369 Avin.
1681 3324 1698 3388 3
1725 3303 1770 3370 id.
1788 3327 1864 3394 sep·

493 3403 632 3470 tembris
647 3402 785 3489 ann0'4.
802 3420 820 3474 1

527 3568 589 3629 ch.
602 3569 660 3619 Vat.
674 3573 727 3628 1111,
740 3585 798 3633 pars
810 3571 831 3630 I,
844 3571 861 3620 1.
875 3572 927 3631 tw,
941 3586 967 3625 n.
983 3572 1038 3621 210.
1050 3567 1199 3630 —'('0ulon‚
1213 3585 1238 3618 11.
1251 3572 1307 3619 1133.

541 3747 657 3829 760.
1459 3777 1555 3843 1319,
1573 3778 1613 3822 rr
1626 3758 1820 3845 septembre.

539 3864 725 3930 Gaucelmo
740 3863 900 3930 cardinali
920 3863 1073 3930 scribitur
1095 3869 1261 3947 quatenus
1284 3860 1325 3927 ad
1349 3859 1612 3927 conservandam
1636 3881 1758 3947 pacem
1785 3881 1862 3927 curn

497 3968 756 4036 Flandrensibus
771 3967 889 4034 initam
904 3968 1052 4034 studium
1068 3967 1236 4034 adhibeat.

540 4182 558 4222 e
571 4159 706 4223 Dilecto
721 4157 790 4223 filio
802 4156 996 4237 Gaucelmo,
1009 4157 1099 4224 tituli
1116 4157 1315 4223 Sanctorum
1328 4154 1517 4222 Marcellini
1527 4164 1562 4220 et
1573 4154 1664 4222 Petri
1674 4158 1862 4243 presbitero

409 4265 413 4272 '
495 4262 664 4341 cardinali,
694 4262 878 4348 apostolice
900 4262 995 4328 Sedis
1016 4262 1145 4327 nunti0.
1171 4261 1286 4327 Actori
1310 4261 1403 4347 pacis
1429 4262 1464 4325 et
1490 4259 1593 4344 gratie
1624 4260 1773 4344 largitori
1805 4264 1860 4348 qui

496 4366 718 4433 Flandrenses
732 4365 798 4431 hiis
812 4364 930 4430 diebus
945 4366 988 4431 ad
1003 4366 1114 4430 lucem
1131 4364 1173 4429 de
1188 4363 1337 4428 tenebris
1362 4370 1397 4428 et
1412 4363 1456 4428 ad
1471 4363 1560 4428 viam
1576 4365 1693 4430 salutis
1709 4373 1745 4432 et
1767 4368 1860 4452 pacis

495 4468 549 4554 pie
564 4468 606 4532 ab
623 4463 714 4529 invio
724 4464 850 4532 dissidii
867 4487 1039 4547 revocans,
1056 4466 1204 4551 ipsorum
1220 4465 1350 4530 animos
1365 4464 1408 4530 ad
1418 4485 1536 4550 pacem
1548 4464 1748 4549 jamdudum
1773 4468 1860 4533 inter

495 4568 702 4636 carissimum
718 4567 751 4631 in
767 4567 902 4635 Christo
918 4568 1022 4634 filium
1039 4577 1190 4634 nostrum
1204 4567 1407 4653 Philippum,
1417 4588 1530 4652 regern
1541 4566 1705 4632 illustrem
1719 4567 1858 4636 Francie

495 4683 529 4740 et
545 4673 579 4740 N
581 4694 706 4756 avarre,
721 4683 803 4740 tunc
818 4694 920 4758 regna
935 4672 1085 4758 predicta
1109 4679 1293 4757 regentem,
1310 4679 1344 4736 et
1360 4670 1451 4756 ipsos
1476 4671 1605 4749 initam,
1622 4672 1858 4739 securitatibus

494 4776 592 4843 certis
608 4778 686 4843 hinc
702 4777 779 4843 inde
795 4776 940 4862 receptis
955 4785 990 4840 et
1006 4775 1164 4860 prestitis,
1174 4774 1409 4852 roborandam,
1423 4775 1509 4840 sicut
1524 4773 1620 4839 nobis
1635 4783 1694 4840 tue
1704 4776 1856 4843 innotue-

495 4890 573 4946 runt
588 4881 709 4963 littere,
726 4880 887 4961 emolivit,
903 4879 1025 4965 gratias
1041 4880 1247 4959 exhibemus,
1260 4878 1339 4943 licet
1356 4886 1453 4944 tanto
1469 4878 1597 4944 muneri
1609 4878 1764 4964 impares,
1777 4903 1855 4966 quas

494 4984 654 5050 valemus.
672 4984 756 5049 Sane
784 4984 860 5068 quia
876 4993 1014 5068 parum“
1030 4991 1080 5049 est
1095 4981 1260 5049 laboriose
1285 4980 1410 5070 aliquid
1425 5002 1574 5071 querere,
1598 4981 1623 5047 si
1649 4982 1733 5049 illud
1757 4982 1853 5070 adep·

511 5179 537 5211 ll.
549 5179 598 5230 pax
618 5181 668 5230 l'fy.
