4409 6017
899 698 1056 767 Neuneme
1076 658 1195 767 annes.⁸
1653 701 1716 770 589

349 851 416 916 lica
432 850 554 938 scripta
570 850 769 916 mandamus
784 858 950 935 quatenus
965 849 1136 937 predictos
1160 847 1345 934 magistros,
1367 851 1617 934 gubernatores,
1629 852 1717 937 jura-

349 963 405 1019 tos
431 962 467 1021 et
492 953 700 1021 consiliarios
726 975 746 1020 a
769 953 929 1041 predictis
955 950 1315 1019 excommunicationis
1337 953 1515 1020 sententiis
1544 953 1608 1021 hac
1642 955 1716 1020 vice

348 1058 554 1125 auctoritate
576 1065 691 1124 nostra
717 1059 843 1143 absque
867 1055 1076 1123 difficultatis
1099 1057 1275 1122 obstaculo
1305 1056 1487 1122 absolvatis
1513 1065 1558 1139 et,
1583 1058 1610 1123 si
1635 1058 1718 1123 infra

348 1161 480 1227 dictum
496 1161 738 1246 quadrimestre
753 1170 889 1248 tempus
903 1160 996 1227 dicte
1011 1168 1134 1248 partes,
1146 1168 1183 1226 ut
1195 1160 1411 1245 premittitur,
1426 1160 1514 1226 inter
1529 1181 1565 1226 se
1580 1162 1719 1227 minime

348 1264 599 1347 concordarint,
617 1286 731 1331 coram
753 1265 849 1331 vobis
864 1264 965 1331 dictis
979 1265 1128 1351 partibus
1144 1285 1203 1330 seu
1223 1284 1340 1330 corum
1355 1265 1623 1350 procuratoribus
1639 1286 1718 1332 con-

348 1368 484 1435 vocatis
500 1367 626 1449 Remis,
642 1369 685 1435 de
701 1368 869 1455 premissis
885 1369 1040 1434 omnibus
1066 1375 1102 1432 et
1117 1367 1253 1452 singulis
1268 1367 1475 1454 simpliciter,
1491 1368 1561 1433 sine
1578 1369 1718 1455 strepitu

348 1480 386 1537 et
414 1471 519 1557 figura
539 1472 665 1557 judicii,
691 1473 854 1539 studeatis
878 1472 1070 1558 diligentius
1101 1471 1273 1537 informari
1307 1479 1353 1552 et,
1376 1471 1500 1537 auditis
1530 1471 1609 1538 hinc
1638 1473 1718 1538 inde

350 1575 546 1662 propositis,
557 1596 691 1642 causam
708 1596 807 1662 super
815 1575 985 1663 premissis
1000 1576 1178 1662 diligenter
1186 1577 1385 1642 instructam
1397 1577 1458 1641 sub
1470 1574 1584 1659 sigillis
1600 1576 1720 1641 vestris

348 1678 450 1744 nobis
470 1679 642 1744 remittere
658 1681 853 1766 procuretis,
866 1679 994 1766 prefixo
1014 1679 1141 1745 eisdem
1167 1679 1316 1764 partibus
1331 1677 1476 1743 termino
1491 1679 1720 1765 peremptorio

349 1783 574 1869 competenti,
587 1803 741 1870 quocum
757 1783 913 1849 omnibus
927 1783 1022 1865 actis,
1032 1784 1160 1870 J'uribus
1175 1792 1210 1848 et
1225 1782 1444 1848 munimentis
1454 1802 1571 1848 eorum
1583 1790 1719 1869 aposto·

348 1887 419 1952 lico
451 1907 487 1952 se
524 1886 720 1973 conspectui
750 1886 900 1972 legitime
943 1894 1187 1973 representent,
1214 1887 1351 1972 justam
1369 1906 1468 1972 super
1505 1886 1579 1968 hiis,
1617 1886 1720 1953 dante

351 1988 516 2071 Domino,
546 1989 751 2055 sententiam
782 1998 968 2076 recepture.
996 1988 1077 2055 Non
1113 1990 1379 2071 obstantibus...,
1410 1990 1717 2075 contradictores...

351 2092 516 2160 Volumus
526 2101 640 2158 autem
652 2093 743 2178 quod
760 2094 892 2159 interim
909 2114 1027 2159 omnes
1042 2093 1287 2180 appellationes
1302 2102 1373 2160 tam
1385 2114 1427 2158 ex
1442 2102 1537 2180 parte
1552 2093 1720 2159 dictorum

350 2196 599 2282 magistrorum,
615 2199 888 2282 gubernatorum,
901 2198 1087 2283 juratorum
1104 2206 1138 2262 et
1165 2196 1418 2264 communitatis
1433 2216 1472 2263 ac
1489 2196 1536 2261 eis
1559 2196 1721 2261 adheren-

351 2299 451 2379 tium,
480 2318 582 2384 quam
615 2300 719 2365 etiam
745 2321 786 2365 ex
810 2307 907 2387 parte
930 2302 1076 2381 Andree,
1105 2300 1216 2366 Sancti
1243 2299 1389 2365 Huberti
1406 2309 1429 2382 ⁶,
1453 2308 1488 2364 et
1511 2297 1650 2364 Gerardi
1678 2299 1721 2364 de

354 2401 463 2483 Viele,
477 2401 588 2469 Sancti
606 2403 749 2470 Servatii
772 2403 1031 2490 parrochialium
1046 2403 1262 2469 ecclesiarum
1288 2402 1526 2469 Leodiensium
1542 2410 1721 2483 rectorum,

350 2506 410 2592 qui
427 2526 448 2571 a
463 2506 661 2591 quibusdam
677 2509 887 2593 processibus
902 2517 937 2573 et
952 2507 1130 2599 sententiis
1149 2526 1209 2593 per
1220 2506 1380 2572 dilectum
1393 2505 1499 2571 filium
1509 2556 1528 2572 ..
1541 2504 1722 2572 officialem

351 2610 506 2697 ejusdem
521 2612 682 2697 prepositi
699 2612 841 2678 ecclesie
858 2611 1056 2678 Leodiensis
1071 2615 1190 2677 contia
1205 2632 1263 2677 eos
1275 2611 1399 2676 habitis
1411 2619 1445 2675 et
1461 2611 1564 2676 etiam
1576 2611 1723 2696 promul-

352 2714 454 2800 gatis,
478 2713 522 2780 ad
547 2714 670 2780 Sedem
694 2716 908 2802 appellarunt
931 2715 1086 2795 eandem,
1111 2723 1272 2780 maneant
1301 2715 1335 2779 in
1360 2734 1523 2801 suspenso
1549 2734 1654 2799 usque
1680 2713 1723 2780 ad

354 2817 487 2882 exitum
507 2818 752 2904 prorogationis
774 2818 935 2905 predicte,
950 2839 1015 2885 nec
1038 2819 1172 2884 interim
1199 2818 1312 2884 fatalia
1337 2827 1492 2905 tempora
1515 2817 1563 2884 eis
1578 2826 1723 2884 currant.

354 2920 460 3005 Quod
475 2920 501 2986 si
517 2941 586 2986 non
602 2942 721 2988 omnes
736 2922 800 2989 hiis
815 2922 1020 3008 exequendis
1042 2924 1221 3010 potueritis
1236 2923 1408 3003 interesse,
1429 2921 1497 2988 duo
1512 2929 1660 2987 vestrum
1683 2940 1724 2986 ea

354 3024 596 3091 nichilomimis
611 3034 830 3111 exequantur.
848 3026 949 3092 Diem
963 3047 1044 3093 vero
1062 3026 1257 3113 prefixionis
1272 3025 1460 3113 huiusmodi
1476 3033 1511 3091 et
1527 3044 1724 3110 quecunque

355 3125 535 3211 superbiis
557 3126 702 3194 feceritis
728 3130 826 3195 nobis
849 3150 909 3216 per
932 3137 1061 3195 vestras
1083 3129 1213 3195 litteras
1236 3129 1354 3194 harum
1378 3128 1498 3195 seriem
1513 3127 1726 3196 continentes

354 3228 501 3296 fideliter
515 3230 669 3296 intimare
686 3233 819 3299 curetis.
836 3233 915 3299 Dat.
930 3234 1032 3300 Avin.
1042 3233 1142 3299 nonis
1148 3232 1232 3317 junii
1249 3252 1340 3299 anno
1357 3253 1386 3313 9.
1400 3254 1417 3297 r>

392 3370 455 3430 Reg.
470 3372 519 3422 Av.
534 3373 573 3430 23,
583 3371 602 3422 f.
612 3373 661 3430 763
674 3371 733 3421 vat.
749 3374 788 3432 79,
800 3373 819 3422 i.
834 3375 872 3433 35,
886 3387 912 3423 n.
929 3374 998 3421 1³09.

407 3533 554 3617 1604.
1431 3569 1495 3613 12
1544 3569 1562 3614 r
1613 3547 1683 3615 'uia

406 3649 587 3719 Francisco
614 3653 722 3720 Sabbe
749 3653 921 3719 Sabbatini
948 3652 1116 3720 confertur
1140 3653 1358 3720 canonicatus
1382 3568 1527 3719 ecelisfe'
1549 3569 1727 3719 ἐΙΜαῐίε

358 3755 636 3841 Antwerpiensis,
664 3755 916 3823 Cameracensis
939 3757 1092 3838 diocesis,
1109 3759 1169 3822 sub
1193 3755 1429 3842 expectatione
1456 3754 1635 3842 prebende,
1659 3775 1729 3821 non

360 3858 520 3924 obstante
536 3860 627 3944 quod
639 3861 673 3925 in
689 3861 832 3927 ecclesia
848 3861 880 3926 S.
898 3858 1030 3926 Marchi
1047 3860 1089 3926 de
1107 3859 1201 3926 Urbe
1217 3860 1454 3927 canonicatum
1469 3867 1505 3924 et
1520 3858 1729 3946 prebendam

361 3960 508 4028 obtinet.

409 4063 462 4129 Ex
476 4072 535 4130 tue
551 4064 783 4133 devotionis...

409 4169 488 4234 Dat.
502 4169 601 4235 Avin.
622 4173 659 4235 18
677 4170 745 4238 kal.
757 4172 829 4256 julii
845 4193 935 4237 anno
952 4192 981 4253 9.

408 4272 448 4337 In
465 4293 495 4338 e.
510 4294 555 4338 m.
572 4273 602 4338 S.
614 4272 711 4340 Pauli
726 4274 768 4340 de
785 4276 878 4342 Urbe
901 4285 936 4341 et
952 4275 984 4342 S.
1002 4274 1180 4341 Michaelis
1195 4294 1300 4360 prope
1315 4275 1558 4360 Antwerpiam,
1575 4275 1731 4344 Camera-

361 4376 474 4442 censis
489 4375 641 4458 diocesiS,
657 4380 936 4444 monasteriorum
952 4379 1129 4445 abbatibus
1144 4399 1184 4444 ac
1200 4378 1359 4463 magistro
1374 4376 1408 4443 N
1411 4378 1521 4443 icolao
1532 4378 1574 4444 de
1592 4378 1731 4465 Fractis,

361 4477 532 4545 canonico
548 4478 752 4563 Patracensi,
769 4483 953 4548 litterarum
969 4482 1230 4568 apostolicarum
1247 4481 1436 4546 correctori.

398 4608 461 4667 aeg.
476 4608 524 4656 av.
540 4609 580 4667 aa,
594 4609 611 4657 r.
627 4611 704 4667 axau
721 4610 780 4660 ναι.
795 4614 833 4671 ts,
845 4613 863 4660 r.
875 4614 943 4671 nu,
956 4626 982 4660 n.
996 4614 1066 4660 1634.

413 4767 560 4852 1605.
1426 4809 1442 4850 1
1469 4807 1490 4851 2
1540 4792 1586 4854 18
1617 4789 1687 4856 'uia

411 4884 560 4963 Johanni
577 4886 669 4952 dicto
685 4885 849 4952 Corvillet
864 4888 1033 4954 confertur
1048 4891 1266 4956 canonicatus
1281 4889 1422 4955 ecclesie
1434 4807 1656 4959 'foiriacerisis
1672 4898 1733 4960 sub

367 4990 606 5075 expectatione
622 4990 803 5076 prebende,
819 4991 1086 5059 consideratione
1102 4992 1122 5070 J
1125 4994 1269 5074 ohanne,
1284 4994 1397 5078 regine
1415 4993 1567 5062 Francie.

392 5137 417 5172 a.
430 5122 571 5171 Humberti
582 5137 632 5185 reg.
