<?xml version="1.0" encoding="UTF-8"?>
<!DOCTYPE html PUBLIC "-//W3C//DTD XHTML 1.0 Transitional//EN"
    "http://www.w3.org/TR/xhtml1/DTD/xhtml1-transitional.dtd">
<html xmlns="http://www.w3.org/1999/xhtml" xml:lang="en" lang="en">
 <head>
  <title>
</title>
<meta http-equiv="Content-Type" content="text/html;charset=utf-8" />
  <meta name='ocr-system' content='tesseract 3.04.00' />
  <meta name='ocr-capabilities' content='ocr_page ocr_carea ocr_par ocr_line ocrx_word'/>
</head>
<body>
  <div class='ocr_page' id='page_1' title='image "./lettresdejeanxx00xxiigoog_0672.png"; bbox 0 0 4409 6017; ppageno 0'>
   <div class='ocr_carea' id='block_1_1' title="bbox 492 657 1307 728">
    <p class='ocr_par' dir='ltr' id='par_1_1' title="bbox 492 657 1307 728">
     <span class='ocr_line' id='line_1_1' title="bbox 492 657 1307 728; baseline -0.005 0"><span class='ocrx_word' id='word_1_1' title='bbox 492 662 553 728; x_wconf 85' lang='grc'>584</span> <span class='ocrx_word' id='word_1_2' title='bbox 1026 657 1184 724; x_wconf 77' lang='lat' dir='ltr'>Neuvibno</span> <span class='ocrx_word' id='word_1_3' title='bbox 1204 660 1307 725; x_wconf 72' lang='lat' dir='ltr'>annae.</span> 
     </span>
    </p>
   </div>
   <div class='ocr_carea' id='block_1_2' title="bbox 482 805 1861 1407">
    <p class='ocr_par' dir='ltr' id='par_1_2' title="bbox 482 805 1860 998">
     <span class='ocr_line' id='line_1_2' title="bbox 482 805 1860 894; baseline -0.003 -19"><span class='ocrx_word' id='word_1_4' title='bbox 482 809 579 894; x_wconf 87' lang='lat' dir='ltr'>&#39;quod</span> <span class='ocrx_word' id='word_1_5' title='bbox 606 810 640 875; x_wconf 94' lang='lat' dir='ltr'>in</span> <span class='ocrx_word' id='word_1_6' title='bbox 663 809 806 875; x_wconf 87' lang='lat' dir='ltr'>ecclesia</span> <span class='ocrx_word' id='word_1_7' title='bbox 829 810 861 875; x_wconf 85' lang='lat' dir='ltr'>S.</span> <span class='ocrx_word' id='word_1_8' title='bbox 878 808 968 874; x_wconf 93' lang='lat' dir='ltr'>Petri</span> <span class='ocrx_word' id='word_1_9' title='bbox 997 805 1227 887; x_wconf 86' lang='lat' dir='ltr'>Lovaniensis,</span> <span class='ocrx_word' id='word_1_10' title='bbox 1254 806 1345 874; x_wconf 89' lang='lat' dir='ltr'>dicte</span> <span class='ocrx_word' id='word_1_11' title='bbox 1370 805 1523 889; x_wconf 89' lang='lat' dir='ltr'>diocesis,</span> <span class='ocrx_word' id='word_1_12' title='bbox 1549 806 1809 875; x_wconf 86' lang='lat' dir='ltr'>canonicatum</span> <span class='ocrx_word' id='word_1_13' title='bbox 1834 815 1860 871; x_wconf 90' lang='lat' dir='ltr'>et</span> 
     </span>
     <span class='ocr_line' id='line_1_3' title="bbox 489 912 1454 998; baseline 0.002 -21"><span class='ocrx_word' id='word_1_14' title='bbox 489 913 695 998; x_wconf 87' lang='lat' dir='ltr'>prebendam</span> <span class='ocrx_word' id='word_1_15' title='bbox 711 912 853 980; x_wconf 89' lang='lat' dir='ltr'>obtinet.</span> <span class='ocrx_word' id='word_1_16' title='bbox 1448 926 1454 937; x_wconf 90' lang='grc'><em>·</em></span> 
     </span>
    </p>

    <p class='ocr_par' dir='ltr' id='par_1_3' title="bbox 532 1014 833 1082">
     <span class='ocr_line' id='line_1_4' title="bbox 532 1014 833 1082; baseline -0.003 -2"><span class='ocrx_word' id='word_1_17' title='bbox 532 1016 706 1082; x_wconf 88' lang='lat' dir='ltr'>Attributa</span> <span class='ocrx_word' id='word_1_18' title='bbox 731 1014 833 1081; x_wconf 92' lang='lat' dir='ltr'>tibi...</span> 
     </span>
    </p>

    <p class='ocr_par' dir='ltr' id='par_1_4' title="bbox 535 1119 1102 1206">
     <span class='ocr_line' id='line_1_5' title="bbox 535 1119 1102 1206; baseline 0 -21"><span class='ocrx_word' id='word_1_19' title='bbox 535 1120 615 1186; x_wconf 94' lang='lat' dir='ltr'>Dat.</span> <span class='ocrx_word' id='word_1_20' title='bbox 631 1119 731 1185; x_wconf 77' lang='lat' dir='ltr'>Avin.</span> <span class='ocrx_word' id='word_1_21' title='bbox 749 1140 766 1204; x_wconf 84' lang='lat'>3</span> <span class='ocrx_word' id='word_1_22' title='bbox 783 1120 850 1187; x_wconf 87' lang='lat' dir='ltr'>kal.</span> <span class='ocrx_word' id='word_1_23' title='bbox 863 1120 946 1206; x_wconf 89' lang='lat' dir='ltr'>junii</span> <span class='ocrx_word' id='word_1_24' title='bbox 965 1140 1056 1185; x_wconf 91' lang='lat' dir='ltr'>anno</span> <span class='ocrx_word' id='word_1_25' title='bbox 1073 1139 1102 1199; x_wconf 92' lang='lat'>9.</span> 
     </span>
    </p>

    <p class='ocr_par' dir='ltr' id='par_1_5' title="bbox 491 1221 1861 1407">
     <span class='ocr_line' id='line_1_6' title="bbox 534 1221 1861 1310; baseline -0.002 -21"><span class='ocrx_word' id='word_1_26' title='bbox 534 1223 574 1289; x_wconf 93' lang='lat' dir='ltr'>ln</span> <span class='ocrx_word' id='word_1_27' title='bbox 596 1245 625 1289; x_wconf 88' lang='lat' dir='ltr'>e.</span> <span class='ocrx_word' id='word_1_28' title='bbox 642 1245 686 1289; x_wconf 92' lang='lat' dir='ltr'>m.</span> <span class='ocrx_word' id='word_1_29' title='bbox 703 1223 864 1309; x_wconf 91' lang='lat' dir='ltr'>episcopo</span> <span class='ocrx_word' id='word_1_30' title='bbox 880 1222 1149 1308; x_wconf 88' lang='lat' dir='ltr'>Vigintimiliensi</span> <span class='ocrx_word' id='word_1_31' title='bbox 1167 1230 1201 1288; x_wconf 91' lang='lat' dir='ltr'>et</span> <span class='ocrx_word' id='word_1_32' title='bbox 1217 1222 1330 1288; x_wconf 90' lang='lat' dir='ltr'>abbati</span> <span class='ocrx_word' id='word_1_33' title='bbox 1347 1223 1389 1288; x_wconf 90' lang='lat' dir='ltr'>de</span> <span class='ocrx_word' id='word_1_34' title='bbox 1404 1221 1612 1289; x_wconf 82' lang='lat' dir='ltr'>Vliderbelxa</span> <span class='ocrx_word' id='word_1_35' title='bbox 1636 1243 1683 1290; x_wconf 89' lang='lat' dir='ltr'>ac</span> <span class='ocrx_word' id='word_1_36' title='bbox 1700 1221 1861 1310; x_wconf 83' lang='lat' dir='ltr'>preposito</span> 
     </span>
     <span class='ocr_line' id='line_1_7' title="bbox 491 1324 1646 1407; baseline -0.001 -13"><span class='ocrx_word' id='word_1_37' title='bbox 491 1328 523 1394; x_wconf 85' lang='lat' dir='ltr'>S.</span> <span class='ocrx_word' id='word_1_38' title='bbox 539 1326 713 1393; x_wconf 89' lang='lat' dir='ltr'>Gertrudis</span> <span class='ocrx_word' id='word_1_39' title='bbox 730 1326 960 1407; x_wconf 89' lang='lat' dir='ltr'>Lovaniensis,</span> <span class='ocrx_word' id='word_1_40' title='bbox 970 1324 1167 1391; x_wconf 89' lang='lat' dir='ltr'>Leodiensis</span> <span class='ocrx_word' id='word_1_41' title='bbox 1182 1325 1335 1407; x_wconf 76' lang='lat' dir='ltr'>diocesiS,</span> <span class='ocrx_word' id='word_1_42' title='bbox 1347 1326 1646 1393; x_wconf 86' lang='lat' dir='ltr'>monasteriorum.</span> 
     </span>
    </p>
   </div>
   <div class='ocr_carea' id='block_1_3' title="bbox 523 1469 1159 1533">
    <p class='ocr_par' dir='ltr' id='par_1_6' title="bbox 523 1469 1159 1533">
     <span class='ocr_line' id='line_1_8' title="bbox 523 1469 1159 1533; baseline 0 -15"><span class='ocrx_word' id='word_1_43' title='bbox 523 1470 586 1533; x_wconf 66' lang='lat' dir='ltr'>aeg.</span> <span class='ocrx_word' id='word_1_44' title='bbox 602 1472 648 1520; x_wconf 75' lang='lat' dir='ltr'>xv.</span> <span class='ocrx_word' id='word_1_45' title='bbox 663 1470 810 1531; x_wconf 81' lang='lat' dir='ltr'>23,t.119;</span> <span class='ocrx_word' id='word_1_46' title='bbox 830 1469 889 1521; x_wconf 78' lang='lat' dir='ltr'>rat.</span> <span class='ocrx_word' id='word_1_47' title='bbox 905 1472 944 1529; x_wconf 80' lang='lat' dir='ltr'>rs,</span> <span class='ocrx_word' id='word_1_48' title='bbox 958 1470 977 1520; x_wconf 84' lang='lat' dir='ltr'>r.</span> <span class='ocrx_word' id='word_1_49' title='bbox 992 1472 1032 1531; x_wconf 76' lang='lat' dir='ltr'>aa,</span> <span class='ocrx_word' id='word_1_50' title='bbox 1046 1484 1071 1519; x_wconf 83' lang='lat' dir='ltr'>n.</span> <span class='ocrx_word' id='word_1_51' title='bbox 1088 1471 1159 1518; x_wconf 79' lang='lat'>1462.</span> 
     </span>
    </p>
   </div>
   <div class='ocr_carea' id='block_1_4' title="bbox 534 1646 1860 1844">
    <p class='ocr_par' dir='ltr' id='par_1_7' title="bbox 534 1646 1860 1844">
     <span class='ocr_line' id='line_1_9' title="bbox 534 1646 1827 1742; baseline -0.002 -15"><span class='ocrx_word' id='word_1_52' title='bbox 534 1646 678 1731; x_wconf 83' lang='grc'>1598.</span> <span class='ocrx_word' id='word_1_53' title='bbox 1553 1678 1655 1742; x_wconf 83' lang='lat'>1325,</span> <span class='ocrx_word' id='word_1_54' title='bbox 1668 1680 1722 1742; x_wconf 79' lang='lat'>31</span> <span class='ocrx_word' id='word_1_55' title='bbox 1753 1663 1827 1725; x_wconf 84' lang='lat' dir='ltr'>mai.</span> 
     </span>
     <span class='ocr_line' id='line_1_10' title="bbox 534 1761 1860 1844; baseline -0.002 -15"><span class='ocrx_word' id='word_1_56' title='bbox 534 1763 723 1842; x_wconf 89' lang='lat' dir='ltr'>Odowan0,</span> <span class='ocrx_word' id='word_1_57' title='bbox 738 1772 821 1829; x_wconf 90' lang='lat' dir='ltr'>nato</span> <span class='ocrx_word' id='word_1_58' title='bbox 833 1761 853 1840; x_wconf 92' lang='lat' dir='ltr'>J</span> <span class='ocrx_word' id='word_1_59' title='bbox 856 1763 999 1829; x_wconf 92' lang='lat' dir='ltr'>ohannis</span> <span class='ocrx_word' id='word_1_60' title='bbox 1014 1762 1056 1828; x_wconf 91' lang='lat' dir='ltr'>de</span> <span class='ocrx_word' id='word_1_61' title='bbox 1072 1762 1300 1844; x_wconf 87' lang='lat' dir='ltr'>Gondrevilla,</span> <span class='ocrx_word' id='word_1_62' title='bbox 1312 1763 1439 1843; x_wconf 84' lang='lat' dir='ltr'>militis,</span> <span class='ocrx_word' id='word_1_63' title='bbox 1452 1762 1630 1829; x_wconf 87' lang='lat' dir='ltr'>confertur</span> <span class='ocrx_word' id='word_1_64' title='bbox 1645 1764 1860 1830; x_wconf 82' lang='lat' dir='ltr'>canonicatus</span> 
     </span>
    </p>
   </div>
   <div class='ocr_carea' id='block_1_5' title="bbox 489 1865 1905 2474">
    <p class='ocr_par' dir='ltr' id='par_1_8' title="bbox 489 1865 1905 2052">
     <span class='ocr_line' id='line_1_11' title="bbox 489 1865 1905 1954; baseline -0.001 -22"><span class='ocrx_word' id='word_1_65' title='bbox 489 1867 630 1934; x_wconf 85' lang='lat' dir='ltr'>ecclesie</span> <span class='ocrx_word' id='word_1_66' title='bbox 640 1866 838 1934; x_wconf 88' lang='lat' dir='ltr'>Leodiensis</span> <span class='ocrx_word' id='word_1_67' title='bbox 850 1869 909 1933; x_wconf 92' lang='lat' dir='ltr'>sub</span> <span class='ocrx_word' id='word_1_68' title='bbox 926 1866 1165 1953; x_wconf 87' lang='lat' dir='ltr'>expectatione</span> <span class='ocrx_word' id='word_1_69' title='bbox 1181 1866 1361 1953; x_wconf 89' lang='lat' dir='ltr'>prebende,</span> <span class='ocrx_word' id='word_1_70' title='bbox 1377 1887 1447 1932; x_wconf 92' lang='lat' dir='ltr'>non</span> <span class='ocrx_word' id='word_1_71' title='bbox 1463 1868 1624 1932; x_wconf 88' lang='lat' dir='ltr'>obstante</span> <span class='ocrx_word' id='word_1_72' title='bbox 1644 1866 1746 1952; x_wconf 94' lang='lat' dir='ltr'>quod</span> <span class='ocrx_word' id='word_1_73' title='bbox 1761 1885 1860 1954; x_wconf 81' lang='lat' dir='ltr'>patro</span> <span class='ocrx_word' id='word_1_74' title='bbox 1903 1865 1905 1870; x_wconf 80' lang='grc'><strong>’</strong></span> 
     </span>
     <span class='ocr_line' id='line_1_12' title="bbox 490 1968 1627 2052; baseline -0.001 -14"><span class='ocrx_word' id='word_1_75' title='bbox 490 1971 636 2038; x_wconf 89' lang='lat' dir='ltr'>chialem</span> <span class='ocrx_word' id='word_1_76' title='bbox 652 1970 827 2037; x_wconf 89' lang='lat' dir='ltr'>ecclesiam</span> <span class='ocrx_word' id='word_1_77' title='bbox 844 1970 886 2036; x_wconf 95' lang='lat' dir='ltr'>de</span> <span class='ocrx_word' id='word_1_78' title='bbox 904 1970 1091 2052; x_wconf 89' lang='lat' dir='ltr'>Honwilre,</span> <span class='ocrx_word' id='word_1_79' title='bbox 1105 1970 1297 2037; x_wconf 91' lang='lat' dir='ltr'>Basiliensis</span> <span class='ocrx_word' id='word_1_80' title='bbox 1312 1969 1464 2052; x_wconf 90' lang='lat' dir='ltr'>diocesis,</span> <span class='ocrx_word' id='word_1_81' title='bbox 1479 1968 1627 2037; x_wconf 91' lang='lat' dir='ltr'>obtinet.</span> 
     </span>
    </p>

    <p class='ocr_par' dir='ltr' id='par_1_9' title="bbox 535 2074 895 2159">
     <span class='ocr_line' id='line_1_13' title="bbox 535 2074 895 2159; baseline -0.006 -19"><span class='ocrx_word' id='word_1_82' title='bbox 535 2074 704 2141; x_wconf 88' lang='lat' dir='ltr'>Nobilitas</span> <span class='ocrx_word' id='word_1_83' title='bbox 724 2074 895 2159; x_wconf 89' lang='lat' dir='ltr'>generis...</span> 
     </span>
    </p>

    <p class='ocr_par' dir='ltr' id='par_1_10' title="bbox 535 2177 1100 2263">
     <span class='ocr_line' id='line_1_14' title="bbox 535 2177 1100 2263; baseline -0.002 -19"><span class='ocrx_word' id='word_1_84' title='bbox 535 2178 613 2245; x_wconf 87' lang='lat' dir='ltr'>Dat.</span> <span class='ocrx_word' id='word_1_85' title='bbox 628 2178 728 2244; x_wconf 88' lang='lat' dir='ltr'>Avin.</span> <span class='ocrx_word' id='word_1_86' title='bbox 747 2199 764 2243; x_wconf 89' lang='lat'>2</span> <span class='ocrx_word' id='word_1_87' title='bbox 781 2177 847 2243; x_wconf 89' lang='lat' dir='ltr'>kal.</span> <span class='ocrx_word' id='word_1_88' title='bbox 860 2178 943 2263; x_wconf 91' lang='lat' dir='ltr'>junii</span> <span class='ocrx_word' id='word_1_89' title='bbox 961 2198 1051 2244; x_wconf 91' lang='lat' dir='ltr'>anno</span> <span class='ocrx_word' id='word_1_90' title='bbox 1071 2198 1100 2259; x_wconf 90' lang='lat'>9.</span> 
     </span>
    </p>

    <p class='ocr_par' dir='ltr' id='par_1_11' title="bbox 494 2280 1862 2474">
     <span class='ocr_line' id='line_1_15' title="bbox 535 2280 1862 2370; baseline -0.002 -21"><span class='ocrx_word' id='word_1_91' title='bbox 535 2281 575 2349; x_wconf 92' lang='lat' dir='ltr'>In</span> <span class='ocrx_word' id='word_1_92' title='bbox 592 2305 622 2349; x_wconf 87' lang='lat' dir='ltr'>e.</span> <span class='ocrx_word' id='word_1_93' title='bbox 637 2304 683 2350; x_wconf 93' lang='lat' dir='ltr'>m.</span> <span class='ocrx_word' id='word_1_94' title='bbox 699 2282 829 2350; x_wconf 90' lang='lat' dir='ltr'>decano</span> <span class='ocrx_word' id='word_1_95' title='bbox 845 2281 877 2347; x_wconf 87' lang='lat' dir='ltr'>S.</span> <span class='ocrx_word' id='word_1_96' title='bbox 894 2282 1050 2368; x_wconf 87' lang='lat' dir='ltr'>Gengolfi</span> <span class='ocrx_word' id='word_1_97' title='bbox 1076 2292 1112 2348; x_wconf 88' lang='lat' dir='ltr'>et</span> <span class='ocrx_word' id='word_1_98' title='bbox 1134 2284 1262 2349; x_wconf 89' lang='lat' dir='ltr'>cantori</span> <span class='ocrx_word' id='word_1_99' title='bbox 1289 2284 1426 2369; x_wconf 87' lang='lat' dir='ltr'>majoris</span> <span class='ocrx_word' id='word_1_100' title='bbox 1449 2280 1620 2348; x_wconf 91' lang='lat' dir='ltr'>Tullensis</span> <span class='ocrx_word' id='word_1_101' title='bbox 1644 2302 1690 2350; x_wconf 88' lang='lat' dir='ltr'>ac</span> <span class='ocrx_word' id='word_1_102' title='bbox 1707 2284 1862 2370; x_wconf 85' lang='lat' dir='ltr'>magistro</span> 
     </span>
     <span class='ocr_line' id='line_1_16' title="bbox 494 2385 1862 2474; baseline -0.001 -21"><span class='ocrx_word' id='word_1_103' title='bbox 494 2387 624 2466; x_wconf 91' lang='lat' dir='ltr'>Jacobo</span> <span class='ocrx_word' id='word_1_104' title='bbox 640 2387 683 2453; x_wconf 90' lang='lat' dir='ltr'>de</span> <span class='ocrx_word' id='word_1_105' title='bbox 701 2385 845 2468; x_wconf 91' lang='lat' dir='ltr'>Mutina,</span> <span class='ocrx_word' id='word_1_106' title='bbox 862 2386 1027 2452; x_wconf 89' lang='lat' dir='ltr'>canonico</span> <span class='ocrx_word' id='word_1_107' title='bbox 1042 2386 1293 2452; x_wconf 84' lang='lat' dir='ltr'>Cameracensis</span> <span class='ocrx_word' id='word_1_108' title='bbox 1315 2386 1541 2466; x_wconf 88' lang='lat' dir='ltr'>ecclesiarum,</span> <span class='ocrx_word' id='word_1_109' title='bbox 1558 2388 1750 2473; x_wconf 88' lang='lat' dir='ltr'>capellano</span> <span class='ocrx_word' id='word_1_110' title='bbox 1774 2406 1862 2474; x_wconf 82' lang='lat' dir='ltr'>pape.</span> 
     </span>
    </p>
   </div>
   <div class='ocr_carea' id='block_1_6' title="bbox 427 2525 1184 2596">
    <p class='ocr_par' dir='ltr' id='par_1_12' title="bbox 427 2525 1184 2596">
     <span class='ocr_line' id='line_1_17' title="bbox 427 2525 1184 2596; baseline 0.001 -23"><span class='ocrx_word' id='word_1_111' title='bbox 427 2589 431 2596; x_wconf 26' lang='grc' dir='ltr'>ι</span> <span class='ocrx_word' id='word_1_112' title='bbox 524 2525 586 2586; x_wconf 84' lang='lat' dir='ltr'>Reg.</span> <span class='ocrx_word' id='word_1_113' title='bbox 601 2529 648 2574; x_wconf 79' lang='lat' dir='ltr'>Ar.</span> <span class='ocrx_word' id='word_1_114' title='bbox 661 2528 701 2585; x_wconf 78' lang='lat'>23,</span> <span class='ocrx_word' id='word_1_115' title='bbox 716 2526 734 2576; x_wconf 86' lang='lat' dir='ltr'>f.</span> <span class='ocrx_word' id='word_1_116' title='bbox 749 2526 809 2573; x_wconf 64' lang='lat'>471*</span> <span class='ocrx_word' id='word_1_117' title='bbox 819 2542 826 2583; x_wconf 72' lang='grc' dir='ltr'>ς</span> <span class='ocrx_word' id='word_1_118' title='bbox 838 2525 897 2574; x_wconf 85' lang='lat' dir='ltr'>Vat.</span> <span class='ocrx_word' id='word_1_119' title='bbox 911 2526 949 2582; x_wconf 79' lang='lat'>79,</span> <span class='ocrx_word' id='word_1_120' title='bbox 961 2525 980 2573; x_wconf 86' lang='lat' dir='ltr'>f.</span> <span class='ocrx_word' id='word_1_121' title='bbox 994 2526 1060 2584; x_wconf 66' lang='lat'>³50¹,</span> <span class='ocrx_word' id='word_1_122' title='bbox 1074 2539 1099 2573; x_wconf 90' lang='lat' dir='ltr'>n.</span> <span class='ocrx_word' id='word_1_123' title='bbox 1110 2527 1184 2575; x_wconf 82' lang='lat'>2233.</span> 
     </span>
    </p>
   </div>
   <div class='ocr_carea' id='block_1_7' title="bbox 490 2681 1903 3012">
    <p class='ocr_par' dir='ltr' id='par_1_13' title="bbox 490 2681 1903 3012">
     <span class='ocr_line' id='line_1_18' title="bbox 537 2681 1903 2807; baseline 0.004 -21"><span class='ocrx_word' id='word_1_124' title='bbox 537 2704 679 2788; x_wconf 83' lang='lat'>1599·</span> <span class='ocrx_word' id='word_1_125' title='bbox 1554 2741 1650 2805; x_wconf 78' lang='lat'>1325,</span> <span class='ocrx_word' id='word_1_126' title='bbox 1661 2744 1713 2807; x_wconf 80' lang='lat'>31</span> <span class='ocrx_word' id='word_1_127' title='bbox 1741 2727 1822 2791; x_wconf 83' lang='lat' dir='ltr'>mai.</span> <span class='ocrx_word' id='word_1_128' title='bbox 1901 2681 1903 2698; x_wconf 46' lang='grc' dir='ltr'>Ι</span> 
     </span>
     <span class='ocr_line' id='line_1_19' title="bbox 535 2821 1863 2913; baseline 0.005 -26"><span class='ocrx_word' id='word_1_129' title='bbox 535 2821 801 2910; x_wconf 83' lang='lat' dir='ltr'>Archiepiscopo</span> <span class='ocrx_word' id='word_1_130' title='bbox 817 2822 1011 2891; x_wconf 89' lang='lat' dir='ltr'>Coloniensi</span> <span class='ocrx_word' id='word_1_131' title='bbox 1028 2833 1062 2892; x_wconf 90' lang='lat' dir='ltr'>et</span> <span class='ocrx_word' id='word_1_132' title='bbox 1077 2826 1238 2913; x_wconf 90' lang='lat' dir='ltr'>episcopo</span> <span class='ocrx_word' id='word_1_133' title='bbox 1255 2825 1444 2907; x_wconf 88' lang='lat' dir='ltr'>Leodiensi,</span> <span class='ocrx_word' id='word_1_134' title='bbox 1457 2827 1527 2912; x_wconf 86' lang='lat' dir='ltr'>ejus</span> <span class='ocrx_word' id='word_1_135' title='bbox 1538 2825 1670 2913; x_wconf 90' lang='lat' dir='ltr'>nepoti,</span> <span class='ocrx_word' id='word_1_136' title='bbox 1683 2828 1863 2896; x_wconf 90' lang='lat' dir='ltr'>mandatur</span> 
     </span>
     <span class='ocr_line' id='line_1_20' title="bbox 490 2926 1333 3012; baseline 0.005 -21"><span class='ocrx_word' id='word_1_137' title='bbox 490 2933 657 3012; x_wconf 90' lang='lat' dir='ltr'>quatenus</span> <span class='ocrx_word' id='word_1_138' title='bbox 672 2946 791 3012; x_wconf 88' lang='lat' dir='ltr'>pacem</span> <span class='ocrx_word' id='word_1_139' title='bbox 808 2926 951 2993; x_wconf 89' lang='lat' dir='ltr'>invicem</span> <span class='ocrx_word' id='word_1_140' title='bbox 968 2927 1149 2994; x_wconf 90' lang='lat' dir='ltr'>reformare</span> <span class='ocrx_word' id='word_1_141' title='bbox 1165 2927 1333 2996; x_wconf 90' lang='lat' dir='ltr'>studeant.</span> 
     </span>
    </p>
   </div>
   <div class='ocr_carea' id='block_1_8' title="bbox 484 3084 1861 5147">
    <p class='ocr_par' dir='ltr' id='par_1_14' title="bbox 484 3084 1861 5147">
     <span class='ocr_line' id='line_1_21' title="bbox 537 3084 1861 3173; baseline 0.003 -26"><span class='ocrx_word' id='word_1_142' title='bbox 537 3084 756 3150; x_wconf 76' lang='lat' dir='ltr'>«Venerabili</span> <span class='ocrx_word' id='word_1_143' title='bbox 779 3085 868 3151; x_wconf 89' lang='lat' dir='ltr'>fratri</span> <span class='ocrx_word' id='word_1_144' title='bbox 883 3084 1175 3173; x_wconf 91' lang='lat' dir='ltr'>..archiepiscopo</span> <span class='ocrx_word' id='word_1_145' title='bbox 1198 3086 1401 3154; x_wconf 88' lang='lat' dir='ltr'>Coloniensi.</span> <span class='ocrx_word' id='word_1_146' title='bbox 1419 3086 1492 3153; x_wconf 89' lang='lat' dir='ltr'>Etsi</span> <span class='ocrx_word' id='word_1_147' title='bbox 1509 3085 1685 3152; x_wconf 90' lang='lat' dir='ltr'>universos</span> <span class='ocrx_word' id='word_1_148' title='bbox 1702 3095 1742 3153; x_wconf 91' lang='lat' dir='ltr'>et</span> <span class='ocrx_word' id='word_1_149' title='bbox 1758 3087 1861 3171; x_wconf 87' lang='lat' dir='ltr'>singu-</span> 
     </span>
     <span class='ocr_line' id='line_1_22' title="bbox 490 3187 1860 3277; baseline 0.001 -24"><span class='ocrx_word' id='word_1_150' title='bbox 490 3189 542 3254; x_wconf 94' lang='lat' dir='ltr'>los</span> <span class='ocrx_word' id='word_1_151' title='bbox 558 3208 641 3273; x_wconf 91' lang='lat' dir='ltr'>quos</span> <span class='ocrx_word' id='word_1_152' title='bbox 657 3188 766 3254; x_wconf 89' lang='lat' dir='ltr'>cultus</span> <span class='ocrx_word' id='word_1_153' title='bbox 781 3187 959 3254; x_wconf 84' lang='lat' dir='ltr'>christiane</span> <span class='ocrx_word' id='word_1_154' title='bbox 975 3190 1143 3275; x_wconf 86' lang='lat' dir='ltr'>religionis</span> <span class='ocrx_word' id='word_1_155' title='bbox 1158 3190 1299 3257; x_wconf 89' lang='lat' dir='ltr'>includit</span> <span class='ocrx_word' id='word_1_156' title='bbox 1310 3192 1342 3255; x_wconf 93' lang='lat' dir='ltr'>in</span> <span class='ocrx_word' id='word_1_157' title='bbox 1355 3190 1446 3277; x_wconf 90' lang='lat' dir='ltr'>pacis</span> <span class='ocrx_word' id='word_1_158' title='bbox 1462 3200 1497 3255; x_wconf 92' lang='lat' dir='ltr'>et</span> <span class='ocrx_word' id='word_1_159' title='bbox 1512 3189 1663 3256; x_wconf 87' lang='lat' dir='ltr'>caritatis</span> <span class='ocrx_word' id='word_1_160' title='bbox 1683 3190 1860 3256; x_wconf 89' lang='lat' dir='ltr'>dulcedine</span> 
     </span>
     <span class='ocr_line' id='line_1_23' title="bbox 490 3291 1859 3381; baseline 0.002 -25"><span class='ocrx_word' id='word_1_161' title='bbox 490 3292 639 3378; x_wconf 88' lang='lat' dir='ltr'>paternis</span> <span class='ocrx_word' id='word_1_162' title='bbox 655 3291 852 3357; x_wconf 87' lang='lat' dir='ltr'>affectemus</span> <span class='ocrx_word' id='word_1_163' title='bbox 867 3293 1037 3359; x_wconf 91' lang='lat' dir='ltr'>desideriis</span> <span class='ocrx_word' id='word_1_164' title='bbox 1047 3294 1228 3375; x_wconf 81' lang='lat' dir='ltr'>confoveri,</span> <span class='ocrx_word' id='word_1_165' title='bbox 1241 3296 1388 3380; x_wconf 91' lang='lat' dir='ltr'>prelatos</span> <span class='ocrx_word' id='word_1_166' title='bbox 1398 3303 1523 3373; x_wconf 91' lang='lat' dir='ltr'>tamen,</span> <span class='ocrx_word' id='word_1_167' title='bbox 1534 3292 1665 3378; x_wconf 76' lang='lat' dir='ltr'>quibuS,</span> <span class='ocrx_word' id='word_1_168' title='bbox 1679 3293 1716 3358; x_wconf 90' lang='lat' dir='ltr'>in</span> <span class='ocrx_word' id='word_1_169' title='bbox 1733 3305 1859 3381; x_wconf 88' lang='lat' dir='ltr'>partem</span> 
     </span>
     <span class='ocr_line' id='line_1_24' title="bbox 490 3396 1859 3484; baseline 0.002 -23"><span class='ocrx_word' id='word_1_170' title='bbox 490 3396 669 3481; x_wconf 89' lang='lat' dir='ltr'>assumptis</span> <span class='ocrx_word' id='word_1_171' title='bbox 690 3396 922 3477; x_wconf 88' lang='lat' dir='ltr'>solicitudinis,</span> <span class='ocrx_word' id='word_1_172' title='bbox 939 3397 1078 3463; x_wconf 91' lang='lat' dir='ltr'>aliorum</span> <span class='ocrx_word' id='word_1_173' title='bbox 1095 3398 1317 3484; x_wconf 87' lang='lat' dir='ltr'>dispositione</span> <span class='ocrx_word' id='word_1_174' title='bbox 1335 3399 1449 3464; x_wconf 90' lang='lat' dir='ltr'>divina</span> <span class='ocrx_word' id='word_1_175' title='bbox 1463 3397 1612 3483; x_wconf 88' lang='lat' dir='ltr'>regimen</span> <span class='ocrx_word' id='word_1_176' title='bbox 1629 3405 1684 3463; x_wconf 90' lang='lat' dir='ltr'>est</span> <span class='ocrx_word' id='word_1_177' title='bbox 1705 3399 1859 3465; x_wconf 90' lang='lat' dir='ltr'>commis·</span> 
     </span>
     <span class='ocr_line' id='line_1_25' title="bbox 489 3501 1858 3591; baseline 0.002 -27"><span class='ocrx_word' id='word_1_178' title='bbox 489 3520 572 3577; x_wconf 90' lang='lat' dir='ltr'>sum,</span> <span class='ocrx_word' id='word_1_179' title='bbox 596 3508 695 3565; x_wconf 89' lang='lat' dir='ltr'>tanto</span> <span class='ocrx_word' id='word_1_180' title='bbox 718 3501 945 3566; x_wconf 88' lang='lat' dir='ltr'>desideramus</span> <span class='ocrx_word' id='word_1_181' title='bbox 961 3502 1123 3566; x_wconf 89' lang='lat' dir='ltr'>attentius</span> <span class='ocrx_word' id='word_1_182' title='bbox 1145 3502 1234 3567; x_wconf 90' lang='lat' dir='ltr'>viros</span> <span class='ocrx_word' id='word_1_183' title='bbox 1261 3502 1403 3567; x_wconf 87' lang='lat' dir='ltr'>existere</span> <span class='ocrx_word' id='word_1_184' title='bbox 1419 3502 1453 3566; x_wconf 92' lang='lat' dir='ltr'>in</span> <span class='ocrx_word' id='word_1_185' title='bbox 1470 3523 1505 3567; x_wconf 91' lang='lat' dir='ltr'>se</span> <span class='ocrx_word' id='word_1_186' title='bbox 1520 3501 1681 3588; x_wconf 85' lang='lat' dir='ltr'>pacificos</span> <span class='ocrx_word' id='word_1_187' title='bbox 1702 3524 1747 3569; x_wconf 90' lang='lat' dir='ltr'>ae</span> <span class='ocrx_word' id='word_1_188' title='bbox 1774 3503 1858 3591; x_wconf 85' lang='lat' dir='ltr'>pacis</span> 
     </span>
     <span class='ocr_line' id='line_1_26' title="bbox 489 3603 1857 3691; baseline 0.002 -23"><span class='ocrx_word' id='word_1_189' title='bbox 489 3613 524 3669; x_wconf 91' lang='lat' dir='ltr'>et</span> <span class='ocrx_word' id='word_1_190' title='bbox 539 3603 687 3670; x_wconf 88' lang='lat' dir='ltr'>caritatis</span> <span class='ocrx_word' id='word_1_191' title='bbox 703 3604 812 3689; x_wconf 91' lang='lat' dir='ltr'>quoad</span> <span class='ocrx_word' id='word_1_192' title='bbox 829 3605 912 3669; x_wconf 91' lang='lat' dir='ltr'>alios</span> <span class='ocrx_word' id='word_1_193' title='bbox 939 3606 1116 3671; x_wconf 88' lang='lat' dir='ltr'>ostendere</span> <span class='ocrx_word' id='word_1_194' title='bbox 1141 3628 1176 3671; x_wconf 90' lang='lat' dir='ltr'>se</span> <span class='ocrx_word' id='word_1_195' title='bbox 1197 3607 1351 3686; x_wconf 90' lang='lat' dir='ltr'>cultores,</span> <span class='ocrx_word' id='word_1_196' title='bbox 1375 3614 1502 3691; x_wconf 90' lang='lat' dir='ltr'>quanto</span> <span class='ocrx_word' id='word_1_197' title='bbox 1517 3626 1575 3691; x_wconf 93' lang='lat' dir='ltr'>pre</span> <span class='ocrx_word' id='word_1_198' title='bbox 1598 3604 1674 3672; x_wconf 91' lang='lat' dir='ltr'>aliis</span> <span class='ocrx_word' id='word_1_199' title='bbox 1695 3607 1733 3672; x_wconf 93' lang='lat' dir='ltr'>id</span> <span class='ocrx_word' id='word_1_200' title='bbox 1748 3628 1857 3674; x_wconf 89' lang='lat' dir='ltr'>eorum</span> 
     </span>
     <span class='ocr_line' id='line_1_27' title="bbox 488 3707 1857 3796; baseline 0.004 -23"><span class='ocrx_word' id='word_1_201' title='bbox 488 3709 681 3773; x_wconf 90' lang='lat' dir='ltr'>incumbere</span> <span class='ocrx_word' id='word_1_202' title='bbox 694 3708 842 3774; x_wconf 89' lang='lat' dir='ltr'>noscitur</span> <span class='ocrx_word' id='word_1_203' title='bbox 858 3707 980 3789; x_wconf 90' lang='lat' dir='ltr'>officio,</span> <span class='ocrx_word' id='word_1_204' title='bbox 996 3723 1031 3773; x_wconf 87' lang='lat' dir='ltr'>et</span> <span class='ocrx_word' id='word_1_205' title='bbox 1047 3709 1138 3794; x_wconf 90' lang='lat' dir='ltr'>quod</span> <span class='ocrx_word' id='word_1_206' title='bbox 1153 3712 1195 3775; x_wconf 90' lang='lat' dir='ltr'>ab</span> <span class='ocrx_word' id='word_1_207' title='bbox 1218 3710 1297 3796; x_wconf 90' lang='lat' dir='ltr'>ipsis</span> <span class='ocrx_word' id='word_1_208' title='bbox 1312 3710 1429 3796; x_wconf 88' lang='lat' dir='ltr'>agitur,</span> <span class='ocrx_word' id='word_1_209' title='bbox 1446 3710 1573 3775; x_wconf 81' lang='lat' dir='ltr'>facilius</span> <span class='ocrx_word' id='word_1_210' title='bbox 1587 3710 1738 3776; x_wconf 89' lang='lat' dir='ltr'>trahitur</span> <span class='ocrx_word' id='word_1_211' title='bbox 1754 3733 1774 3777; x_wconf 89' lang='lat' dir='ltr'>a</span> <span class='ocrx_word' id='word_1_212' title='bbox 1790 3716 1857 3778; x_wconf 91' lang='lat' dir='ltr'>sub·</span> 
     </span>
     <span class='ocr_line' id='line_1_28' title="bbox 488 3809 1857 3900; baseline 0.005 -25"><span class='ocrx_word' id='word_1_213' title='bbox 488 3809 566 3876; x_wconf 92' lang='lat' dir='ltr'>ditis</span> <span class='ocrx_word' id='word_1_214' title='bbox 582 3811 615 3875; x_wconf 91' lang='lat' dir='ltr'>in</span> <span class='ocrx_word' id='word_1_215' title='bbox 640 3813 842 3897; x_wconf 89' lang='lat' dir='ltr'>exemplum.</span> <span class='ocrx_word' id='word_1_216' title='bbox 859 3810 978 3897; x_wconf 87' lang='lat' dir='ltr'>Nuper</span> <span class='ocrx_word' id='word_1_217' title='bbox 993 3813 1157 3898; x_wconf 91' lang='lat' dir='ltr'>siquidem</span> <span class='ocrx_word' id='word_1_218' title='bbox 1174 3814 1216 3879; x_wconf 91' lang='lat' dir='ltr'>ad</span> <span class='ocrx_word' id='word_1_219' title='bbox 1231 3814 1335 3879; x_wconf 88' lang='lat' dir='ltr'>nostri</span> <span class='ocrx_word' id='word_1_220' title='bbox 1352 3815 1560 3900; x_wconf 91' lang='lat' dir='ltr'>apostolatus</span> <span class='ocrx_word' id='word_1_221' title='bbox 1572 3813 1729 3880; x_wconf 89' lang='lat' dir='ltr'>auditum</span> <span class='ocrx_word' id='word_1_222' title='bbox 1742 3816 1857 3882; x_wconf 76' lang='lat' dir='ltr'>infans</span> 
     </span>
     <span class='ocr_line' id='line_1_29' title="bbox 488 3904 1856 4002; baseline 0.004 -25"><span class='ocrx_word' id='word_1_223' title='bbox 488 3912 513 3977; x_wconf 92' lang='lat' dir='ltr'>ti</span> <span class='ocrx_word' id='word_1_224' title='bbox 530 3904 672 3980; x_wconf 82' lang='lat' dir='ltr'>rumoris</span> <span class='ocrx_word' id='word_1_225' title='bbox 687 3915 870 3980; x_wconf 87' lang='lat' dir='ltr'>assertione</span> <span class='ocrx_word' id='word_1_226' title='bbox 886 3916 1040 4001; x_wconf 91' lang='lat' dir='ltr'>pervenit</span> <span class='ocrx_word' id='word_1_227' title='bbox 1065 3917 1155 4001; x_wconf 92' lang='lat' dir='ltr'>quod</span> <span class='ocrx_word' id='word_1_228' title='bbox 1181 3917 1333 3984; x_wconf 86' lang='lat' dir='ltr'>inimicus</span> <span class='ocrx_word' id='word_1_229' title='bbox 1349 3918 1486 3982; x_wconf 88' lang='lat' dir='ltr'>humani</span> <span class='ocrx_word' id='word_1_230' title='bbox 1503 3916 1643 4002; x_wconf 87' lang='lat' dir='ltr'>generis,</span> <span class='ocrx_word' id='word_1_231' title='bbox 1659 3930 1856 3986; x_wconf 89' lang='lat' dir='ltr'>cunctorum</span> 
     </span>
     <span class='ocr_line' id='line_1_30' title="bbox 488 4018 1855 4106; baseline 0.004 -25"><span class='ocrx_word' id='word_1_232' title='bbox 488 4019 652 4083; x_wconf 92' lang='lat' dir='ltr'>malorum</span> <span class='ocrx_word' id='word_1_233' title='bbox 677 4018 839 4099; x_wconf 89' lang='lat' dir='ltr'>incensor,</span> <span class='ocrx_word' id='word_1_234' title='bbox 857 4019 900 4083; x_wconf 91' lang='lat' dir='ltr'>ibi</span> <span class='ocrx_word' id='word_1_235' title='bbox 924 4019 1013 4084; x_wconf 89' lang='lat' dir='ltr'>virus</span> <span class='ocrx_word' id='word_1_236' title='bbox 1036 4040 1094 4084; x_wconf 91' lang='lat' dir='ltr'>sue</span> <span class='ocrx_word' id='word_1_237' title='bbox 1122 4021 1271 4106; x_wconf 90' lang='lat' dir='ltr'>nequitie</span> <span class='ocrx_word' id='word_1_238' title='bbox 1295 4021 1402 4105; x_wconf 87' lang='lat' dir='ltr'>magis</span> <span class='ocrx_word' id='word_1_239' title='bbox 1419 4020 1589 4085; x_wconf 88' lang='lat' dir='ltr'>effundere</span> <span class='ocrx_word' id='word_1_240' title='bbox 1617 4030 1790 4106; x_wconf 63' lang='lat' dir='ltr'>satagens</span> <span class='ocrx_word' id='word_1_241' title='bbox 1806 4023 1855 4088; x_wconf 91' lang='lat' dir='ltr'>ubi</span> 
     </span>
     <span class='ocr_line' id='line_1_31' title="bbox 488 4122 1854 4207; baseline 0.001 -21"><span class='ocrx_word' id='word_1_242' title='bbox 488 4142 523 4186; x_wconf 88' lang='lat' dir='ltr'>se</span> <span class='ocrx_word' id='word_1_243' title='bbox 539 4122 681 4207; x_wconf 88' lang='lat' dir='ltr'>amplius</span> <span class='ocrx_word' id='word_1_244' title='bbox 702 4122 843 4186; x_wconf 88' lang='lat' dir='ltr'>extimat</span> <span class='ocrx_word' id='word_1_245' title='bbox 862 4122 1054 4203; x_wconf 85' lang='lat' dir='ltr'>offuturum,</span> <span class='ocrx_word' id='word_1_246' title='bbox 1065 4123 1152 4188; x_wconf 91' lang='lat' dir='ltr'>inter</span> <span class='ocrx_word' id='word_1_247' title='bbox 1167 4131 1202 4188; x_wconf 93' lang='lat' dir='ltr'>te</span> <span class='ocrx_word' id='word_1_248' title='bbox 1218 4144 1257 4189; x_wconf 89' lang='lat' dir='ltr'>ac</span> <span class='ocrx_word' id='word_1_249' title='bbox 1272 4124 1495 4189; x_wconf 83' lang='lat' dir='ltr'>venerabilem</span> <span class='ocrx_word' id='word_1_250' title='bbox 1513 4122 1648 4188; x_wconf 92' lang='lat' dir='ltr'>fratrem</span> <span class='ocrx_word' id='word_1_251' title='bbox 1667 4134 1854 4192; x_wconf 91' lang='lat' dir='ltr'>nostrum..</span> 
     </span>
     <span class='ocr_line' id='line_1_32' title="bbox 488 4222 1853 4312; baseline 0.004 -25"><span class='ocrx_word' id='word_1_252' title='bbox 488 4225 683 4309; x_wconf 86' lang='lat' dir='ltr'>episcopum</span> <span class='ocrx_word' id='word_1_253' title='bbox 706 4222 940 4304; x_wconf 90' lang='lat' dir='ltr'>Leodiensem,</span> <span class='ocrx_word' id='word_1_254' title='bbox 957 4235 1118 4312; x_wconf 91' lang='lat' dir='ltr'>nepotem</span> <span class='ocrx_word' id='word_1_255' title='bbox 1144 4234 1178 4292; x_wconf 94' lang='lat' dir='ltr'>et</span> <span class='ocrx_word' id='word_1_256' title='bbox 1194 4227 1437 4311; x_wconf 87' lang='lat' dir='ltr'>suffraganeum</span> <span class='ocrx_word' id='word_1_257' title='bbox 1462 4236 1568 4306; x_wconf 89' lang='lat' dir='ltr'>tuum,</span> <span class='ocrx_word' id='word_1_258' title='bbox 1591 4228 1757 4293; x_wconf 88' lang='lat' dir='ltr'>suscitare</span> <span class='ocrx_word' id='word_1_259' title='bbox 1773 4230 1853 4308; x_wconf 89' lang='lat' dir='ltr'>odia,</span> 
     </span>
     <span class='ocr_line' id='line_1_33' title="bbox 488 4328 1852 4419; baseline 0.004 -29"><span class='ocrx_word' id='word_1_260' title='bbox 488 4348 528 4391; x_wconf 90' lang='lat' dir='ltr'>ex</span> <span class='ocrx_word' id='word_1_261' title='bbox 545 4328 663 4411; x_wconf 91' lang='lat' dir='ltr'>quibus</span> <span class='ocrx_word' id='word_1_262' title='bbox 680 4328 759 4393; x_wconf 88' lang='lat' dir='ltr'>uuio</span> <span class='ocrx_word' id='word_1_263' title='bbox 775 4328 933 4409; x_wconf 90' lang='lat' dir='ltr'>caritatis,</span> <span class='ocrx_word' id='word_1_264' title='bbox 950 4351 1015 4414; x_wconf 89' lang='lat' dir='ltr'>que</span> <span class='ocrx_word' id='word_1_265' title='bbox 1036 4351 1097 4395; x_wconf 88' lang='lat' dir='ltr'>vos</span> <span class='ocrx_word' id='word_1_266' title='bbox 1108 4339 1177 4395; x_wconf 87' lang='lat' dir='ltr'>tam</span> <span class='ocrx_word' id='word_1_267' title='bbox 1190 4330 1320 4396; x_wconf 87' lang='lat' dir='ltr'>ratione</span> <span class='ocrx_word' id='word_1_268' title='bbox 1336 4331 1538 4415; x_wconf 88' lang='lat' dir='ltr'>dignitatum</span> <span class='ocrx_word' id='word_1_269' title='bbox 1555 4339 1745 4397; x_wconf 86' lang='lat' dir='ltr'>vestrarum</span> <span class='ocrx_word' id='word_1_270' title='bbox 1758 4355 1852 4419; x_wconf 87' lang='lat' dir='ltr'>quarn</span> 
     </span>
     <span class='ocr_line' id='line_1_34' title="bbox 487 4431 1853 4521; baseline 0.004 -26"><span class='ocrx_word' id='word_1_271' title='bbox 487 4431 704 4496; x_wconf 86' lang='lat' dir='ltr'>connexitate</span> <span class='ocrx_word' id='word_1_272' title='bbox 729 4432 908 4517; x_wconf 89' lang='lat' dir='ltr'>sanguinis,</span> <span class='ocrx_word' id='word_1_273' title='bbox 924 4453 1124 4498; x_wconf 84' lang='lat' dir='ltr'>conservare</span> <span class='ocrx_word' id='word_1_274' title='bbox 1147 4434 1292 4499; x_wconf 90' lang='lat' dir='ltr'>debebat</span> <span class='ocrx_word' id='word_1_275' title='bbox 1320 4434 1586 4521; x_wconf 89' lang='lat' dir='ltr'>inseparabiliter</span> <span class='ocrx_word' id='word_1_276' title='bbox 1609 4437 1799 4504; x_wconf 88' lang='lat' dir='ltr'>concordes</span> <span class='ocrx_word' id='word_1_277' title='bbox 1823 4447 1853 4502; x_wconf 88' lang='lat' dir='ltr'>et</span> 
     </span>
     <span class='ocr_line' id='line_1_35' title="bbox 487 4536 1851 4625; baseline 0.007 -26"><span class='ocrx_word' id='word_1_278' title='bbox 487 4536 672 4615; x_wconf 91' lang='lat' dir='ltr'>unanimes,</span> <span class='ocrx_word' id='word_1_279' title='bbox 689 4536 759 4599; x_wconf 91' lang='lat' dir='ltr'>fore</span> <span class='ocrx_word' id='word_1_280' title='bbox 777 4537 845 4601; x_wconf 91' lang='lat' dir='ltr'>lesa</span> <span class='ocrx_word' id='word_1_281' title='bbox 872 4558 939 4603; x_wconf 90' lang='lat' dir='ltr'>non</span> <span class='ocrx_word' id='word_1_282' title='bbox 956 4558 1072 4622; x_wconf 91' lang='lat' dir='ltr'>parum</span> <span class='ocrx_word' id='word_1_283' title='bbox 1096 4538 1227 4619; x_wconf 90' lang='lat' dir='ltr'>dicitur,</span> <span class='ocrx_word' id='word_1_284' title='bbox 1245 4539 1372 4605; x_wconf 89' lang='lat' dir='ltr'>studuit</span> <span class='ocrx_word' id='word_1_285' title='bbox 1388 4539 1573 4625; x_wconf 89' lang='lat' dir='ltr'>periculose</span> <span class='ocrx_word' id='word_1_286' title='bbox 1590 4539 1735 4606; x_wconf 89' lang='lat' dir='ltr'>nimium</span> <span class='ocrx_word' id='word_1_287' title='bbox 1760 4543 1851 4608; x_wconf 91' lang='lat' dir='ltr'>semi-</span> 
     </span>
     <span class='ocr_line' id='line_1_36' title="bbox 486 4637 1851 4731; baseline 0.009 -30"><span class='ocrx_word' id='word_1_288' title='bbox 486 4658 575 4704; x_wconf 90' lang='lat' dir='ltr'>nare.</span> <span class='ocrx_word' id='word_1_289' title='bbox 593 4637 678 4703; x_wconf 92' lang='lat' dir='ltr'>Cum</span> <span class='ocrx_word' id='word_1_290' title='bbox 694 4649 808 4704; x_wconf 91' lang='lat' dir='ltr'>autem</span> <span class='ocrx_word' id='word_1_291' title='bbox 824 4640 1013 4725; x_wconf 87' lang='lat' dir='ltr'>hujusmodi</span> <span class='ocrx_word' id='word_1_292' title='bbox 1030 4641 1244 4708; x_wconf 90' lang='lat' dir='ltr'>dissensionis</span> <span class='ocrx_word' id='word_1_293' title='bbox 1257 4643 1343 4725; x_wconf 89' lang='lat' dir='ltr'>odia,</span> <span class='ocrx_word' id='word_1_294' title='bbox 1361 4644 1518 4729; x_wconf 90' lang='lat' dir='ltr'>exemplo</span> <span class='ocrx_word' id='word_1_295' title='bbox 1534 4643 1649 4727; x_wconf 90' lang='lat' dir='ltr'>utique</span> <span class='ocrx_word' id='word_1_296' title='bbox 1664 4648 1851 4731; x_wconf 90' lang='lat' dir='ltr'>perniciosa</span> 
     </span>
     <span class='ocr_line' id='line_1_37' title="bbox 486 4742 1848 4834; baseline 0.007 -29"><span class='ocrx_word' id='word_1_297' title='bbox 486 4760 554 4805; x_wconf 91' lang='lat' dir='ltr'>non</span> <span class='ocrx_word' id='word_1_298' title='bbox 572 4742 751 4822; x_wconf 90' lang='lat' dir='ltr'>modicum,</span> <span class='ocrx_word' id='word_1_299' title='bbox 775 4743 849 4808; x_wconf 90' lang='lat' dir='ltr'>Deo</span> <span class='ocrx_word' id='word_1_300' title='bbox 873 4764 912 4809; x_wconf 90' lang='lat' dir='ltr'>ac</span> <span class='ocrx_word' id='word_1_301' title='bbox 936 4745 1033 4809; x_wconf 90' lang='lat' dir='ltr'>nobis</span> <span class='ocrx_word' id='word_1_302' title='bbox 1060 4752 1094 4808; x_wconf 90' lang='lat' dir='ltr'>et</span> <span class='ocrx_word' id='word_1_303' title='bbox 1119 4745 1195 4810; x_wconf 82' lang='lat' dir='ltr'>Sedi</span> <span class='ocrx_word' id='word_1_304' title='bbox 1222 4747 1405 4831; x_wconf 88' lang='lat' dir='ltr'>apostolice</span> <span class='ocrx_word' id='word_1_305' title='bbox 1429 4746 1652 4831; x_wconf 91' lang='lat' dir='ltr'>displicibilia,</span> <span class='ocrx_word' id='word_1_306' title='bbox 1668 4756 1798 4834; x_wconf 89' lang='lat' dir='ltr'>tueque</span> <span class='ocrx_word' id='word_1_307' title='bbox 1819 4760 1848 4815; x_wconf 89' lang='lat' dir='ltr'>et</span> 
     </span>
     <span class='ocr_line' id='line_1_38' title="bbox 485 4844 1846 4937; baseline 0.009 -29"><span class='ocrx_word' id='word_1_308' title='bbox 485 4844 633 4927; x_wconf 85' lang='lat' dir='ltr'>ejusdem</span> <span class='ocrx_word' id='word_1_309' title='bbox 659 4846 805 4932; x_wconf 91' lang='lat' dir='ltr'>episcopi</span> <span class='ocrx_word' id='word_1_310' title='bbox 833 4846 952 4912; x_wconf 88' lang='lat' dir='ltr'>honori</span> <span class='ocrx_word' id='word_1_311' title='bbox 979 4855 1014 4912; x_wconf 92' lang='lat' dir='ltr'>et</span> <span class='ocrx_word' id='word_1_312' title='bbox 1041 4846 1209 4914; x_wconf 91' lang='lat' dir='ltr'>honestati</span> <span class='ocrx_word' id='word_1_313' title='bbox 1237 4851 1336 4914; x_wconf 81' lang='lat' dir='ltr'>obvia</span> <span class='ocrx_word' id='word_1_314' title='bbox 1368 4850 1511 4915; x_wconf 88' lang='lat' dir='ltr'>existere</span> <span class='ocrx_word' id='word_1_315' title='bbox 1538 4869 1639 4934; x_wconf 90' lang='lat' dir='ltr'>quam</span> <span class='ocrx_word' id='word_1_316' title='bbox 1670 4854 1846 4937; x_wconf 89' lang='lat' dir='ltr'>plurimum</span> 
     </span>
     <span class='ocr_line' id='line_1_39' title="bbox 484 4945 1845 5037; baseline 0.008 -26"><span class='ocrx_word' id='word_1_317' title='bbox 484 4945 710 5030; x_wconf 90' lang='lat' dir='ltr'>dinoscantur,</span> <span class='ocrx_word' id='word_1_318' title='bbox 735 4949 979 5015; x_wconf 81' lang='lat' dir='ltr'>fraternitatem</span> <span class='ocrx_word' id='word_1_319' title='bbox 1005 4959 1096 5017; x_wconf 87' lang='lat' dir='ltr'>tuam</span> <span class='ocrx_word' id='word_1_320' title='bbox 1119 4972 1275 5037; x_wconf 86' lang='lat' dir='ltr'>rogamus</span> <span class='ocrx_word' id='word_1_321' title='bbox 1290 4963 1326 5019; x_wconf 90' lang='lat' dir='ltr'>et</span> <span class='ocrx_word' id='word_1_322' title='bbox 1348 4954 1521 5018; x_wconf 89' lang='lat' dir='ltr'>hortamur</span> <span class='ocrx_word' id='word_1_323' title='bbox 1543 4955 1718 5037; x_wconf 92' lang='lat' dir='ltr'>attentius,</span> <span class='ocrx_word' id='word_1_324' title='bbox 1742 4958 1845 5025; x_wconf 88' lang='lat' dir='ltr'>eidem</span> 
     </span>
     <span class='ocr_line' id='line_1_40' title="bbox 484 5050 1844 5147; baseline 0.008 -32"><span class='ocrx_word' id='word_1_325' title='bbox 484 5050 720 5119; x_wconf 90' lang='lat' dir='ltr'>nichilominus</span> <span class='ocrx_word' id='word_1_326' title='bbox 744 5073 826 5118; x_wconf 88' lang='lat' dir='ltr'>sano</span> <span class='ocrx_word' id='word_1_327' title='bbox 849 5054 988 5120; x_wconf 89' lang='lat' dir='ltr'>consilio</span> <span class='ocrx_word' id='word_1_328' title='bbox 1004 5057 1183 5122; x_wconf 90' lang='lat' dir='ltr'>suadentes</span> <span class='ocrx_word' id='word_1_329' title='bbox 1210 5057 1375 5142; x_wconf 88' lang='lat' dir='ltr'>quatinus,</span> <span class='ocrx_word' id='word_1_330' title='bbox 1400 5057 1569 5143; x_wconf 89' lang='lat' dir='ltr'>premissis</span> <span class='ocrx_word' id='word_1_331' title='bbox 1584 5066 1619 5122; x_wconf 90' lang='lat' dir='ltr'>et</span> <span class='ocrx_word' id='word_1_332' title='bbox 1641 5059 1718 5127; x_wconf 90' lang='lat' dir='ltr'>aliis</span> <span class='ocrx_word' id='word_1_333' title='bbox 1733 5084 1798 5147; x_wconf 90' lang='lat' dir='ltr'>que</span> <span class='ocrx_word' id='word_1_334' title='bbox 1812 5073 1844 5127; x_wconf 88' lang='lat' dir='ltr'>tu</span> 
     </span>
    </p>
   </div>
   <div class='ocr_carea' id='block_1_9' title="bbox 0 0 2210 6017">
    <p class='ocr_par' dir='ltr' id='par_1_15' title="bbox 0 0 2210 6017">
     <span class='ocr_line' id='line_1_41' title="bbox 0 0 2210 6017; baseline 0 8"><span class='ocrx_word' id='word_1_335' title='bbox 0 0 2210 6017; x_wconf 95' lang='lat' dir='ltr'> </span> 
     </span>
    </p>
   </div>
  </div>
 </body>
</html>
