<?xml version="1.0" encoding="UTF-8"?>
<!DOCTYPE html PUBLIC "-//W3C//DTD XHTML 1.0 Transitional//EN"
    "http://www.w3.org/TR/xhtml1/DTD/xhtml1-transitional.dtd">
<html xmlns="http://www.w3.org/1999/xhtml" xml:lang="en" lang="en">
 <head>
  <title>
</title>
<meta http-equiv="Content-Type" content="text/html;charset=utf-8" />
  <meta name='ocr-system' content='tesseract 3.04.00' />
  <meta name='ocr-capabilities' content='ocr_page ocr_carea ocr_par ocr_line ocrx_word'/>
</head>
<body>
  <div class='ocr_page' id='page_1' title='image "./lettresdejeanxx00xxiigoog_0242.png"; bbox 0 0 4409 6017; ppageno 0'>
   <div class='ocr_carea' id='block_1_1' title="bbox 513 698 1328 769">
    <p class='ocr_par' dir='ltr' id='par_1_1' title="bbox 513 698 1328 769">
     <span class='ocr_line' id='line_1_1' title="bbox 513 698 1328 769; baseline 0.007 -6"><span class='ocrx_word' id='word_1_1' title='bbox 513 698 569 764; x_wconf 73' lang='lat'><strong>156</strong></span> <span class='ocrx_word' id='word_1_2' title='bbox 1047 700 1204 767; x_wconf 77' lang='lat' dir='ltr'><strong>lleuxieme</strong></span> <span class='ocrx_word' id='word_1_3' title='bbox 1226 704 1328 769; x_wconf 74' lang='lat' dir='ltr'><strong>annea.</strong></span> 
     </span>
    </p>
   </div>
   <div class='ocr_carea' id='block_1_2' title="bbox 506 847 1862 1035">
    <p class='ocr_par' dir='ltr' id='par_1_2' title="bbox 506 847 1862 1035">
     <span class='ocr_line' id='line_1_2' title="bbox 550 847 1862 945; baseline 0.009 -33"><span class='ocrx_word' id='word_1_4' title='bbox 550 847 590 912; x_wconf 93' lang='lat' dir='ltr'><strong>In</strong></span> <span class='ocrx_word' id='word_1_5' title='bbox 606 870 638 914; x_wconf 87' lang='lat' dir='ltr'><strong>e.</strong></span> <span class='ocrx_word' id='word_1_6' title='bbox 651 871 696 913; x_wconf 93' lang='lat' dir='ltr'><strong>m.</strong></span> <span class='ocrx_word' id='word_1_7' title='bbox 712 850 840 915; x_wconf 89' lang='lat' dir='ltr'><strong>decano</strong></span> <span class='ocrx_word' id='word_1_8' title='bbox 858 850 1071 931; x_wconf 87' lang='lat' dir='ltr'><strong>Ronacensis,</strong></span> <span class='ocrx_word' id='word_1_9' title='bbox 1083 850 1334 920; x_wconf 85' lang='lat' dir='ltr'>Cameracensis</span> <span class='ocrx_word' id='word_1_10' title='bbox 1349 856 1501 938; x_wconf 90' lang='lat' dir='ltr'><strong>diocesis,</strong></span> <span class='ocrx_word' id='word_1_11' title='bbox 1512 866 1547 923; x_wconf 90' lang='lat' dir='ltr'><strong>et</strong></span> <span class='ocrx_word' id='word_1_12' title='bbox 1562 859 1734 945; x_wconf 89' lang='lat' dir='ltr'><strong>preposito</strong></span> <span class='ocrx_word' id='word_1_13' title='bbox 1750 856 1862 924; x_wconf 88' lang='lat' dir='ltr'><strong>Massi·</strong></span> 
     </span>
     <span class='ocr_line' id='line_1_3' title="bbox 506 951 1823 1035; baseline 0.011 -21"><span class='ocrx_word' id='word_1_14' title='bbox 506 951 618 1017; x_wconf 89' lang='lat' dir='ltr'><strong>liensis</strong></span> <span class='ocrx_word' id='word_1_15' title='bbox 632 973 671 1018; x_wconf 91' lang='lat' dir='ltr'><strong>ac</strong></span> <span class='ocrx_word' id='word_1_16' title='bbox 688 952 866 1019; x_wconf 86' lang='lat' dir='ltr'><strong>Francisco</strong></span> <span class='ocrx_word' id='word_1_17' title='bbox 881 953 923 1018; x_wconf 95' lang='lat' dir='ltr'><strong>de</strong></span> <span class='ocrx_word' id='word_1_18' title='bbox 939 954 1169 1035; x_wconf 87' lang='lat' dir='ltr'><strong>Scanabechis,</strong></span> <span class='ocrx_word' id='word_1_19' title='bbox 1186 958 1348 1025; x_wconf 91' lang='lat' dir='ltr'><strong>canonico</strong></span> <span class='ocrx_word' id='word_1_20' title='bbox 1364 959 1585 1028; x_wconf 89' lang='lat' dir='ltr'><strong>Tornacensis</strong></span> <span class='ocrx_word' id='word_1_21' title='bbox 1600 963 1823 1029; x_wconf 89' lang='lat' dir='ltr'><strong>ecclesiarum.</strong></span> 
     </span>
    </p>
   </div>
   <div class='ocr_carea' id='block_1_3' title="bbox 538 1116 1133 1177">
    <p class='ocr_par' dir='ltr' id='par_1_3' title="bbox 538 1116 1133 1177">
     <span class='ocr_line' id='line_1_4' title="bbox 538 1116 1133 1177; baseline 0.008 -14"><span class='ocrx_word' id='word_1_22' title='bbox 538 1116 600 1176; x_wconf 80' lang='lat' dir='ltr'><strong>Reg.</strong></span> <span class='ocrx_word' id='word_1_23' title='bbox 612 1119 659 1164; x_wconf 80' lang='lat' dir='ltr'><strong>Ax.</strong></span> <span class='ocrx_word' id='word_1_24' title='bbox 671 1118 693 1176; x_wconf 82' lang='lat'><strong>8,</strong></span> <span class='ocrx_word' id='word_1_25' title='bbox 708 1117 724 1166; x_wconf 82' lang='lat' dir='ltr'><strong>f.</strong></span> <span class='ocrx_word' id='word_1_26' title='bbox 738 1119 813 1175; x_wconf 74' lang='lat' dir='ltr'>171v;</span> <span class='ocrx_word' id='word_1_27' title='bbox 827 1118 884 1166; x_wconf 85' lang='lat' dir='ltr'><strong>Vat.</strong></span> <span class='ocrx_word' id='word_1_28' title='bbox 894 1121 932 1177; x_wconf 74' lang='lat' dir='ltr'><strong>ttr‘,</strong></span> <span class='ocrx_word' id='word_1_29' title='bbox 945 1118 963 1167; x_wconf 89' lang='lat' dir='ltr'><strong>f.</strong></span> <span class='ocrx_word' id='word_1_30' title='bbox 977 1122 1027 1177; x_wconf 65' lang='lat' dir='ltr'><strong>obv,</strong></span> <span class='ocrx_word' id='word_1_31' title='bbox 1040 1133 1065 1167; x_wconf 92' lang='grc'><strong>11.</strong></span> <span class='ocrx_word' id='word_1_32' title='bbox 1078 1121 1133 1168; x_wconf 71' lang='lat'><strong>200.</strong></span> 
     </span>
    </p>
   </div>
   <div class='ocr_carea' id='block_1_4' title="bbox 504 1313 1870 2347">
    <p class='ocr_par' dir='ltr' id='par_1_4' title="bbox 548 1313 1825 1409">
     <span class='ocr_line' id='line_1_5' title="bbox 548 1313 1825 1409; baseline -0.003 -16"><span class='ocrx_word' id='word_1_33' title='bbox 548 1313 666 1397; x_wconf 80' lang='grc'>434.</span> <span class='ocrx_word' id='word_1_34' title='bbox 1541 1344 1637 1408; x_wconf 76' lang='lat'><em>1317,</em></span> <span class='ocrx_word' id='word_1_35' title='bbox 1654 1343 1674 1409; x_wconf 92' lang='lat'>7</span> <span class='ocrx_word' id='word_1_36' title='bbox 1689 1327 1825 1391; x_wconf 77' lang='lat' dir='ltr'><em>octobre.</em></span> 
     </span>
    </p>

    <p class='ocr_par' dir='ltr' id='par_1_5' title="bbox 504 1428 1869 1929">
     <span class='ocr_line' id='line_1_6' title="bbox 550 1428 1862 1510; baseline -0.002 -14"><span class='ocrx_word' id='word_1_37' title='bbox 550 1430 569 1508; x_wconf 90' lang='lat' dir='ltr'>J</span> <span class='ocrx_word' id='word_1_38' title='bbox 573 1431 697 1496; x_wconf 89' lang='lat' dir='ltr'><strong>olranni</strong></span> <span class='ocrx_word' id='word_1_39' title='bbox 713 1429 830 1507; x_wconf 89' lang='lat' dir='ltr'><strong>Jacobi</strong></span> <span class='ocrx_word' id='word_1_40' title='bbox 846 1432 888 1496; x_wconf 90' lang='lat' dir='ltr'><strong>de</strong></span> <span class='ocrx_word' id='word_1_41' title='bbox 906 1431 1175 1510; x_wconf 90' lang='lat' dir='ltr'><strong>Robertimonte,</strong></span> <span class='ocrx_word' id='word_1_42' title='bbox 1192 1431 1285 1497; x_wconf 91' lang='lat' dir='ltr'><strong>dicto</strong></span> <span class='ocrx_word' id='word_1_43' title='bbox 1300 1429 1342 1494; x_wconf 92' lang='lat' dir='ltr'><strong>de</strong></span> <span class='ocrx_word' id='word_1_44' title='bbox 1359 1428 1514 1508; x_wconf 86' lang='lat' dir='ltr'><strong>Pictavis,</strong></span> <span class='ocrx_word' id='word_1_45' title='bbox 1531 1428 1652 1495; x_wconf 91' lang='lat' dir='ltr'><strong>clerico</strong></span> <span class='ocrx_word' id='word_1_46' title='bbox 1668 1437 1703 1494; x_wconf 93' lang='lat' dir='ltr'><strong>et</strong></span> <span class='ocrx_word' id='word_1_47' title='bbox 1719 1429 1862 1494; x_wconf 75' lang='lat' dir='ltr'><strong>familiari</strong></span> 
     </span>
     <span class='ocr_line' id='line_1_7' title="bbox 506 1531 1866 1619; baseline -0.003 -19"><span class='ocrx_word' id='word_1_48' title='bbox 506 1535 605 1615; x_wconf 90' lang='lat' dir='ltr'><strong>Petri,</strong></span> <span class='ocrx_word' id='word_1_49' title='bbox 622 1537 653 1600; x_wconf 84' lang='lat' dir='ltr'><strong>S.</strong></span> <span class='ocrx_word' id='word_1_50' title='bbox 669 1535 788 1619; x_wconf 83' lang='lat' dir='ltr'><strong>Angeli</strong></span> <span class='ocrx_word' id='word_1_51' title='bbox 805 1534 936 1599; x_wconf 89' lang='lat' dir='ltr'><strong>diaconi</strong></span> <span class='ocrx_word' id='word_1_52' title='bbox 952 1534 1137 1612; x_wconf 88' lang='lat' dir='ltr'><strong>cardinalis,</strong></span> <span class='ocrx_word' id='word_1_53' title='bbox 1154 1533 1322 1599; x_wconf 85' lang='lat' dir='ltr'>confertur</span> <span class='ocrx_word' id='word_1_54' title='bbox 1338 1533 1554 1597; x_wconf 86' lang='lat' dir='ltr'><strong>canonicatus</strong></span> <span class='ocrx_word' id='word_1_55' title='bbox 1577 1533 1718 1598; x_wconf 84' lang='lat' dir='ltr'><strong>ecclesie</strong></span> <span class='ocrx_word' id='word_1_56' title='bbox 1735 1532 1766 1597; x_wconf 84' lang='lat' dir='ltr'><strong>S.</strong></span> <span class='ocrx_word' id='word_1_57' title='bbox 1784 1531 1866 1597; x_wconf 89' lang='lat' dir='ltr'><strong>Her·</strong></span> 
     </span>
     <span class='ocr_line' id='line_1_8' title="bbox 505 1635 1865 1721; baseline -0.002 -19"><span class='ocrx_word' id='word_1_58' title='bbox 505 1640 603 1704; x_wconf 92' lang='lat' dir='ltr'><strong>metis</strong></span> <span class='ocrx_word' id='word_1_59' title='bbox 620 1639 834 1718; x_wconf 74' lang='lat' dir='ltr'><strong>Ronacensis</strong></span> <span class='ocrx_word' id='word_1_60' title='bbox 851 1637 1101 1703; x_wconf 85' lang='lat' dir='ltr'><strong>Cameracensis</strong></span> <span class='ocrx_word' id='word_1_61' title='bbox 1116 1636 1267 1714; x_wconf 83' lang='lat' dir='ltr'><strong>diocesis,</strong></span> <span class='ocrx_word' id='word_1_62' title='bbox 1284 1639 1344 1700; x_wconf 89' lang='lat' dir='ltr'><strong>sub</strong></span> <span class='ocrx_word' id='word_1_63' title='bbox 1361 1635 1596 1721; x_wconf 85' lang='lat' dir='ltr'><strong>expectatione</strong></span> <span class='ocrx_word' id='word_1_64' title='bbox 1611 1636 1792 1721; x_wconf 88' lang='lat' dir='ltr'><strong>prebende,</strong></span> <span class='ocrx_word' id='word_1_65' title='bbox 1803 1657 1865 1701; x_wconf 89' lang='lat' dir='ltr'><strong>non</strong></span> 
     </span>
     <span class='ocr_line' id='line_1_9' title="bbox 506 1738 1869 1826; baseline -0.001 -20"><span class='ocrx_word' id='word_1_66' title='bbox 506 1746 661 1807; x_wconf 87' lang='lat' dir='ltr'><strong>obstante</strong></span> <span class='ocrx_word' id='word_1_67' title='bbox 678 1741 768 1826; x_wconf 91' lang='lat' dir='ltr'><strong>quod</strong></span> <span class='ocrx_word' id='word_1_68' title='bbox 784 1741 1003 1826; x_wconf 86' lang='lat' dir='ltr'><strong>capellaniam</strong></span> <span class='ocrx_word' id='word_1_69' title='bbox 1020 1742 1051 1806; x_wconf 85' lang='lat' dir='ltr'><strong>S.</strong></span> <span class='ocrx_word' id='word_1_70' title='bbox 1069 1739 1207 1805; x_wconf 87' lang='lat' dir='ltr'><strong>Martini</strong></span> <span class='ocrx_word' id='word_1_71' title='bbox 1236 1740 1268 1803; x_wconf 93' lang='lat' dir='ltr'><strong>in</strong></span> <span class='ocrx_word' id='word_1_72' title='bbox 1293 1739 1432 1804; x_wconf 88' lang='lat' dir='ltr'><strong>ecclesia</strong></span> <span class='ocrx_word' id='word_1_73' title='bbox 1458 1738 1654 1818; x_wconf 84' lang='lat' dir='ltr'><strong>Nivellensi‚</strong></span> <span class='ocrx_word' id='word_1_74' title='bbox 1676 1739 1869 1805; x_wconf 91' lang='lat' dir='ltr'><strong>Leodiensis</strong></span> 
     </span>
     <span class='ocr_line' id='line_1_10' title="bbox 504 1843 1268 1929; baseline -0.004 -19"><span class='ocrx_word' id='word_1_75' title='bbox 504 1845 657 1925; x_wconf 89' lang='lat' dir='ltr'><strong>diocesis,</strong></span> <span class='ocrx_word' id='word_1_76' title='bbox 672 1845 743 1909; x_wconf 93' lang='lat' dir='ltr'><strong>sine</strong></span> <span class='ocrx_word' id='word_1_77' title='bbox 760 1865 837 1909; x_wconf 91' lang='lat' dir='ltr'><strong>cura</strong></span> <span class='ocrx_word' id='word_1_78' title='bbox 854 1845 912 1929; x_wconf 86' lang='lat'><strong>(10</strong></span> <span class='ocrx_word' id='word_1_79' title='bbox 928 1843 998 1910; x_wconf 88' lang='lat' dir='ltr'><strong>flor.</strong></span> <span class='ocrx_word' id='word_1_80' title='bbox 1014 1845 1111 1928; x_wconf 87' lang='lat' dir='ltr'><strong>auri),</strong></span> <span class='ocrx_word' id='word_1_81' title='bbox 1128 1844 1268 1909; x_wconf 91' lang='lat' dir='ltr'><strong>obtinet.</strong></span> 
     </span>
    </p>

    <p class='ocr_par' dir='ltr' id='par_1_6' title="bbox 547 1947 891 2034">
     <span class='ocr_line' id='line_1_11' title="bbox 547 1947 891 2034; baseline -0.003 -20"><span class='ocrx_word' id='word_1_82' title='bbox 547 1948 741 2034; x_wconf 86' lang='lat' dir='ltr'><strong>Apostolice</strong></span> <span class='ocrx_word' id='word_1_83' title='bbox 758 1947 891 2013; x_wconf 83' lang='lat' dir='ltr'><strong>Sedis...</strong></span> 
     </span>
    </p>

    <p class='ocr_par' dir='ltr' id='par_1_7' title="bbox 548 2051 1154 2118">
     <span class='ocr_line' id='line_1_12' title="bbox 548 2051 1154 2118; baseline 0.003 -3"><span class='ocrx_word' id='word_1_84' title='bbox 548 2052 626 2117; x_wconf 89' lang='lat' dir='ltr'><strong>Dat.</strong></span> <span class='ocrx_word' id='word_1_85' title='bbox 642 2051 740 2116; x_wconf 72' lang='lat' dir='ltr'><strong>Arm.</strong></span> <span class='ocrx_word' id='word_1_86' title='bbox 758 2072 836 2116; x_wconf 91' lang='lat' dir='ltr'><strong>non.</strong></span> <span class='ocrx_word' id='word_1_87' title='bbox 853 2054 1001 2118; x_wconf 88' lang='lat' dir='ltr'><strong>octobris</strong></span> <span class='ocrx_word' id='word_1_88' title='bbox 1017 2073 1108 2117; x_wconf 91' lang='lat' dir='ltr'><strong>anno</strong></span> <span class='ocrx_word' id='word_1_89' title='bbox 1126 2073 1154 2118; x_wconf 90' lang='lat'><strong>2.</strong></span> 
     </span>
    </p>

    <p class='ocr_par' dir='ltr' id='par_1_8' title="bbox 504 2153 1870 2347">
     <span class='ocr_line' id='line_1_13' title="bbox 549 2153 1870 2236; baseline 0.001 -17"><span class='ocrx_word' id='word_1_90' title='bbox 549 2155 588 2219; x_wconf 93' lang='lat' dir='ltr'><strong>In</strong></span> <span class='ocrx_word' id='word_1_91' title='bbox 605 2177 634 2220; x_wconf 91' lang='lat' dir='ltr'><strong>e.</strong></span> <span class='ocrx_word' id='word_1_92' title='bbox 650 2177 694 2220; x_wconf 94' lang='lat' dir='ltr'><strong>m.</strong></span> <span class='ocrx_word' id='word_1_93' title='bbox 705 2155 736 2220; x_wconf 87' lang='lat' dir='ltr'><strong>S.</strong></span> <span class='ocrx_word' id='word_1_94' title='bbox 749 2155 885 2220; x_wconf 74' lang='lat' dir='ltr'><strong>Adriani</strong></span> <span class='ocrx_word' id='word_1_95' title='bbox 902 2156 1222 2222; x_wconf 89' lang='lat' dir='ltr'><strong>Geraldimontensis</strong></span> <span class='ocrx_word' id='word_1_96' title='bbox 1234 2166 1268 2222; x_wconf 89' lang='lat' dir='ltr'><strong>et</strong></span> <span class='ocrx_word' id='word_1_97' title='bbox 1287 2156 1520 2236; x_wconf 88' lang='lat' dir='ltr'><strong>Henamensis,</strong></span> <span class='ocrx_word' id='word_1_98' title='bbox 1532 2153 1786 2221; x_wconf 85' lang='lat' dir='ltr'><strong>Cameracensis</strong></span> <span class='ocrx_word' id='word_1_99' title='bbox 1801 2155 1870 2221; x_wconf 91' lang='lat' dir='ltr'><strong>dio·</strong></span> 
     </span>
     <span class='ocr_line' id='line_1_14' title="bbox 504 2258 1724 2347; baseline -0.001 -22"><span class='ocrx_word' id='word_1_100' title='bbox 504 2259 598 2339; x_wconf 84' lang='lat' dir='ltr'><strong>cesis,</strong></span> <span class='ocrx_word' id='word_1_101' title='bbox 614 2259 890 2324; x_wconf 87' lang='lat' dir='ltr'><strong>monasteriorum</strong></span> <span class='ocrx_word' id='word_1_102' title='bbox 906 2261 1081 2326; x_wconf 86' lang='lat' dir='ltr'><strong>abbatibus</strong></span> <span class='ocrx_word' id='word_1_103' title='bbox 1096 2282 1136 2326; x_wconf 91' lang='lat' dir='ltr'><strong>ac</strong></span> <span class='ocrx_word' id='word_1_104' title='bbox 1151 2261 1322 2347; x_wconf 89' lang='lat' dir='ltr'><strong>preposito</strong></span> <span class='ocrx_word' id='word_1_105' title='bbox 1338 2260 1477 2326; x_wconf 89' lang='lat' dir='ltr'><strong>ecclesie</strong></span> <span class='ocrx_word' id='word_1_106' title='bbox 1495 2258 1724 2324; x_wconf 89' lang='lat' dir='ltr'><strong>Massiliensis.</strong></span> 
     </span>
    </p>
   </div>
   <div class='ocr_carea' id='block_1_5' title="bbox 538 2423 1111 2482">
    <p class='ocr_par' dir='ltr' id='par_1_9' title="bbox 538 2423 1111 2482">
     <span class='ocr_line' id='line_1_15' title="bbox 538 2423 1111 2482; baseline 0.002 -12"><span class='ocrx_word' id='word_1_107' title='bbox 538 2423 598 2482; x_wconf 63' lang='lat' dir='ltr'><strong>Rea.</strong></span> <span class='ocrx_word' id='word_1_108' title='bbox 612 2424 658 2470; x_wconf 71' lang='lat' dir='ltr'><strong>lv.</strong></span> <span class='ocrx_word' id='word_1_109' title='bbox 671 2425 692 2481; x_wconf 74' lang='lat' dir='ltr'><strong>fl.</strong></span> <span class='ocrx_word' id='word_1_110' title='bbox 706 2423 723 2470; x_wconf 91' lang='lat' dir='ltr'><strong>f.</strong></span> <span class='ocrx_word' id='word_1_111' title='bbox 739 2424 783 2468; x_wconf 84' lang='lat'><strong>155</strong></span> <span class='ocrx_word' id='word_1_112' title='bbox 796 2438 801 2472; x_wconf 87' lang='grc'>;</span> <span class='ocrx_word' id='word_1_113' title='bbox 816 2423 873 2470; x_wconf 84' lang='lat' dir='ltr'><strong>l&#39;at.</strong></span> <span class='ocrx_word' id='word_1_114' title='bbox 886 2424 924 2476; x_wconf 69' lang='lat' dir='ltr'><strong>or,</strong></span> <span class='ocrx_word' id='word_1_115' title='bbox 937 2424 955 2471; x_wconf 90' lang='lat' dir='ltr'><strong>f.</strong></span> <span class='ocrx_word' id='word_1_116' title='bbox 967 2426 1006 2478; x_wconf 77' lang='lat'><strong>56,</strong></span> <span class='ocrx_word' id='word_1_117' title='bbox 1018 2438 1043 2471; x_wconf 92' lang='grc'><strong>11.</strong></span> <span class='ocrx_word' id='word_1_118' title='bbox 1055 2425 1111 2471; x_wconf 78' lang='lat'><strong>201.</strong></span> 
     </span>
    </p>
   </div>
   <div class='ocr_carea' id='block_1_6' title="bbox 503 2634 1872 3866">
    <p class='ocr_par' dir='ltr' id='par_1_10' title="bbox 549 2634 1825 2731">
     <span class='ocr_line' id='line_1_16' title="bbox 549 2634 1825 2731; baseline -0.002 -17"><span class='ocrx_word' id='word_1_119' title='bbox 549 2634 667 2718; x_wconf 79' lang='grc'>435.</span> <span class='ocrx_word' id='word_1_120' title='bbox 1537 2664 1631 2731; x_wconf 80' lang='lat'><em>1317,</em></span> <span class='ocrx_word' id='word_1_121' title='bbox 1650 2648 1825 2731; x_wconf 86' lang='lat' dir='ltr'><strong>7octobre.</strong></span> 
     </span>
    </p>

    <p class='ocr_par' dir='ltr' id='par_1_11' title="bbox 503 2749 1872 3439">
     <span class='ocr_line' id='line_1_17' title="bbox 549 2749 1872 2836; baseline -0.002 -19"><span class='ocrx_word' id='word_1_122' title='bbox 549 2752 709 2836; x_wconf 83' lang='lat' dir='ltr'><strong>Gregorio</strong></span> <span class='ocrx_word' id='word_1_123' title='bbox 724 2753 766 2818; x_wconf 93' lang='lat' dir='ltr'><strong>de</strong></span> <span class='ocrx_word' id='word_1_124' title='bbox 782 2752 945 2833; x_wconf 88' lang='lat' dir='ltr'><strong>Civitella,</strong></span> <span class='ocrx_word' id='word_1_125' title='bbox 963 2754 1083 2820; x_wconf 87' lang='lat' dir='ltr'><strong>clerico</strong></span> <span class='ocrx_word' id='word_1_126' title='bbox 1096 2762 1134 2818; x_wconf 88' lang='lat' dir='ltr'><strong>et</strong></span> <span class='ocrx_word' id='word_1_127' title='bbox 1151 2753 1300 2818; x_wconf 86' lang='lat' dir='ltr'><strong>familiari</strong></span> <span class='ocrx_word' id='word_1_128' title='bbox 1318 2752 1417 2832; x_wconf 91' lang='lat' dir='ltr'><strong>Petri,</strong></span> <span class='ocrx_word' id='word_1_129' title='bbox 1428 2752 1459 2817; x_wconf 79' lang='lat' dir='ltr'><strong>S.</strong></span> <span class='ocrx_word' id='word_1_130' title='bbox 1472 2750 1593 2836; x_wconf 77' lang='lat' dir='ltr'><strong>Angeli</strong></span> <span class='ocrx_word' id='word_1_131' title='bbox 1613 2749 1747 2816; x_wconf 90' lang='lat' dir='ltr'><strong>diaconi</strong></span> <span class='ocrx_word' id='word_1_132' title='bbox 1765 2750 1872 2815; x_wconf 90' lang='lat' dir='ltr'><strong>cardi·</strong></span> 
     </span>
     <span class='ocr_line' id='line_1_18' title="bbox 505 2851 1871 2942; baseline 0 -23"><span class='ocrx_word' id='word_1_133' title='bbox 505 2856 599 2936; x_wconf 87' lang='lat' dir='ltr'><strong>nalis,</strong></span> <span class='ocrx_word' id='word_1_134' title='bbox 615 2856 830 2921; x_wconf 89' lang='lat' dir='ltr'><strong>conferuntur</strong></span> <span class='ocrx_word' id='word_1_135' title='bbox 845 2856 1060 2921; x_wconf 89' lang='lat' dir='ltr'><strong>canonicatus</strong></span> <span class='ocrx_word' id='word_1_136' title='bbox 1076 2865 1110 2921; x_wconf 90' lang='lat' dir='ltr'><strong>et</strong></span> <span class='ocrx_word' id='word_1_137' title='bbox 1127 2856 1296 2942; x_wconf 89' lang='lat' dir='ltr'><strong>prebenda</strong></span> <span class='ocrx_word' id='word_1_138' title='bbox 1311 2855 1452 2921; x_wconf 87' lang='lat' dir='ltr'><strong>ecclesie</strong></span> <span class='ocrx_word' id='word_1_139' title='bbox 1468 2855 1499 2919; x_wconf 87' lang='lat' dir='ltr'><strong>S.</strong></span> <span class='ocrx_word' id='word_1_140' title='bbox 1517 2854 1606 2919; x_wconf 92' lang='lat' dir='ltr'><strong>Petri</strong></span> <span class='ocrx_word' id='word_1_141' title='bbox 1621 2853 1664 2919; x_wconf 89' lang='lat' dir='ltr'><strong>de</strong></span> <span class='ocrx_word' id='word_1_142' title='bbox 1681 2851 1871 2932; x_wconf 90' lang='lat' dir='ltr'><strong>Malbodi0,</strong></span> 
     </span>
     <span class='ocr_line' id='line_1_19' title="bbox 505 2955 1871 3045; baseline -0.001 -22"><span class='ocrx_word' id='word_1_143' title='bbox 505 2959 755 3025; x_wconf 83' lang='lat' dir='ltr'><strong>Cameracensis</strong></span> <span class='ocrx_word' id='word_1_144' title='bbox 770 2960 920 3039; x_wconf 88' lang='lat' dir='ltr'><strong>diocesis,</strong></span> <span class='ocrx_word' id='word_1_145' title='bbox 937 2969 1095 3025; x_wconf 86' lang='lat' dir='ltr'><strong>vacantes</strong></span> <span class='ocrx_word' id='word_1_146' title='bbox 1112 2982 1170 3045; x_wconf 91' lang='lat' dir='ltr'><strong>per</strong></span> <span class='ocrx_word' id='word_1_147' title='bbox 1185 2960 1315 3025; x_wconf 90' lang='lat' dir='ltr'><strong>obitum</strong></span> <span class='ocrx_word' id='word_1_148' title='bbox 1332 2958 1478 3043; x_wconf 88' lang='lat' dir='ltr'><strong>magistri</strong></span> <span class='ocrx_word' id='word_1_149' title='bbox 1495 2957 1652 3043; x_wconf 83' lang='lat' dir='ltr'><strong>Symonis</strong></span> <span class='ocrx_word' id='word_1_150' title='bbox 1673 2955 1811 3022; x_wconf 88' lang='lat' dir='ltr'><strong>Berardi</strong></span> <span class='ocrx_word' id='word_1_151' title='bbox 1829 2957 1871 3021; x_wconf 92' lang='lat' dir='ltr'><strong>de</strong></span> 
     </span>
     <span class='ocr_line' id='line_1_20' title="bbox 505 3049 1870 3149; baseline -0.001 -22"><span class='ocrx_word' id='word_1_152' title='bbox 505 3062 623 3143; x_wconf 86' lang='lat' dir='ltr'><strong>Roma,</strong></span> <span class='ocrx_word' id='word_1_153' title='bbox 635 3064 818 3149; x_wconf 90' lang='lat' dir='ltr'><strong>apostolice</strong></span> <span class='ocrx_word' id='word_1_154' title='bbox 831 3063 924 3128; x_wconf 82' lang='lat' dir='ltr'><strong>Sedis</strong></span> <span class='ocrx_word' id='word_1_155' title='bbox 936 3063 1113 3147; x_wconf 89' lang='lat' dir='ltr'><strong>scriptoris,</strong></span> <span class='ocrx_word' id='word_1_156' title='bbox 1124 3063 1260 3145; x_wconf 82' lang='lat' dir='ltr'><strong>dudum,</strong></span> <span class='ocrx_word' id='word_1_157' title='bbox 1271 3063 1351 3128; x_wconf 91' lang='lat' dir='ltr'><strong>dum</strong></span> <span class='ocrx_word' id='word_1_158' title='bbox 1362 3062 1463 3127; x_wconf 87' lang='lat' dir='ltr'><strong>Sedes</strong></span> <span class='ocrx_word' id='word_1_159' title='bbox 1473 3061 1656 3147; x_wconf 90' lang='lat' dir='ltr'><strong>apostolica</strong></span> <span class='ocrx_word' id='word_1_160' title='bbox 1666 3049 1726 3146; x_wconf 89' lang='lat' dir='ltr'><strong>per</strong></span> <span class='ocrx_word' id='word_1_161' title='bbox 1738 3061 1870 3126; x_wconf 90' lang='lat' dir='ltr'><strong>obitum</strong></span> 
     </span>
     <span class='ocr_line' id='line_1_21' title="bbox 504 3165 1871 3253; baseline 0.001 -24"><span class='ocrx_word' id='word_1_162' title='bbox 504 3165 688 3231; x_wconf 88' lang='lat' dir='ltr'><strong>Clementis</strong></span> <span class='ocrx_word' id='word_1_163' title='bbox 703 3188 789 3252; x_wconf 91' lang='lat' dir='ltr'><strong>pape</strong></span> <span class='ocrx_word' id='word_1_164' title='bbox 806 3167 834 3229; x_wconf 87' lang='lat' dir='ltr'>V</span> <span class='ocrx_word' id='word_1_165' title='bbox 850 3175 984 3253; x_wconf 88' lang='lat' dir='ltr'><strong>pastore</strong></span> <span class='ocrx_word' id='word_1_166' title='bbox 1011 3175 1149 3248; x_wconf 89' lang='lat' dir='ltr'><strong>careret,</strong></span> <span class='ocrx_word' id='word_1_167' title='bbox 1167 3168 1198 3231; x_wconf 94' lang='lat' dir='ltr'><strong>in</strong></span> <span class='ocrx_word' id='word_1_168' title='bbox 1218 3166 1310 3232; x_wconf 90' lang='lat' dir='ltr'><strong>Urbe</strong></span> <span class='ocrx_word' id='word_1_169' title='bbox 1326 3166 1485 3246; x_wconf 89' lang='lat' dir='ltr'><strong>defuncti,</strong></span> <span class='ocrx_word' id='word_1_170' title='bbox 1503 3187 1571 3230; x_wconf 93' lang='lat' dir='ltr'><strong>non</strong></span> <span class='ocrx_word' id='word_1_171' title='bbox 1597 3168 1756 3232; x_wconf 91' lang='lat' dir='ltr'><strong>obstante</strong></span> <span class='ocrx_word' id='word_1_172' title='bbox 1780 3166 1871 3252; x_wconf 92' lang='lat' dir='ltr'><strong>quod</strong></span> 
     </span>
     <span class='ocr_line' id='line_1_22' title="bbox 503 3269 1869 3357; baseline -0.002 -21"><span class='ocrx_word' id='word_1_173' title='bbox 503 3271 610 3336; x_wconf 92' lang='lat' dir='ltr'><strong>dictus</strong></span> <span class='ocrx_word' id='word_1_174' title='bbox 625 3270 802 3355; x_wconf 86' lang='lat' dir='ltr'><strong>Gregorius</strong></span> <span class='ocrx_word' id='word_1_175' title='bbox 827 3271 860 3335; x_wconf 90' lang='lat' dir='ltr'><strong>in</strong></span> <span class='ocrx_word' id='word_1_176' title='bbox 878 3270 1074 3336; x_wconf 91' lang='lat' dir='ltr'><strong>Penestrina</strong></span> <span class='ocrx_word' id='word_1_177' title='bbox 1098 3280 1132 3335; x_wconf 89' lang='lat' dir='ltr'><strong>et</strong></span> <span class='ocrx_word' id='word_1_178' title='bbox 1157 3269 1317 3335; x_wconf 88' lang='lat' dir='ltr'><strong>Brixiensi</strong></span> <span class='ocrx_word' id='word_1_179' title='bbox 1342 3271 1488 3335; x_wconf 89' lang='lat' dir='ltr'><strong>ecclesiis</strong></span> <span class='ocrx_word' id='word_1_180' title='bbox 1511 3270 1729 3336; x_wconf 87' lang='lat' dir='ltr'><strong>canonicatus</strong></span> <span class='ocrx_word' id='word_1_181' title='bbox 1745 3280 1781 3336; x_wconf 91' lang='lat' dir='ltr'><strong>et</strong></span> <span class='ocrx_word' id='word_1_182' title='bbox 1796 3291 1869 3357; x_wconf 89' lang='lat' dir='ltr'><strong>pre·</strong></span> 
     </span>
     <span class='ocr_line' id='line_1_23' title="bbox 503 3374 788 3439; baseline 0.004 -1"><span class='ocrx_word' id='word_1_183' title='bbox 503 3374 629 3439; x_wconf 86' lang='lat' dir='ltr'><strong>bendas</strong></span> <span class='ocrx_word' id='word_1_184' title='bbox 646 3375 788 3439; x_wconf 89' lang='lat' dir='ltr'><strong>obtinet.</strong></span> 
     </span>
    </p>

    <p class='ocr_par' dir='ltr' id='par_1_12' title="bbox 547 3477 894 3563">
     <span class='ocr_line' id='line_1_24' title="bbox 547 3477 894 3563; baseline 0 -22"><span class='ocrx_word' id='word_1_185' title='bbox 547 3478 742 3563; x_wconf 77' lang='lat' dir='ltr'><strong>Apostolice</strong></span> <span class='ocrx_word' id='word_1_186' title='bbox 758 3477 894 3542; x_wconf 87' lang='lat' dir='ltr'><strong>Sedis...</strong></span> 
     </span>
    </p>

    <p class='ocr_par' dir='ltr' id='par_1_13' title="bbox 548 3581 1158 3647">
     <span class='ocr_line' id='line_1_25' title="bbox 548 3581 1158 3647; baseline 0.005 -3"><span class='ocrx_word' id='word_1_187' title='bbox 548 3581 625 3647; x_wconf 89' lang='lat' dir='ltr'><strong>Dat.</strong></span> <span class='ocrx_word' id='word_1_188' title='bbox 641 3582 741 3647; x_wconf 79' lang='lat' dir='ltr'><strong>Avin.</strong></span> <span class='ocrx_word' id='word_1_189' title='bbox 759 3602 839 3646; x_wconf 91' lang='lat' dir='ltr'><strong>non.</strong></span> <span class='ocrx_word' id='word_1_190' title='bbox 857 3582 1004 3647; x_wconf 90' lang='lat' dir='ltr'><strong>octobris</strong></span> <span class='ocrx_word' id='word_1_191' title='bbox 1020 3601 1111 3646; x_wconf 90' lang='lat' dir='ltr'><strong>anno</strong></span> <span class='ocrx_word' id='word_1_192' title='bbox 1129 3601 1158 3647; x_wconf 90' lang='lat'><strong>2.</strong></span> 
     </span>
    </p>

    <p class='ocr_par' dir='ltr' id='par_1_14' title="bbox 503 3682 1867 3866">
     <span class='ocr_line' id='line_1_26' title="bbox 548 3682 1867 3769; baseline 0.001 -21"><span class='ocrx_word' id='word_1_193' title='bbox 548 3682 587 3748; x_wconf 96' lang='lat' dir='ltr'><strong>ln</strong></span> <span class='ocrx_word' id='word_1_194' title='bbox 604 3706 633 3750; x_wconf 93' lang='lat' dir='ltr'><strong>e.</strong></span> <span class='ocrx_word' id='word_1_195' title='bbox 649 3705 694 3750; x_wconf 81' lang='lat' dir='ltr'><strong>in.</strong></span> <span class='ocrx_word' id='word_1_196' title='bbox 710 3684 880 3769; x_wconf 88' lang='lat' dir='ltr'><strong>preposito</strong></span> <span class='ocrx_word' id='word_1_197' title='bbox 898 3683 1113 3749; x_wconf 83' lang='lat' dir='ltr'><strong>Massiliensis</strong></span> <span class='ocrx_word' id='word_1_198' title='bbox 1130 3693 1163 3750; x_wconf 89' lang='lat' dir='ltr'><strong>et</strong></span> <span class='ocrx_word' id='word_1_199' title='bbox 1187 3684 1421 3750; x_wconf 89' lang='lat' dir='ltr'><strong>archidiacono</strong></span> <span class='ocrx_word' id='word_1_200' title='bbox 1437 3683 1645 3750; x_wconf 78' lang='lat' dir='ltr'><strong>Annoniensi</strong></span> <span class='ocrx_word' id='word_1_201' title='bbox 1661 3705 1701 3751; x_wconf 92' lang='lat' dir='ltr'><strong>ac</strong></span> <span class='ocrx_word' id='word_1_202' title='bbox 1717 3684 1736 3762; x_wconf 90' lang='lat' dir='ltr'>J</span> <span class='ocrx_word' id='word_1_203' title='bbox 1740 3686 1867 3751; x_wconf 93' lang='lat' dir='ltr'><strong>ordano</strong></span> 
     </span>
     <span class='ocr_line' id='line_1_27' title="bbox 503 3786 1281 3866; baseline 0 -13"><span class='ocrx_word' id='word_1_204' title='bbox 503 3788 545 3853; x_wconf 88' lang='lat' dir='ltr'><strong>de</strong></span> <span class='ocrx_word' id='word_1_205' title='bbox 562 3786 665 3866; x_wconf 86' lang='lat' dir='ltr'><strong>Pile0‚</strong></span> <span class='ocrx_word' id='word_1_206' title='bbox 682 3787 846 3853; x_wconf 89' lang='lat' dir='ltr'><strong>canonico</strong></span> <span class='ocrx_word' id='word_1_207' title='bbox 863 3787 1115 3852; x_wconf 88' lang='lat' dir='ltr'><strong>Cameracensis</strong></span> <span class='ocrx_word' id='word_1_208' title='bbox 1132 3788 1281 3853; x_wconf 89' lang='lat' dir='ltr'><strong>ecclesie.</strong></span> 
     </span>
    </p>
   </div>
   <div class='ocr_carea' id='block_1_7' title="bbox 536 3957 1138 4018">
    <p class='ocr_par' dir='ltr' id='par_1_15' title="bbox 536 3957 1138 4018">
     <span class='ocr_line' id='line_1_28' title="bbox 536 3957 1138 4018; baseline 0.003 -14"><span class='ocrx_word' id='word_1_209' title='bbox 536 3957 596 4018; x_wconf 77' lang='lat' dir='ltr'><strong>Reg.</strong></span> <span class='ocrx_word' id='word_1_210' title='bbox 611 3958 659 4004; x_wconf 76' lang='lat' dir='ltr'><strong>Au.</strong></span> <span class='ocrx_word' id='word_1_211' title='bbox 672 3958 693 4010; x_wconf 76' lang='lat'><strong>8.</strong></span> <span class='ocrx_word' id='word_1_212' title='bbox 706 3958 724 4005; x_wconf 86' lang='lat' dir='ltr'><strong>f.</strong></span> <span class='ocrx_word' id='word_1_213' title='bbox 738 3960 812 4007; x_wconf 67' lang='lat' dir='ltr'><strong>liar:</strong></span> <span class='ocrx_word' id='word_1_214' title='bbox 826 3959 884 4006; x_wconf 79' lang='lat' dir='ltr'><strong>Vat.</strong></span> <span class='ocrx_word' id='word_1_215' title='bbox 897 3960 936 4013; x_wconf 74' lang='lat' dir='ltr'><strong>ot,</strong></span> <span class='ocrx_word' id='word_1_216' title='bbox 949 3959 966 4007; x_wconf 88' lang='lat' dir='ltr'><strong>f.</strong></span> <span class='ocrx_word' id='word_1_217' title='bbox 980 3962 1030 4017; x_wconf 62' lang='lat' dir='ltr'><strong>frit,</strong></span> <span class='ocrx_word' id='word_1_218' title='bbox 1044 3973 1068 4006; x_wconf 92' lang='lat' dir='ltr'><strong>n.</strong></span> <span class='ocrx_word' id='word_1_219' title='bbox 1081 3961 1138 4007; x_wconf 70' lang='lat'><strong>2013.</strong></span> 
     </span>
    </p>
   </div>
   <div class='ocr_carea' id='block_1_8' title="bbox 546 4166 1866 4370">
    <p class='ocr_par' dir='ltr' id='par_1_16' title="bbox 546 4166 1866 4370">
     <span class='ocr_line' id='line_1_29' title="bbox 546 4166 1824 4252; baseline 0.001 -7"><span class='ocrx_word' id='word_1_220' title='bbox 546 4166 663 4252; x_wconf 83' lang='grc'>436.</span> <span class='ocrx_word' id='word_1_221' title='bbox 1537 4201 1555 4244; x_wconf 94' lang='grc'><em>1</em></span> <span class='ocrx_word' id='word_1_222' title='bbox 1582 4201 1599 4243; x_wconf 93' lang='grc'><em>1</em></span> <span class='ocrx_word' id='word_1_223' title='bbox 1649 4180 1824 4247; x_wconf 76' lang='lat' dir='ltr'><strong>Soctobre.</strong></span> 
     </span>
     <span class='ocr_line' id='line_1_30' title="bbox 547 4195 1866 4370; baseline 0.002 -23"><span class='ocrx_word' id='word_1_224' title='bbox 547 4283 727 4349; x_wconf 86' lang='lat' dir='ltr'><strong>Guillelmo</strong></span> <span class='ocrx_word' id='word_1_225' title='bbox 743 4286 785 4349; x_wconf 82' lang='lat' dir='ltr'><strong>(le</strong></span> <span class='ocrx_word' id='word_1_226' title='bbox 804 4284 1000 4350; x_wconf 83' lang='lat' dir='ltr'><strong>Bardewiclr</strong></span> <span class='ocrx_word' id='word_1_227' title='bbox 1017 4285 1187 4350; x_wconf 90' lang='lat' dir='ltr'><strong>confertur</strong></span> <span class='ocrx_word' id='word_1_228' title='bbox 1202 4284 1419 4350; x_wconf 87' lang='lat' dir='ltr'><strong>canonicatus</strong></span> <span class='ocrx_word' id='word_1_229' title='bbox 1436 4199 1579 4349; x_wconf 61' lang='lat' dir='ltr'><strong>ecclesid</strong></span> <span class='ocrx_word' id='word_1_230' title='bbox 1591 4195 1866 4370; x_wconf 64' lang='lat' dir='ltr'><strong>siirtwerpiensis</strong></span> 
     </span>
    </p>
   </div>
   <div class='ocr_carea' id='block_1_9' title="bbox 501 4387 1866 5191">
    <p class='ocr_par' dir='ltr' id='par_1_17' title="bbox 501 4387 1866 4872">
     <span class='ocr_line' id='line_1_31' title="bbox 503 4387 1865 4474; baseline 0.002 -23"><span class='ocrx_word' id='word_1_231' title='bbox 503 4387 752 4454; x_wconf 87' lang='lat' dir='ltr'><strong>Cameracensis</strong></span> <span class='ocrx_word' id='word_1_232' title='bbox 769 4388 920 4464; x_wconf 88' lang='lat' dir='ltr'><strong>diocesis,</strong></span> <span class='ocrx_word' id='word_1_233' title='bbox 937 4392 997 4452; x_wconf 89' lang='lat' dir='ltr'><strong>snb</strong></span> <span class='ocrx_word' id='word_1_234' title='bbox 1014 4387 1250 4473; x_wconf 82' lang='lat' dir='ltr'><strong>expectatione</strong></span> <span class='ocrx_word' id='word_1_235' title='bbox 1273 4389 1453 4474; x_wconf 90' lang='lat' dir='ltr'><strong>prebende,</strong></span> <span class='ocrx_word' id='word_1_236' title='bbox 1470 4409 1537 4452; x_wconf 92' lang='lat' dir='ltr'><strong>non</strong></span> <span class='ocrx_word' id='word_1_237' title='bbox 1555 4389 1712 4452; x_wconf 91' lang='lat' dir='ltr'><strong>obstante</strong></span> <span class='ocrx_word' id='word_1_238' title='bbox 1728 4389 1819 4473; x_wconf 89' lang='lat' dir='ltr'><strong>quod</strong></span> <span class='ocrx_word' id='word_1_239' title='bbox 1835 4390 1865 4453; x_wconf 96' lang='lat' dir='ltr'><strong>in</strong></span> 
     </span>
     <span class='ocr_line' id='line_1_32' title="bbox 503 4491 1866 4579; baseline 0 -21"><span class='ocrx_word' id='word_1_240' title='bbox 503 4492 641 4558; x_wconf 89' lang='lat' dir='ltr'><strong>ecclesia</strong></span> <span class='ocrx_word' id='word_1_241' title='bbox 659 4493 689 4559; x_wconf 85' lang='lat' dir='ltr'><strong>S.</strong></span> <span class='ocrx_word' id='word_1_242' title='bbox 707 4493 846 4558; x_wconf 71' lang='lat' dir='ltr'><strong>Serr&#39;atii</strong></span> <span class='ocrx_word' id='word_1_243' title='bbox 863 4494 1092 4579; x_wconf 71' lang='lat' dir='ltr'><strong>&#39;l&#39;rajectensis</strong></span> <span class='ocrx_word' id='word_1_244' title='bbox 1112 4493 1307 4559; x_wconf 74' lang='lat' dir='ltr'><strong>leodiensis</strong></span> <span class='ocrx_word' id='word_1_245' title='bbox 1322 4494 1473 4572; x_wconf 88' lang='lat' dir='ltr'><strong>diocesis,</strong></span> <span class='ocrx_word' id='word_1_246' title='bbox 1491 4491 1727 4557; x_wconf 89' lang='lat' dir='ltr'><strong>canonicatum</strong></span> <span class='ocrx_word' id='word_1_247' title='bbox 1744 4501 1778 4558; x_wconf 90' lang='lat' dir='ltr'><strong>et</strong></span> <span class='ocrx_word' id='word_1_248' title='bbox 1794 4513 1866 4578; x_wconf 89' lang='lat' dir='ltr'><strong>pre·</strong></span> 
     </span>
     <span class='ocr_line' id='line_1_33' title="bbox 501 4595 1865 4687; baseline 0.001 -28"><span class='ocrx_word' id='word_1_249' title='bbox 501 4595 646 4660; x_wconf 90' lang='lat' dir='ltr'><strong>bendam</strong></span> <span class='ocrx_word' id='word_1_250' title='bbox 663 4597 803 4676; x_wconf 80' lang='lat' dir='ltr'><strong>obtinet,</strong></span> <span class='ocrx_word' id='word_1_251' title='bbox 820 4618 879 4662; x_wconf 90' lang='lat' dir='ltr'><strong>sen</strong></span> <span class='ocrx_word' id='word_1_252' title='bbox 895 4598 984 4681; x_wconf 91' lang='lat' dir='ltr'><strong>qnod</strong></span> <span class='ocrx_word' id='word_1_253' title='bbox 1001 4598 1030 4661; x_wconf 88' lang='lat' dir='ltr'><strong>ei</strong></span> <span class='ocrx_word' id='word_1_254' title='bbox 1047 4619 1154 4682; x_wconf 90' lang='lat' dir='ltr'><strong>nuper</strong></span> <span class='ocrx_word' id='word_1_255' title='bbox 1168 4618 1227 4682; x_wconf 86' lang='lat' dir='ltr'><strong>per</strong></span> <span class='ocrx_word' id='word_1_256' title='bbox 1243 4598 1370 4661; x_wconf 87' lang='lat' dir='ltr'><strong>litteras</strong></span> <span class='ocrx_word' id='word_1_257' title='bbox 1393 4595 1593 4681; x_wconf 87' lang='lat' dir='ltr'><strong>apostolicas</strong></span> <span class='ocrx_word' id='word_1_258' title='bbox 1608 4595 1650 4660; x_wconf 81' lang='lat' dir='ltr'><strong>(le</strong></span> <span class='ocrx_word' id='word_1_259' title='bbox 1666 4597 1865 4687; x_wconf 83' lang='lat' dir='ltr'><strong>canonicatu</strong></span> 
     </span>
     <span class='ocr_line' id='line_1_34' title="bbox 503 4698 1863 4786; baseline -0.001 -22"><span class='ocrx_word' id='word_1_260' title='bbox 503 4700 642 4765; x_wconf 91' lang='lat' dir='ltr'><strong>ecclesie</strong></span> <span class='ocrx_word' id='word_1_261' title='bbox 652 4700 868 4781; x_wconf 83' lang='lat' dir='ltr'><strong>Znennensis,</strong></span> <span class='ocrx_word' id='word_1_262' title='bbox 880 4705 940 4766; x_wconf 91' lang='lat' dir='ltr'><strong>snb</strong></span> <span class='ocrx_word' id='word_1_263' title='bbox 954 4702 1189 4786; x_wconf 87' lang='lat' dir='ltr'><strong>expectatione</strong></span> <span class='ocrx_word' id='word_1_264' title='bbox 1203 4701 1381 4786; x_wconf 88' lang='lat' dir='ltr'><strong>prebende,</strong></span> <span class='ocrx_word' id='word_1_265' title='bbox 1394 4700 1561 4785; x_wconf 84' lang='lat' dir='ltr'><strong>provisum</strong></span> <span class='ocrx_word' id='word_1_266' title='bbox 1573 4698 1643 4779; x_wconf 84' lang='lat' dir='ltr'><strong>fuit,</strong></span> <span class='ocrx_word' id='word_1_267' title='bbox 1656 4719 1722 4782; x_wconf 93' lang='lat' dir='ltr'><strong>que</strong></span> <span class='ocrx_word' id='word_1_268' title='bbox 1732 4700 1863 4784; x_wconf 89' lang='lat' dir='ltr'><strong>quidem</strong></span> 
     </span>
     <span class='ocr_line' id='line_1_35' title="bbox 501 4805 1122 4872; baseline 0.005 -4"><span class='ocrx_word' id='word_1_269' title='bbox 501 4805 612 4869; x_wconf 90' lang='lat' dir='ltr'><strong>littere</strong></span> <span class='ocrx_word' id='word_1_270' title='bbox 628 4806 767 4871; x_wconf 92' lang='lat' dir='ltr'><strong>omnino</strong></span> <span class='ocrx_word' id='word_1_271' title='bbox 784 4807 872 4871; x_wconf 89' lang='lat' dir='ltr'><strong>irrite</strong></span> <span class='ocrx_word' id='word_1_272' title='bbox 888 4807 1122 4872; x_wconf 86' lang='lat' dir='ltr'><strong>decernuntur.</strong></span> 
     </span>
    </p>

    <p class='ocr_par' dir='ltr' id='par_1_18' title="bbox 545 4911 1026 4994">
     <span class='ocr_line' id='line_1_36' title="bbox 545 4911 1026 4994; baseline 0.004 -21"><span class='ocrx_word' id='word_1_273' title='bbox 545 4911 740 4994; x_wconf 74' lang='lat' dir='ltr'><strong>Apostolice</strong></span> <span class='ocrx_word' id='word_1_274' title='bbox 756 4912 993 4976; x_wconf 87' lang='lat' dir='ltr'><strong>munificentie.</strong></span> <span class='ocrx_word' id='word_1_275' title='bbox 1004 4962 1026 4975; x_wconf 87' lang='lat'><strong>..</strong></span> 
     </span>
    </p>

    <p class='ocr_par' dir='ltr' id='par_1_19' title="bbox 547 5013 1154 5080">
     <span class='ocr_line' id='line_1_37' title="bbox 547 5013 1154 5080; baseline 0.002 -3"><span class='ocrx_word' id='word_1_276' title='bbox 547 5014 625 5079; x_wconf 89' lang='lat' dir='ltr'><strong>Dat.</strong></span> <span class='ocrx_word' id='word_1_277' title='bbox 642 5015 741 5080; x_wconf 69' lang='lat' dir='ltr'><strong>Asin.</strong></span> <span class='ocrx_word' id='word_1_278' title='bbox 760 5017 777 5079; x_wconf 89' lang='lat'>8</span> <span class='ocrx_word' id='word_1_279' title='bbox 795 5015 837 5080; x_wconf 87' lang='lat' dir='ltr'><strong>id.</strong></span> <span class='ocrx_word' id='word_1_280' title='bbox 855 5013 1001 5080; x_wconf 86' lang='lat' dir='ltr'><strong>octobris</strong></span> <span class='ocrx_word' id='word_1_281' title='bbox 1017 5035 1108 5077; x_wconf 85' lang='lat' dir='ltr'><strong>anno</strong></span> <span class='ocrx_word' id='word_1_282' title='bbox 1127 5035 1154 5078; x_wconf 88' lang='lat'><strong>2.</strong></span> 
     </span>
    </p>

    <p class='ocr_par' dir='ltr' id='par_1_20' title="bbox 547 5112 1858 5191">
     <span class='ocr_line' id='line_1_38' title="bbox 547 5112 1858 5191; baseline -0.002 -12"><span class='ocrx_word' id='word_1_283' title='bbox 547 5115 587 5180; x_wconf 93' lang='lat' dir='ltr'><strong>ln</strong></span> <span class='ocrx_word' id='word_1_284' title='bbox 604 5139 633 5182; x_wconf 92' lang='lat' dir='ltr'><strong>e.</strong></span> <span class='ocrx_word' id='word_1_285' title='bbox 650 5139 693 5183; x_wconf 87' lang='lat' dir='ltr'><strong>nr.</strong></span> <span class='ocrx_word' id='word_1_286' title='bbox 718 5118 847 5185; x_wconf 88' lang='lat' dir='ltr'><strong>decano</strong></span> <span class='ocrx_word' id='word_1_287' title='bbox 870 5117 1008 5183; x_wconf 89' lang='lat' dir='ltr'><strong>ecclesie</strong></span> <span class='ocrx_word' id='word_1_288' title='bbox 1032 5119 1063 5181; x_wconf 77' lang='lat' dir='ltr'><strong>S.</strong></span> <span class='ocrx_word' id='word_1_289' title='bbox 1088 5117 1176 5183; x_wconf 91' lang='lat' dir='ltr'><strong>Petri</strong></span> <span class='ocrx_word' id='word_1_290' title='bbox 1201 5115 1428 5190; x_wconf 79' lang='lat' dir='ltr'><strong>lovaniensis,</strong></span> <span class='ocrx_word' id='word_1_291' title='bbox 1447 5113 1641 5179; x_wconf 76' lang='lat' dir='ltr'><strong>leodiensis</strong></span> <span class='ocrx_word' id='word_1_292' title='bbox 1662 5112 1813 5191; x_wconf 89' lang='lat' dir='ltr'><strong>diocesis,</strong></span> <span class='ocrx_word' id='word_1_293' title='bbox 1829 5123 1858 5178; x_wconf 90' lang='lat' dir='ltr'><strong>et</strong></span> 
     </span>
    </p>
   </div>
   <div class='ocr_carea' id='block_1_10' title="bbox 0 0 2210 6017">
    <p class='ocr_par' dir='ltr' id='par_1_21' title="bbox 0 0 2210 6017">
     <span class='ocr_line' id='line_1_39' title="bbox 0 0 2210 6017; baseline 0 2"><span class='ocrx_word' id='word_1_294' title='bbox 0 0 2210 6017; x_wconf 95' lang='lat' dir='ltr'><strong> </strong></span> 
     </span>
    </p>
   </div>
  </div>
 </body>
</html>
