4409 6017
908 744 1056 811 Premilro
1076 746 1178 808 auree.
1655 743 1712 809 139

397 890 514 977 398.
1381 922 1476 988 1317,
1492 924 1534 988 3ο
1544 902 1668 986 juillet.

398 1008 564 1096 Magistro
589 1008 692 1076 Petro
718 1009 761 1076 de
786 1010 935 1077 Castello
971 1010 1189 1077 conferuntur
1214 1008 1407 1092 decanatus
1438 1008 1654 1075 canonicatus
1678 1018 1713 1075 et

352 1113 524 1200 prebenda
550 1113 690 1179 ecclesie
713 1113 890 1199 Eykensis,
918 1113 1114 1180 Leodiensis
1137 1113 1289 1195 diocesis,
1315 1122 1476 1180 vacantes
1499 1132 1559 1199 per
1583 1112 1713 1178 obitum

351 1217 492 1284 Henrici
508 1217 551 1283 de
563 1219 669 1302 Anys,
682 1218 771 1304 apud
782 1218 903 1285 Sedem
918 1218 1139 1305 apostolicam
1155 1239 1261 1304 nuper
1275 1218 1434 1299 defuncti,
1447 1217 1713 1284 consideratione

350 1320 535 1402 Guillelmi,
552 1321 584 1386 S.
601 1320 721 1387 Ciriaci
738 1321 771 1386 in
787 1321 918 1389 Termis
941 1322 1114 1409 presbiteri
1137 1322 1322 1404 cardinalis,
1347 1343 1416 1387 non
1442 1324 1600 1387 obstante
1623 1321 1714 1406 quod

349 1426 590 1491 canonicatum
606 1426 747 1491 ecclesie
764 1424 960 1493 Florentine
981 1429 1041 1493 sub
1058 1427 1296 1511 expectatione
1311 1425 1492 1514 prebende,
1505 1434 1540 1491 et
1549 1425 1712 1491 nonnulla

349 1529 526 1606 beneficia,
541 1529 613 1594 sine
629 1550 717 1611 cura,
734 1531 875 1597 obtinet.
1553 1554 1556 1558 ’

395 1632 491 1699 Sedis
506 1633 732 1719 apostolice...

397 1736 590 1802 Datilum.
608 1757 625 1821 3
638 1736 706 1803 kal.
721 1739 851 1824 augusti
867 1759 957 1805 anno
977 1759 1003 1805 1.

397 1839 438 1905 In
454 1861 484 1906 e.
501 1861 546 1907 m.
563 1839 773 1908 Coloniensis
799 1851 834 1907 et
851 1841 1070 1909 Massiliensis
1094 1841 1310 1908 ecclesiarum
1333 1841 1511 1929 prepositis
1537 1861 1576 1907 ac
1606 1840 1712 1906 archi-

350 1943 497 2010 diacono
513 1944 556 2010 de
573 1944 751 2032 Campinia
765 1945 800 2012 in
816 1947 958 2013 ecclesia
973 1946 1162 2013 Leodiensi.

387 2089 448 2150 Reg.
461 2092 508 2138 Av.
522 2093 543 2151 7,
557 2091 601 2139 rol.
614 2087 693 2151 [111];
707 2091 765 2141 Vat.
777 2094 815 2148 66,
829 2093 847 2142 f.
859 2095 924 2152 127⁹,
933 2094 1038 2141 113187.

397 2262 514 2347 399.
1437 2295 1530 2363 1317,
1547 2299 1565 2343 1
1582 2282 1670 2344 uouit.

400 2378 564 2465 Magistro
580 2381 681 2449 Petro
698 2382 807 2465 Fabri,
823 2404 911 2470 pape
926 2384 1068 2464 notari0,
1084 2383 1301 2450 conferuntur
1315 2391 1411 2450 motu
1429 2381 1564 2470 proprio
1579 2381 1714 2448 canoni·

354 2491 451 2549 catus
466 2493 502 2549 et
517 2487 689 2572 prebenda
705 2488 845 2555 ecclesie
870 2487 1072 2570 Parisiensis,
1089 2495 1248 2553 vacantes
1266 2508 1325 2574 per
1344 2488 1473 2552 obitum
1498 2485 1654 2571 Hugonis
1671 2484 1714 2550 de

354 2586 580 2671 Langusiello,
596 2589 689 2656 Sedis
705 2591 888 2677 apostolice
904 2592 1077 2677 capellani,
1094 2612 1163 2656 non
1186 2593 1342 2657 obstante
1365 2590 1455 2676 quod
1478 2590 1552 2655 in...
1577 2588 1608 2654 S.
1624 2586 1715 2652 Wal-

352 2691 466 2776 burgis
484 2691 675 2775 Fumensis,
687 2692 890 2760 Morinensis
905 2695 1056 2777 diocesis,
1067 2696 1303 2761 canonicatum
1319 2703 1353 2760 et
1368 2692 1572 2781 prebendam
1588 2712 1627 2758 ac
1643 2711 1715 2777 pre·

353 2792 541 2878 posituram
558 2796 688 2862 obtinet
705 2798 719 2882 (
737 2798 762 2882 ).

402 2895 585 2964 Personam
600 2908 734 2965 tuam...

402 3000 483 3068 Dat.
498 3002 598 3069 Avin.
614 3002 681 3070 kal.
697 3006 826 3090 augusti
842 3025 932 3071 anno
952 3026 979 3071 1.
1510 3055 1512 3059 .

401 3104 441 3170 In
469 3127 498 3171 e.
515 3128 560 3173 m.
584 3108 743 3194 episcopo
767 3109 981 3175 Atrebatensi
1008 3130 1048 3176 ac
1072 3110 1104 3176 S.
1121 3108 1278 3174 Germani
1304 3107 1602 3174 Autissiodorensis
1627 3106 1715 3171 Pari-

353 3209 474 3275 siensis
489 3218 524 3275 et
540 3209 571 3275 S.
590 3208 741 3277 Marcelli
754 3212 849 3297 juxta
866 3211 1007 3280 Parisius
1024 3214 1238 3280 ecclesiarum
1248 3213 1393 3280 decanis.

389 3352 451 3413 ch.
466 3353 512 3399 Av.
525 3355 547 3410 6,
560 3353 578 3402 f.
592 3355 651 3401 679*
662 3371 668 3412 ;
681 3354 741 3404 Vnt.
753 3357 792 3416 66,
804 3357 822 3405 f.
837 3359 890 3416 112,
903 3372 928 3405 n.
941 3359 1012 3406 3126.

399 3537 523 3621 400.
1439 3573 1533 3640 1317,
1550 3575 1568 3619 1
1585 3560 1673 3620 corti.

399 3657 562 3740 Amaldo,
578 3658 609 3724 S.
627 3658 798 3724 Eustachii
814 3658 958 3726 diacono
976 3660 1144 3742 cardinali,
1161 3660 1350 3746 indulgetur
1365 3668 1402 3724 ut
1424 3658 1580 3725 ecclesias
1596 3667 1630 3723 et
1653 3657 1717 3723 alia

358 3764 434 3827 loca
450 3760 675 3827 ecclesiastica
690 3762 979 3828 archidiaconatus
988 3764 1037 3829 sui
1051 3763 1275 3830 Bruxellensis
1285 3764 1319 3829 in
1329 3763 1471 3830 ecclesia
1483 3761 1715 3828 Cameracensi

358 3886 418 3951 per
434 3865 536 3930 aliurn
552 3866 686 3930 visitare
702 3867 817 3951 possit.

402 3968 542 4052 Quanto
560 3968 789 4034 Romanam...

403 4073 482 4137 Dat.
499 4081 650 4158 utsupra
666 4072 780 4160 [Avin.
798 4074 863 4140 kal.
880 4077 1009 4160 augusti
1026 4098 1117 4142 anno
1138 4078 1183 4164 1].

404 4175 444 4241 In
462 4198 491 4240 e.
509 4198 552 4242 m.
563 4177 724 4262 episcopo
741 4178 973 4245 Lemovicensi
990 4189 1024 4245 et
1039 4182 1212 4267 preposito
1230 4180 1424 4249 Mimatensi
1434 4206 1473 4251 ac
1483 4184 1719 4251 archidiacono

361 4279 557 4345 Vivariensi.

393 4421 455 4482 Reg.
468 4423 516 4469 Av.
529 4424 552 4478 2,
564 4421 582 4469 1.
597 4424 653 4469 173ν
665 4436 670 4478 ;
685 4422 742 4470 vat.
756 4424 825 4480 63,1.
839 4426 905 4476 399⁷,
918 4438 972 4473 cur.
988 4439 1012 4472 n.
1026 4426 1081 4472 329.

404 4597 519 4680 401.
1417 4640 1434 4681 1
1464 4640 1479 4683 1
1507 4639 1573 4692 ,12
1589 4622 1676 4682 aorlt.

407 4698 553 4785 Gui’doni
571 4718 669 4783 Fabri
686 4719 901 4784 conseruntur
917 4720 1133 4786 canonicatus
1156 4730 1190 4786 et
1206 4721 1375 4806 prebenda
1391 4634 1531 4787 eccjlegie
1547 4722 1578 4787 S.
1595 4720 1614 4798 J
1618 4721 1720 4786 oban-

367 4824 415 4888 nis
441 4823 645 4905 LeodiensiS,
669 4832 827 4889 vacantes
854 4845 912 4909 per
938 4825 1068 4890 obitum
1091 4825 1227 4890 Andree
1253 4824 1295 4891 de
1311 4828 1484 4914 Aneyaco,
1509 4845 1615 4913 nuper
1633 4823 1722 4913 apud

369 4923 486 4990 Sedem
503 4926 723 5010 apostolicam
740 4928 899 4994 defuncti.

404 5152 423 5200 1.
436 5150 475 5199 Cr.
490 5164 515 5204 11,
531 5151 589 5203 391.
