4409 6017
906 724 1064 798 deuvieme
1083 725 1187 791 anne'e.
1669 724 1729 789 587

309 913 317 933 ⁸
407 872 555 957 1603.
984 885 988 887 ’
1451 907 1547 970 1325,
1561 886 1683 969 5juin.

404 991 532 1056 Abbati
559 992 751 1058 monasterii
780 992 811 1059 S.
828 989 955 1058 Nicasii
981 1000 1016 1057 et
1039 992 1170 1059 decano
1185 992 1324 1059 ecclesie
1346 990 1524 1057 Remensis
1539 1011 1580 1056 ac
1595 988 1728 1055 officiali

349 1092 524 1159 Remensi
541 1095 719 1162 mandatur
743 1103 907 1181 quatenus
932 1097 1112 1162 absolvant
1139 1098 1379 1181 gubernatores
1401 1104 1436 1161 et
1452 1094 1729 1161 communitatem

350 1197 510 1264 civitatis
543 1197 741 1265 Leodiensis
776 1220 796 1265 a
823 1199 1000 1266 sententiis
1031 1199 1390 1267 excommunicationis
1413 1208 1449 1265 et
1486 1196 1666 1277 interdicti,
1694 1202 1729 1260 et

352 1322 501 1369 causam
529 1322 592 1386 que
618 1302 760 1368 vertitur
786 1304 872 1369 inter
897 1303 1093 1390 episcopum
1125 1311 1160 1369 et
1182 1303 1307 1370 dictam
1340 1296 1619 1369 communitatem
1647 1299 1731 1364 infra

323 1471 337 1488 ,
356 1413 510 1490 quatuor
523 1405 690 1471 mensium
705 1407 887 1472 terminum
903 1408 1042 1474 audiant
1057 1417 1092 1473 et
1107 1407 1279 1487 referant(
1297 1410 1319 1491 ).

309 1574 342 1619 Ξῖ
405 1613 425 1653 rr
445 1590 588 1657 Dilectis
610 1591 716 1657 filiis..
744 1590 856 1657 abbati
885 1591 1076 1656 monasterii
1105 1590 1136 1657 S.
1164 1589 1292 1656 Nicasii
1323 1599 1359 1655 et
1377 1641 1396 1656 ..
1424 1589 1553 1654 decano
1588 1587 1728 1653 ecclesie

361 1692 541 1759 Remensis
566 1715 605 1760 ac
622 1746 640 1761 ..
665 1694 798 1760 officiali
825 1694 984 1760 Remensi
1009 1695 1164 1761 salutem.
1181 1693 1299 1780 Nuper
1325 1714 1386 1780 pro
1411 1700 1504 1779 parte
1531 1690 1730 1755 venerabilis

362 1795 473 1862 fratris
489 1799 592 1862 nostri
615 1798 775 1882 Adulphi,
792 1798 940 1884 episcopi
966 1797 1173 1880 Leodiensis,
1194 1799 1256 1863 fuit
1283 1806 1400 1864 nostro
1425 1795 1628 1883 apostolatui
1653 1795 1729 1860 inti·

309 1873 342 1973 ῗ
363 1908 495 1965 matum
523 1900 614 1985 quod
636 1909 775 1987 propter
793 1902 956 1985 quasdam
981 1902 1183 1985 invasiones,
1199 1902 1439 1989 occupationes
1462 1909 1496 1965 et
1519 1899 1731 1965 detentiones

309 1981 340 2107 Ξ
357 2004 485 2091 jurium
501 2024 540 2070 ac
552 2004 830 2090 jurisdictionum,
845 2014 917 2070 tarn
933 2006 1153 2092 spiritualium
1170 2027 1270 2090 quarn
1293 2003 1539 2092 temporalium,
1563 2023 1602 2068 ac
1625 2005 1730 2067 bono·

309 2105 339 2206 'J
360 2128 438 2172 rum
455 2107 603 2192 ejusdem
620 2109 768 2195 episcopi
797 2109 903 2175 factas
925 2118 960 2174 et
975 2118 1187 2196 presumptas
1202 2130 1261 2196 per
1281 2108 1466 2194 magistros,
1482 2110 1730 2192 gubernatores,

308 2209 335 2290 ³,
359 2210 491 2296 juratos
516 2218 551 2275 et
578 2212 858 2277 communitatem
883 2212 1031 2279 civitatis
1057 2212 1263 2293 Leodiensis,
1289 2212 1413 2296 inqua
1440 2210 1531 2276 idem
1555 2210 1731 2296 episcopus

309 2300 332 2342 ²⁴
361 2334 434 2379 non
457 2315 566 2379 solum
581 2314 798 2401 spiritualem,
815 2316 874 2382 sed
890 2318 993 2382 etiam
1017 2318 1239 2403 temporalem
1260 2316 1527 2403 jurisdictionem
1551 2336 1585 2379 se
1613 2314 1730 2379 asserit

308 2399 335 2500 ᾗ
362 2417 529 2498 obtinere,
551 2438 685 2484 necnon
704 2428 841 2505 propter
856 2421 1016 2505 quasdam
1031 2419 1166 2507 injurias
1181 2429 1217 2486 et
1232 2421 1316 2486 alias
1332 2419 1477 2486 offensas
1491 2417 1552 2483 sibi
1569 2425 1604 2482 et
1624 2418 1730 2482 eccle·

309 2506 332 2594 ³,
360 2520 412 2590 sie
435 2541 493 2586 sue
511 2540 551 2587 ac
566 2521 691 2588 dilecto
708 2522 808 2590 filio..
829 2525 1001 2610 preposito
1028 2525 1178 2611 ejusdem
1202 2525 1342 2591 ecclesie
1356 2525 1402 2609 (²)
1426 2532 1460 2588 et
1483 2520 1555 2586 aliis
1579 2520 1730 2586 ecclesiis

364 2624 610 2691 Leodiensibus
625 2646 685 2710 per
700 2626 838 2692 eosdem
857 2627 1042 2713 magistros,
1059 2631 1309 2712 gubernatores,
1322 2629 1451 2714 juratos
1464 2637 1478 2661 ⁶
1494 2633 1529 2691 et
1545 2623 1729 2689 communi·

309 2713 331 2761 ³
363 2734 476 2792 tatem
492 2727 610 2809 illataS,
627 2729 717 2794 idem
733 2730 910 2816 episcopus
935 2732 1119 2798 secundum
1146 2732 1290 2798 formam
1305 2730 1518 2817 synodalium
1539 2736 1574 2793 et
1596 2727 1730 2813 provin-

319 2815 330 2863 :
361 2830 500 2897 cialium
513 2838 715 2897 statutorum
725 2832 911 2919 procedens
920 2843 1038 2901 contra
1051 2856 1198 2915 eoscum
1210 2836 1369 2922 premissa
1379 2834 1464 2901 adeo
1476 2840 1587 2898 essent
1599 2830 1731 2895 notoria

309 2926 327 2971 Β
364 2933 460 3019 quod
483 2935 573 2999 nulla
589 2944 746 3021 poterant
761 2938 1038 3023 tergiversatione
1063 2941 1173 3018 celari,
1190 2962 1229 3007 ac
1254 2941 1356 3006 etiam
1383 2960 1444 3025 pro
1459 2959 1500 3003 eo
1523 2935 1614 3022 quod
1630 2934 1729 2999 iidem

308 3029 327 3075 ²
361 3037 527 3122 magistri,
553 3041 804 3123 gubernatores,
825 3042 925 3127 jurati
954 3050 989 3107 et
1012 3043 1236 3111 communitas
1260 3046 1407 3128 quedam
1431 3050 1557 3108 statuta
1583 3040 1731 3104 fecerant

321 3135 325 3174 ·’
361 3140 439 3205 sine
468 3140 606 3208 licentia
632 3150 668 3207 et
698 3145 899 3210 auctoritate
930 3147 1079 3233 episcopi
1111 3147 1302 3234 supradicti,
1324 3167 1382 3234 per
1405 3167 1469 3231 que
1496 3144 1555 3211 sibi
1580 3140 1730 3227 jurisdic-

309 3237 325 3280 ἶ
358 3246 494 3311 tionem
518 3253 553 3310 et
579 3245 766 3313 dominium
781 3252 980 3336 temporalia
997 3253 1029 3317 in
1053 3252 1190 3319 civitate
1213 3252 1364 3338 predicta
1386 3250 1430 3316 ad
1452 3250 1579 3315 dictum
1603 3246 1730 3332 episco-

309 3343 324 3385 ῑ
357 3370 446 3437 pum
483 3350 585 3435 pleno
621 3351 694 3436 jure
728 3355 927 3438 spectantia,
975 3378 1134 3443 usurpare
1175 3356 1323 3422 indebite
1364 3358 1580 3433 conabantur,
1622 3352 1731 3418 dictos

309 3447 323 3488 ³
358 3453 551 3538 magistros,
566 3456 805 3538 gubematores
828 3466 863 3523 et
885 3460 1014 3544 juratos
1036 3461 1236 3527 auctoritate
1263 3460 1427 3527 ordinaria
1449 3456 1644 3537 declaravit,
1660 3464 1730 3521 tarn

309 3582 312 3589 ·
355 3557 444 3643 juris
459 3576 561 3641 quarn
577 3556 744 3624 dictorum
765 3568 968 3628 statutorum
989 3566 1201 3648 auctoritate,
1218 3561 1573 3631 excommunicationis
1597 3569 1730 3626 senten-

358 3661 449 3727 tiam
464 3659 638 3727 incurrisse
664 3672 699 3728 et
725 3664 898 3731 civitatem
919 3667 1026 3753 ipsam
1053 3670 1123 3734 fore
1150 3669 1357 3756 suppositam
1382 3667 1609 3734 ecclesiastico
1631 3664 1731 3729 inter·

359 3764 469 3845 dicto,
482 3784 521 3829 ac
536 3764 774 3833 nichilominus
787 3769 820 3833 in
837 3770 1010 3838 civitatem
1026 3782 1060 3839 et
1076 3774 1357 3840 communitatem
1372 3771 1519 3859 prefatas
1531 3770 1731 3836 auctoritate

360 3859 533 3935 ordinaria
558 3867 727 3936 interdicti
753 3874 955 3940 sententiam
980 3878 1215 3962 promulgavit,
1239 3877 1403 3943 mandans
1425 3876 1533 3941 dictas
1548 3872 1731 3939 sententias

361 3971 534 4040 observari
551 3981 586 4037 et
601 3972 704 4038 etiarn
720 3977 891 4061 publicari.
902 3976 1026 4044 Verum
1042 4002 1102 4067 pro
1119 3990 1212 4067 parte
1229 3982 1396 4047 dictorum
1413 3979 1657 4063 magistrorum,
1673 3996 1730 4060 gu-

361 4081 594 4156 bernatorum,
616 4077 801 4161 juratorum
835 4091 869 4146 et
900 4086 1152 4151 communitatis
1183 4086 1243 4151 fuit
1274 4107 1315 4150 ex
1351 4085 1493 4150 adverso
1522 4081 1731 4168 propositum

359 4200 480 4247 coram
495 4178 601 4259 nobis
618 4180 708 4263 quod
724 4204 800 4247 curn
818 4185 907 4250 idem
917 4187 1105 4274 episcopus,
1118 4190 1173 4274 qui
1190 4190 1412 4276 temporalem
1422 4186 1687 4272 Jurisdictionem
1698 4184 1730 4246 in

360 4284 456 4349 dicta
466 4281 602 4348 civitate
613 4303 647 4348 se
661 4283 784 4353 habere
794 4290 1026 4374 pretendebat,
1043 4301 1155 4358 motus
1168 4293 1316 4358 indebite
1329 4292 1538 4378 quorundam
1548 4288 1730 4374 suggestio-

359 4387 463 4453 nibus
479 4387 564 4453 falso
580 4388 642 4453 sibi
658 4394 906 4475 suggerentium
934 4396 1024 4478 quod
1047 4398 1206 4481 magistri,
1222 4399 1358 4477 scabini,
1371 4398 1483 4483 jurati,
1501 4393 1679 4462 consiliarii
1695 4400 1730 4456 et

360 4491 565 4556 universitas
581 4491 785 4559 Leodienses
801 4497 888 4562 inter
903 4519 939 4563 se
955 4508 989 4564 et
1006 4500 1168 4585 quosdam
1184 4502 1266 4567 alios
1282 4502 1323 4567 de
1339 4503 1446 4588 patria
1461 4500 1621 4585 quasdam
1649 4496 1730 4561 inie-

361 4603 441 4660 rant
452 4603 487 4659 et
497 4593 657 4677 fecerant,
670 4618 728 4662 seu
741 4600 809 4664 fieri
827 4611 861 4667 et
874 4602 946 4667 iniri
961 4614 1220 4690 procuraverant
1237 4607 1535 4688 confederationes,
1549 4602 1730 4671 ordinatio·

398 4788 423 4817 a.
436 4771 563 4831 juratores
575 4788 625 4836 rep.

368 5065 422 5195 Ml.
440 5062 639 5193 VQIHOW'
654 5065 719 5112 dans
732 5067 904 5130 Chapeavillc,
922 5071 998 5119 Geato
1009 5074 1155 5136 praretitiruou
1166 5074 1348 5137 Laodamiam,
1359 5084 1377 5126 t.
1389 5079 1424 5138 ll,
1435 5093 1477 5142 pp.
1489 5081 1535 5129 379
1547 5086 1573 5127 et
1583 5081 1638 5141 381,
1653 5081 1726 5147 chnp.

383 5145 392 5158 ’
423 5149 451 5193 et
478 5144 487 5158 '
523 5148 801 5202 .-2.(³f.n.1⁴ls,
