4409 6017
480 692 537 758 166
1018 692 1175 758 Deuxibme
1196 694 1298 759 annea.

480 853 605 928 strages
620 863 797 928 corporum
814 851 848 908 et
864 864 947 927 quos
963 843 1064 908 etiam
1087 845 1198 929 lapsus
1222 843 1388 909 induxerit
1410 844 1607 909 facultatum
1632 841 1848 908 Flandrensis

480 967 596 1032 guerre
620 946 780 1026 comoti0,
808 954 843 1011 et
869 946 1010 1030 qualiter
1034 947 1105 1031 ejus
1136 947 1345 1012 continuatio
1374 949 1516 1032 reproba
1546 945 1721 1031 impedivit
1746 944 1848 1009 Terre

482 1049 603 1116 Sancte
619 1049 811 1130 subsidium,
824 1050 916 1133 cujus
932 1049 1150 1135 assumptioni
1167 1051 1254 1115 clare
1269 1050 1430 1115 memorie
1443 1048 1625 1135 Philippus,
1635 1069 1695 1113 rex
1707 1047 1848 1114 Francie

483 1154 625 1233 illustris,
635 1153 678 1219 ad
694 1153 945 1218 ultramarinum
960 1153 1149 1238 passagium
1165 1153 1220 1238 pie
1235 1152 1425 1218 devotionis
1440 1152 1629 1218 inflamatus
1644 1152 1771 1217 affectu
1786 1152 1847 1216 fer-

482 1265 600 1322 venter
615 1258 763 1337 anelans,
779 1256 867 1322 circa
881 1256 1151 1342 prosecutionem
1167 1276 1282 1340 guerre
1297 1256 1447 1342 predicte
1473 1256 1660 1337 distractus,
1685 1255 1849 1341 nequivit,

483 1360 563 1425 dum
579 1360 724 1440 vivebat,
741 1359 925 1438 intendere,
942 1379 1005 1424 nec
1021 1358 1208 1424 carissimus
1224 1360 1257 1422 in
1282 1358 1416 1423 Christo
1433 1359 1518 1424 filius
1533 1367 1648 1424 noster
1664 1357 1848 1443 Philippus,

482 1485 540 1529 rex
566 1463 705 1529 Francie
730 1472 764 1527 et
790 1461 940 1527 Navarre
964 1462 1108 1540 illustris,
1124 1462 1179 1546 qui
1207 1462 1337 1547 prefato
1360 1462 1428 1547 regi
1453 1462 1594 1546 genitori
1619 1483 1692 1546 su0,
1708 1461 1795 1529 sicut
1816 1462 1848 1526 in

483 1588 587 1652 regno
612 1567 751 1632 Francie
777 1566 824 1631 sic
848 1575 892 1646 et,
909 1574 946 1630 ut
972 1565 1083 1646 fertur,
1099 1566 1134 1629 in
1157 1564 1332 1651 proposito
1357 1575 1392 1631 et
1416 1575 1499 1631 voto
1523 1566 1713 1652 passagium
1741 1565 1849 1651 ipsum

484 1671 673 1737 assumendi
699 1669 856 1750 succedit,
873 1669 1015 1734 durante
1039 1668 1141 1754 ipsius
1165 1689 1281 1753 guerre
1306 1668 1451 1749 dissidi0,
1468 1690 1503 1734 se
1530 1669 1572 1735 ad
1597 1669 1679 1735 illud
1705 1667 1849 1735 comode

485 1784 598 1861 posset
609 1774 791 1858 accingere,
802 1773 972 1838 habiturus
984 1771 1085 1857 ipsius
1094 1773 1186 1856 regni
1196 1772 1393 1838 deffensioni
1404 1793 1534 1854 vacare,
1545 1772 1719 1859 propagari
1732 1792 1849 1858 pacem

485 1880 698 1962 interregem
713 1887 747 1942 et
765 1876 956 1960 Flamingos
969 1876 1105 1941 eosdem
1117 1875 1378 1941 desideravimus
1390 1876 1489 1956 anxii,
1500 1876 1587 1942 hanc
1598 1875 1851 1961 expectavimus

485 1981 650 2048 desiderio
671 1980 796 2064 ingenti
820 1979 954 2059 diutius,
980 1978 1013 2042 in
1040 1979 1138 2063 hujus
1167 1979 1401 2063 procuratione
1432 1979 1609 2045 solicitudo
1639 1987 1756 2044 nostra
1782 1998 1850 2044 non

485 2085 601 2165 defuit,
617 2083 800 2148 secundum
815 2082 997 2167 apostolice
1013 2082 1318 2167 circumspectionis
1330 2082 1491 2166 judicium
1513 2082 1556 2148 de
1579 2082 1851 2167 contingentibus

486 2188 533 2251 nil
549 2186 718 2252 omittens.
736 2186 839 2250 Porro
854 2186 933 2251 licet
950 2185 1055 2250 hostis
1070 2185 1197 2269 antiqui
1214 2186 1340 2251 malitia
1357 2185 1477 2251 nostris
1493 2186 1669 2253 affectibus
1685 2195 1721 2251 et
1737 2184 1850 2249 mundi

486 2290 690 2377 profectibus
706 2289 867 2369 invidens,
883 2309 959 2353 suas
975 2288 1110 2353 insidias
1125 2288 1210 2354 adeo
1225 2289 1410 2374 periculose
1427 2289 1606 2355 tetenderit
1621 2290 1851 2374 ut,perturba-

487 2397 530 2460 tis
544 2394 637 2479 pacis
652 2393 800 2478 optande
816 2393 962 2457 consiliis
978 2402 1012 2457 et
1028 2392 1230 2457 zizaniorum
1246 2392 1364 2478 sparsis
1376 2393 1565 2472 seminibus,
1576 2393 1727 2458 noudum
1740 2393 1852 2458 votive

488 2496 667 2563 concordie
683 2496 779 2560 fuerit
795 2498 990 2561 subsecutus
1006 2495 1155 2575 effectus,
1171 2495 1213 2560 ad
1230 2495 1262 2560 id
1277 2503 1391 2561 tamen
1420 2506 1533 2562 nostra
1556 2517 1688 2582 semper
1711 2496 1852 2582 suspirat

488 2600 642 2680 intentio,
658 2599 700 2665 ad
717 2599 750 2664 id
765 2599 872 2684 plenis
887 2599 1058 2664 desideriis
1073 2599 1255 2679 anxiamur,
1267 2620 1336 2663 non
1352 2609 1580 2685 proponentes
1595 2621 1615 2666 a
1630 2600 1739 2686 ceptis
1754 2601 1852 2667 desis·

489 2714 571 2784 tere,
589 2703 668 2788 quin
684 2703 770 2769 circa
784 2703 1034 2788 promotionem
1051 2711 1121 2767 tam
1145 2702 1283 2768 salubris
1306 2704 1432 2788 negotii
1448 2707 1508 2769 sub
1525 2725 1584 2790 spe
1600 2704 1686 2769 illius
1702 2704 1760 2788 qui
1777 2705 1853 2770 facit

489 2829 610 2893 magna
625 2816 660 2872 et
675 2806 908 2885 inscrutabilia,
919 2806 974 2891 qni
991 2806 1204 2872 concordiam
1221 2806 1253 2869 in
1270 2801 1464 2872 sublimibus
1480 2817 1644 2894 operatur,
1655 2829 1852 2893 quecunque

489 2910 677 2997 hujusmodi
692 2910 932 2996 pacificationis
948 2909 1128 2975 viderimus
1144 2919 1309 2995 oportuna
1326 2912 1473 2997 negoti0,
1490 2920 1526 2977 ut
1541 2912 1643 2977 tantis
1658 2912 1853 2978 discrimini·

488 3018 550 3081 bus
564 3023 701 3098 tamque
716 3013 910 3099 periculosis
925 3012 1091 3098 possimus
1108 3013 1242 3078 obviare
1258 3013 1451 3099 dispendiis,
1462 3015 1591 3080 solicite
1603 3035 1853 3100 prosequamur.

490 3118 575 3183 Cum
591 3118 703 3202 itaque
719 3119 761 3183 ad
776 3138 838 3183 nos
855 3118 920 3201 qui,
937 3118 1015 3181 licet
1032 3118 1198 3196 immeriti,
1210 3118 1299 3182 vices
1316 3117 1416 3201 Regis
1431 3118 1559 3204 pacifici
1575 3119 1729 3204 gerimus,
1746 3120 1854 3204 singu-

488 3223 599 3287 lariter
615 3222 781 3307 pertineat
798 3222 830 3284 in
856 3221 1031 3285 universali
1060 3220 1210 3286 Ecclesia
1234 3230 1398 3286 cunctare
1421 3222 1681 3307 congregatione
1706 3223 1852 3289 fidelium

488 3345 608 3411 pacem
624 3344 761 3409 querere
777 3344 815 3389 ac
832 3324 938 3409 ipsam
952 3323 1059 3388 facere
1071 3324 1263 3407 diligentius
1276 3325 1453 3406 observari,
1464 3325 1552 3389 inter
1563 3325 1731 3411 prefatum
1743 3347 1855 3411 regern

417 3418 420 3423 ’
490 3428 640 3507 Francie,
657 3427 835 3511 adjutores,
851 3427 1008 3491 valitores
1024 3436 1058 3491 et
1074 3427 1221 3491 fautores
1237 3448 1314 3492 suos
1335 3448 1374 3492 ac
1390 3427 1588 3493 adherentes
1604 3429 1715 3494 eidem
1732 3451 1775 3495 ex
1791 3451 1856 3494 una

489 3539 594 3616 parte,
611 3552 649 3596 ac
665 3530 807 3595 dilectos
825 3530 911 3594 filios
927 3530 1074 3594 nobilem
1091 3530 1198 3594 virum
1225 3530 1422 3610 Robertum,
1447 3532 1618 3613 comitem,
1643 3554 1683 3599 ac
1707 3533 1856 3599 comuni-

490 3643 578 3699 tates
594 3643 628 3699 et
644 3634 878 3699 universitates
894 3643 1079 3699 castrorum
1095 3643 1129 3698 et
1146 3634 1299 3698 villarum
1317 3633 1344 3698 F
1346 3634 1482 3715 landrie,
1496 3636 1664 3716 valitores,
1678 3636 1856 3722 adjutores,

491 3739 636 3804 fautores
652 3758 729 3802 suos
745 3747 778 3802 et
795 3738 996 3803 adherentes
1012 3738 1139 3801 eisdem
1164 3759 1204 3801 ex
1228 3739 1344 3817 altera,
1361 3741 1421 3802 sub
1446 3759 1504 3824 spe
1527 3740 1621 3824 pacis
1644 3739 1732 3805 inter
1748 3750 1858 3827 partes

492 3842 588 3928 ipsas,
605 3841 680 3905 Deo
696 3849 819 3918 actore,
836 3860 877 3904 eo
894 3839 1104 3905 reformande
1121 3840 1247 3906 facilius
1269 3860 1335 3925 qno
1361 3840 1477 3905 minori
1502 3841 1624 3905 fuerint
1648 3841 1859 3908 dissidiorum

492 3945 623 4010 turbine
641 3945 819 4022 concitate,
837 3965 940 4028 usqne
957 3945 1000 4009 ad
1016 3945 1144 4009 instans
1156 3944 1276 4008 festum
1295 3944 1560 4009 Resurrectionis
1576 3944 1755 4010 Dominice
1771 3954 1859 4011 treu-

493 4069 560 4133 gas,
577 4068 717 4132 quarum
732 4048 827 4113 fedus
843 4048 932 4133 pacis
949 4048 1077 4112 inducit
1093 4048 1296 4132 ymaginem,
1313 4048 1499 4132 apostolica
1523 4048 1723 4113 auctoritate
1747 4048 1860 4114 indici·

494 4172 577 4233 mus,
603 4172 684 4236 quas
709 4171 728 4214 a
753 4151 805 4215 die
832 4150 1069 4215 notificationis
1096 4172 1154 4215 sen
1182 4150 1418 4234 publicationis
1446 4172 1558 4215 earum
1584 4172 1679 4216 suurn
1706 4152 1861 4217 volumus

495 4256 617 4319 habere
633 4254 792 4338 vigorem,
809 4262 843 4318 et
861 4254 893 4316 in
910 4273 1027 4317 omnes
1043 4262 1077 4317 et
1094 4254 1241 4336 singulos
1264 4261 1388 4319 extunc
1405 4254 1620 4339 infringentes
1635 4275 1693 4319 seu
1709 4274 1778 4320 non
1796 4276 1861 4319 ser-

496 4368 615 4423 vantes
631 4358 776 4435 easdem,
793 4356 1160 4435 excommunicationis,
1178 4357 1211 4421 in
1235 4366 1338 4421 terras
1361 4378 1441 4422 vero
1465 4378 1580 4421 eornm
1604 4357 1772 4424 interdicti
1788 4380 1862 4424 sen·

495 4462 618 4528 tentias
633 4462 891 4545 promulgamus,
910 4480 976 4524 non
1003 4462 1160 4524 obstante
1173 4460 1197 4524 si
1211 4462 1258 4524 eis
1274 4468 1331 4524 aut
1344 4481 1458 4524 eorum
1475 4460 1571 4525 alicui
1588 4464 1648 4526 sub
1664 4481 1862 4547 quacunque

497 4565 602 4631 forma
628 4565 682 4627 vel
708 4564 932 4648 conceptione
960 4565 1137 4627 verborum
1164 4585 1184 4628 a
1209 4564 1294 4627 Sede
1319 4564 1503 4647 apostolica
1524 4564 1566 4629 sit
1590 4564 1757 4630 indultum
1773 4567 1863 4650 quod

498 4668 778 4733 excommunicari
796 4669 849 4731 vel
866 4688 981 4730 eorum
997 4675 1084 4731 terre
1101 4667 1328 4731 ecclesiastico
1345 4666 1525 4731 interdicto
1541 4668 1683 4753 supponi
1701 4689 1770 4734 non
1786 4691 1862 4754 pos·

498 4772 564 4837 sint
580 4791 639 4857 per
654 4771 783 4835 litteras
800 4770 892 4835 Sedis
908 4771 1056 4854 ejusdem
1073 4790 1141 4834 non
1166 4769 1326 4833 facientes
1349 4771 1483 4854 plenam
1508 4780 1541 4835 et
1558 4792 1750 4856 expressam
1765 4793 1805 4838 ac
1821 4773 1862 4839 de

498 4878 601 4940 verbo
616 4874 659 4939 ad
676 4876 813 4938 verbum
830 4875 872 4938 de
889 4874 1019 4938 indulto
1035 4872 1223 4958 hujusmodi
1247 4874 1463 4953 mentionem,
1481 4884 1515 4938 et
1531 4874 1677 4958 qualibet
1694 4874 1758 4939 alia
1773 4875 1862 4941 dicte

499 4978 592 5044 Sedis
606 4978 813 5060 indulgentia
828 4978 974 5060 generali
991 4978 1043 5041 vel
1061 4976 1206 5062 speciali,
1217 4976 1452 5060 cujuscumque
1469 4978 1593 5043 tenoris
1609 4980 1662 5042 vel
1678 4979 1860 5064 expressio·

498 5084 550 5149 nis
559 5083 690 5161 existat,
700 5101 759 5166 per
772 5102 870 5166 qnam
885 5080 1024 5146 effectus
1036 5081 1241 5165 presentium
1254 5080 1404 5165 impediri
1417 5081 1521 5166 possit
1537 5083 1590 5146 vel
1607 5082 1859 5169 quomodolibet
