4409 6017
471 743 532 807 204
1009 738 1166 804 Deunhme
1187 701 1291 806 annea

472 911 545 955 mus
561 911 638 955 cum
661 890 734 968 hiis,
750 899 785 954 et
801 891 871 974 ejus
892 889 1078 969 heredibus,
1099 890 1246 974 singulas
1266 892 1411 975 justitias
1434 893 1519 957 altas
1545 899 1580 956 et
1603 893 1728 971 bassas,
1751 908 1835 973 quas

472 1014 534 1059 nos
550 1002 584 1058 et
600 994 704 1059 nostri
721 993 870 1072 heredes,
887 992 1014 1058 domini
1031 1001 1066 1057 et
1086 994 1228 1060 comites
1252 993 1417 1077 Flandrie,
1434 996 1633 1061 haberemus
1654 1001 1691 1059 et
1710 994 1836 1059 habere

472 1118 646 1183 possemus
662 1098 695 1161 in
711 1098 793 1163 locis
808 1106 843 1162 et
859 1097 953 1161 tenis
969 1097 1177 1182 supradictis,
1194 1099 1280 1163 adeo
1295 1098 1410 1165 franco
1425 1099 1528 1165 modo
1552 1108 1588 1164 et
1610 1098 1669 1164 tali
1685 1096 1837 1162 manerie

474 1201 562 1285 quali
586 1223 648 1267 nos
672 1223 729 1266 eas
752 1201 921 1286 hucusque
942 1202 1121 1283 tenuimus,
1144 1211 1179 1267 et
1204 1223 1285 1287 quas
1310 1203 1518 1285 haberemus,
1543 1203 1569 1268 si
1592 1210 1680 1267 terre
1704 1209 1739 1266 et
1761 1201 1838 1266 loca

474 1304 643 1370 antedicta
661 1305 694 1370 in
706 1327 806 1369 manu
822 1314 936 1370 nostra
952 1327 1010 1370 seu
1021 1306 1182 1372 heredum
1194 1316 1394 1387 nostrorum,
1406 1307 1619 1373 dominorum
1629 1313 1665 1371 et
1673 1305 1839 1370 comitum

477 1407 643 1488 Flandrie,
671 1416 893 1473 remanerent.
922 1408 966 1472 Et
994 1410 1019 1474 si
1048 1410 1259 1495 contingeret
1285 1410 1376 1494 quod
1410 1411 1499 1475 idem
1532 1409 1717 1489 lohannes,
1751 1407 1841 1471 filius

474 1523 597 1591 noster,
624 1512 666 1577 de
689 1512 822 1597 propria
847 1513 917 1596 ejus
941 1533 1040 1577 came
1067 1514 1195 1578 nullum
1220 1514 1379 1579 heredem
1415 1514 1581 1599 relinquat
1614 1520 1841 1599 procreatum,

476 1617 629 1681 volumus
644 1616 735 1700 quod
746 1625 831 1680 terre
842 1616 1030 1700 supradicte
1043 1617 1181 1682 redeant
1194 1617 1236 1683 ad
1247 1617 1363 1684 fratres
1373 1618 1477 1704 ipsius
1486 1616 1506 1695 J
1509 1616 1653 1683 ohannis
1661 1635 1842 1701 gemianus

477 1729 511 1784 et
527 1740 640 1784 eorum
658 1720 808 1798 heredes,
821 1721 966 1784 tenende
982 1741 1001 1785 a
1018 1722 1115 1786 nobis
1135 1732 1169 1787 et
1191 1722 1367 1789 heredibus
1381 1720 1514 1801 nostris,
1523 1719 1669 1786 dominis
1684 1729 1720 1785 et
1735 1717 1843 1784 comi-

477 1824 565 1889 tibus
582 1822 748 1904 Flaudrie,
773 1824 805 1887 in
832 1824 938 1889 l‘omra
963 1825 1162 1910 supradicta.
1189 1824 1234 1889 Et
1261 1826 1286 1891 si
1313 1826 1402 1891 idem
1424 1824 1606 1906 lohannes,
1623 1824 1710 1888 filius
1725 1830 1844 1888 noster

477 1927 676 2004 antedictus,
702 1936 736 1991 et
760 1927 877 1992 fratres
901 1929 972 2012 ejus
995 1929 1141 2013 germani
1166 1930 1298 2005 nullum
1325 1929 1483 1994 heredem
1507 1929 1550 1993 de
1568 1927 1702 2013 propria
1724 1947 1843 1992 eorum

478 2052 577 2096 carne
592 2031 795 2115 reliquerint,
812 2040 899 2096 terre
915 2033 1085 2099 antedicte
1104 2042 1182 2119 post
1204 2034 1333 2099 obitum
1356 2034 1437 2100 dicti
1458 2032 1621 2111 Johannis
1644 2039 1679 2097 et
1702 2030 1843 2097 fratrum

478 2154 711 2218 germanorum
728 2155 860 2199 suorum
878 2135 1023 2200 redirent
1039 2136 1082 2201 ad
1094 2137 1165 2221 ejus
1180 2128 1339 2201 heredem
1357 2145 1391 2201 et
1407 2136 1580 2201 dominum
1599 2134 1766 2213 Flandrie,
1784 2131 1843 2198 seu

478 2238 520 2303 ad
536 2238 606 2322 ejus
622 2238 760 2303 heredes
776 2239 917 2304 comites
936 2239 961 2303 1:
963 2240 1099 2305 landrie.
1119 2240 1269 2317 Exnunc,
1286 2241 1312 2306 si
1334 2260 1549 2319 moreremur,
1572 2240 1727 2304 volumus
1750 2237 1844 2322 quod

479 2354 592 2407 nostra
608 2363 683 2408 cara
699 2343 832 2427 conjux,
855 2342 1022 2423 Ysabella,
1047 2345 1218 2410 comitissa
1235 2344 1262 2408 F
1264 2345 1391 2410 landrie
1412 2353 1447 2409 et
1471 2342 1644 2423 Namurci,
1666 2350 1787 2407 teneat
1808 2349 1843 2405 et

479 2447 606 2511 maniet
622 2447 767 2531 singulas
776 2455 880 2512 terras
896 2447 1104 2532 supradictas
1119 2448 1152 2512 in
1167 2447 1302 2513 feudum
1313 2451 1354 2513 ab
1371 2447 1494 2513 herede
1509 2456 1636 2527 nostm,
1652 2444 1796 2512 domino
1810 2453 1847 2509 et

480 2550 605 2615 comite
622 2549 787 2630 Flandrie,
806 2551 836 2614 in
860 2551 939 2634 ligio
955 2552 1122 2637 homagi0,
1147 2560 1246 2637 prout
1267 2561 1318 2617 est
1344 2551 1582 2636 supradictum,
1605 2549 1745 2636 recipiat
1768 2569 1846 2634 pro-

482 2662 601 2720 ventus
625 2655 788 2719 dictarum
817 2664 988 2735 terrarum,
1016 2656 1163 2739 quandin
1182 2656 1287 2720 vitam
1311 2655 1448 2720 habebit
1470 2655 1502 2720 in
1525 2674 1676 2739 corpore,
1696 2661 1731 2717 et
1752 2651 1846 2736 quod

482 2758 664 2834 Johanncs,
683 2758 767 2821 filius
784 2768 897 2822 noster
912 2758 1130 2843 supradictus,
1148 2759 1262 2824 tratres
1278 2760 1349 2841 ojus
1363 2759 1510 2843 germani
1535 2767 1569 2822 et
1592 2779 1661 2824 non
1682 2755 1846 2842 genuani,

482 2882 596 2926 eorum
614 2862 754 2926 heredes
770 2883 827 2926 seu
844 2862 909 2940 alii,
926 2863 1027 2926 nichil
1044 2864 1174 2948 possint
1190 2872 1305 2947 petere
1322 2863 1353 2926 in
1371 2863 1550 2947 premissis
1565 2862 1657 2928 dicta
1673 2859 1847 2926 comitissa

484 2967 630 3030 virente.
651 2966 692 3030 lit
709 2966 734 3031 si
759 2977 845 3030 terre
862 2966 1052 3051 supradicte
1068 2969 1212 3032 sclusate
1228 2989 1285 3032 seu
1302 2989 1370 3033 uon
1387 2970 1531 3033 sclusate
1546 2966 1767 3051 perderentur
1790 2964 1846 3028 vel

482 3092 501 3135 a
525 3069 607 3133 mari
635 3079 876 3154 occuparentur
897 3078 973 3154 post
996 3092 1108 3135 earum
1129 3071 1377 3152 sclusationern,
1401 3072 1556 3136 volumus
1580 3078 1615 3136 et
1639 3068 1849 3134 attendimus

482 3171 573 3256 quod
589 3172 615 3236 si
632 3183 868 3256 recuperentur
883 3183 959 3258 post
984 3174 1046 3238 hec
1066 3175 1131 3238 alia
1152 3175 1235 3253 vice,
1261 3173 1352 3258 quod
1379 3175 1450 3259 ipse
1474 3183 1561 3238 terre
1588 3182 1788 3237 remaneant
1812 3181 1849 3233 et

482 3276 549 3340 sint
565 3275 738 3353 Johannis,
755 3276 812 3340 lilii
830 3279 944 3357 nostri,
961 3288 995 3341 et
1012 3278 1172 3342 heredum
1193 3299 1336 3359 suorum,
1360 3279 1445 3343 sicut
1470 3278 1619 3363 superius
1634 3276 1763 3341 dictum
1785 3282 1849 3338 est.

486 3378 529 3443 Et
545 3379 586 3443 ad
602 3379 709 3445 dictas
724 3380 944 3444 donationem
960 3390 995 3445 et
1012 3382 1264 3447 concessionem
1281 3382 1421 3446 firmiter
1437 3380 1599 3446 tenendas
1619 3380 1690 3445 sine
1714 3386 1850 3443 contra-

485 3490 587 3547 ventu
603 3484 787 3566 obligamus
802 3504 864 3548 nos
880 3492 914 3547 et
929 3495 1062 3549 nostros
1078 3485 1228 3565 heredes
1245 3485 1399 3550 dominos
1415 3491 1449 3546 et
1471 3482 1613 3547 comites
1630 3478 1798 3557 Flandrie,
1815 3487 1850 3542 et

485 3588 711 3672 proruittinurs
726 3587 898 3670 garandire
914 3593 1031 3652 contra
1047 3606 1175 3649 omnes.
1193 3584 1232 3648 ln
1250 3586 1342 3669 cujus
1357 3584 1403 3648 rei
1422 3580 1653 3647 testimonium
1676 3589 1852 3663 presentes

486 3692 612 3756 litteras
628 3692 736 3775 sigillo
753 3702 866 3756 nostro
879 3689 1013 3773 sigillari
1029 3688 1177 3768 fecimus,
1194 3709 1258 3772 que
1275 3688 1353 3753 date
1363 3688 1496 3752 luerunt
1508 3704 1599 3748 auno
1610 3683 1851 3749 incarnationis

487 3796 622 3860 Domini
640 3794 764 3860 hl'CO'
779 3795 988 3877 octogesimo
1005 3793 1133 3875 quinto
1152 3812 1266 3855 mense
1280 3791 1441 3875 januario.

531 3900 575 3964 Et
587 3921 649 3983 ego
667 3899 843 3977 Robertns,
859 3920 972 3963 comes
990 3895 1219 3976 Nivemensis,
1229 3896 1384 3960 dominus
1400 3895 1441 3959 de
1453 3893 1620 3957 Bethunia
1636 3899 1671 3956 et
1683 3892 1726 3956 de
1741 3891 1770 3955 T
1773 3912 1851 3955 ene-

488 4004 657 4080 remunda,
674 4003 915 4087 primogenitus
931 4001 1017 4064 lilius
1032 3999 1154 4063 nobilis
1170 3999 1304 4064 comitis
1325 3997 1496 4078 antedicti,
1522 4005 1556 4061 et
1581 4016 1644 4079 ego
1663 3993 1853 4059 Willelmus

486 4108 528 4172 de
546 4106 711 4184 Flandria,
730 4106 814 4170 lilius
830 4106 911 4170 dicti
924 4104 1066 4182 comitis,
1084 4103 1303 4167 donationem
1320 4112 1354 4167 et
1371 4101 1624 4168 concessionem
1645 4098 1853 4183 supradictas

487 4220 598 4292 gratas
623 4211 793 4288 habemus,
816 4209 988 4273 laudamus
1010 4217 1043 4271 et
1069 4210 1304 4291 approbamus,
1324 4205 1536 4291 promisimus
1555 4211 1589 4267 et
1612 4202 1852 4287 promittimus

489 4315 554 4379 lide
570 4324 604 4377 et
616 4314 807 4397 juramento
825 4310 1039 4397 interpositis,
1056 4308 1146 4392 quod
1162 4309 1204 4374 (lc
1221 4319 1334 4375 cetero
1350 4330 1417 4373 non
1433 4308 1606 4373 veniemus
1621 4325 1680 4390 per
1703 4324 1766 4368 nos
1789 4324 1851 4367 nec

488 4438 546 4502 per
567 4417 667 4482 alium
685 4428 801 4481 contra
817 4416 1037 4481 donationem
1053 4425 1087 4478 et
1100 4414 1351 4478 crurcessionern
1366 4412 1564 4490 antedictas
1577 4419 1612 4475 et
1623 4407 1852 4494 promittimus

488 4522 660 4603 garandire
673 4531 791 4585 contra
804 4541 920 4585 oruncs
931 4541 990 4602 pro
1003 4518 1099 4581 nobis
1110 4528 1142 4580 et
1156 4518 1278 4582 nostris
1289 4517 1474 4590 heredibus,
1486 4515 1687 4599 quicumque
1700 4525 1851 4579 nostruin

490 4625 648 4691 succedat
664 4645 722 4709 per
738 4624 961 4689 excidentianr
987 4624 1019 4685 in
1048 4624 1073 4684 F
1077 4620 1244 4685 landrensi
1261 4620 1434 4685 comitatu.
1455 4618 1498 4681 Et
1514 4618 1741 4703 supplicamus
1758 4637 1850 4681 sanc-

490 4728 619 4793 tissimo
635 4728 720 4812 patri
737 4738 862 4807 nostr0,
879 4734 1090 4791 sacrosancte
1113 4724 1265 4788 Romane
1281 4744 1321 4787 ac
1343 4722 1535 4786 universalis
1557 4721 1698 4785 ecclesie
1721 4740 1852 4785 summo

490 4832 652 4917 pontifici,
669 4840 706 4896 ut
722 4832 882 4917 premissa
898 4831 1010 4896 omnia
1030 4839 1065 4893 et
1086 4829 1213 4912 singula
1232 4828 1265 4891 in
1288 4837 1401 4892 nostra
1424 4825 1573 4890 absentia
1595 4824 1751 4909 dignetur
1774 4845 1850 4890 con·

493 4937 623 5001 firmare
635 4937 706 5001 siue
719 4938 829 5021 aliqua
841 4944 994 5020 requesta
1011 4943 1046 4998 et
1061 4954 1123 4998 nos
1139 4933 1320 5018 compellat
1337 4940 1451 4995 tenere
1468 4929 1638 5014 premissa,
1656 4928 1682 4993 si
1698 4949 1761 4993 nos
1774 4948 1852 4993 con·

491 5041 670 5116 travenire,
692 5040 783 5122 quod
808 5039 903 5117 absit,
931 5058 989 5122 per
1014 5058 1076 5101 nos
1100 5037 1154 5099 vel
1180 5056 1239 5121 per
1264 5036 1364 5099 aliurn
1393 5033 1567 5115 contingat
1591 5032 1623 5094 in
1644 5039 1720 5096 toto
1743 5032 1797 5095 vel
1819 5031 1850 5093 in

493 5152 598 5230 parte,
615 5155 771 5229 rogantes
786 5154 822 5208 et
837 5143 1044 5227 requirentes
1065 5138 1346 5205 excellentissimo
1367 5137 1505 5203 domino
1516 5188 1522 5201 .
1533 5188 1559 5218 .,
1577 5136 1641 5200 bei
1658 5136 1764 5222 gratia
1784 5134 1851 5221 regi
