4409 6017
503 707 566 772 834
1035 704 1204 780 Quatrieme
1226 704 1329 771 annae.

503 858 628 941 junctis
655 859 687 923 in
715 859 814 924 certis
839 857 987 922 articulis
1012 856 1207 939 dubiisque
1232 860 1447 920 occurrerunt
1462 850 1723 917 examinationis
1738 850 1851 916 illorum
1900 876 1903 884 ·

506 970 671 1046 ternpore,
696 962 905 1047 presentibus
930 961 1152 1039 interclusos;
1179 958 1222 1023 ad
1246 978 1387 1043 quorum
1414 956 1679 1023 declarationem
1694 963 1732 1021 te
1747 956 1850 1021 instare
1901 982 1902 985 ¹

508 1075 673 1150 oportune
690 1068 854 1143 volumus,
870 1066 956 1131 sicut
970 1064 1094 1130 videris
1109 1063 1278 1150 expedire,
1294 1062 1485 1149 provisurus
1506 1069 1622 1127 tamen
1647 1062 1806 1127 attentius
1818 1081 1849 1123 ne
1902 1063 1903 1066 ’

508 1169 663 1254 cuiquam
680 1192 773 1255 spem
789 1170 914 1235 tribuas
930 1168 1021 1254 quod
1037 1167 1117 1233 illud
1133 1167 1306 1253 negotium
1322 1166 1484 1252 evestigio
1505 1167 1625 1251 exequi
1641 1165 1849 1244 intendamus,

509 1293 585 1339 curn
601 1274 681 1340 alias
697 1274 752 1339 illa
767 1274 828 1340 tibi
844 1273 1051 1361 procuranda
1067 1271 1342 1353 commiserimus,
1359 1271 1446 1337 sicut
1461 1270 1560 1350 nosti,
1576 1278 1613 1335 ut
1625 1269 1719 1350 illud,
1729 1290 1771 1335 eo
1780 1289 1851 1348 casu,

508 1378 653 1443 securius
668 1387 703 1444 et
719 1379 852 1443 liberius
867 1398 1042 1464 possemus
1072 1376 1203 1461 exequi,
1219 1375 1253 1440 in
1269 1396 1337 1461 quo
1353 1376 1463 1441 forsan
1480 1374 1562 1440 illud
1586 1374 1713 1439 utilitas
1738 1372 1851 1460 publica

508 1481 673 1565 suaderet,
689 1483 831 1549 sciturus
846 1483 937 1567 quod
952 1482 1026 1547 illos
1041 1501 1118 1546 curn
1134 1480 1252 1565 quibus
1275 1480 1435 1566 premissa
1462 1479 1627 1560 tractasti,
1644 1478 1689 1543 ad
1715 1486 1750 1543 te
1774 1475 1851 1543 duxi-

507 1607 581 1651 mus
595 1586 829 1667 remittendos
845 1607 922 1652 cum
939 1585 1058 1670 quibus
1073 1606 1113 1650 ea
1129 1592 1236 1650 tracta
1252 1584 1393 1671 proinde
1409 1594 1446 1650 ut
1462 1583 1621 1649 secretius
1636 1582 1774 1669 poteris,
1791 1578 1853 1666 quia

506 1698 541 1755 et
557 1710 619 1756 nos
634 1690 689 1756 hic
706 1690 776 1776 ipsa
791 1712 868 1756 curn
883 1689 999 1776 paucis
1014 1699 1051 1754 ut
1067 1689 1227 1754 secretius
1243 1709 1429 1775 possumus,
1445 1695 1692 1774 pertractamus
1709 1686 1800 1773 (¹).»

539 1830 601 1891 Reg.
614 1829 672 1878 Vat.
686 1832 739 1888 110,
752 1844 811 1893 pars
822 1830 858 1890 11,
872 1830 889 1877 f.
903 1831 926 1889 l,
940 1843 965 1877 n.
977 1832 1000 1877 u.
1009 1856 1041 1864 -
1053 1828 1160 1886 Goulon,
1172 1842 1197 1877 n.
1211 1829 1281 1877 1049.

553 2008 663 2089 827.
1391 2018 1551 2105 [auantle
1566 2039 1609 2102 24
1625 2040 1694 2084 maz
1711 2016 1821 2103 1320}

552 2126 719 2212 Philippu,
735 2123 801 2208 regi
820 2123 970 2204 Francia,
987 2123 1141 2188 scribitur
1156 2123 1198 2189 de
1214 2123 1372 2208 homagio
1387 2144 1407 2187 a
1422 2123 1548 2189 comite
1562 2121 1719 2191 Flandrie
1729 2120 1855 2208 prestito

508 2240 544 2294 et
559 2229 601 2294 de
617 2228 855 2294 reformatione
870 2229 962 2313 pacis
977 2248 1053 2293 cum
1071 2226 1341 2294 Flandrensibus.

552 2423 570 2463 v
587 2398 767 2465 Carissimo
783 2397 815 2462 in
833 2397 968 2464 Christo
984 2398 1053 2463 filio
1069 2397 1236 2484 Philippo,
1252 2398 1320 2482 regi
1338 2397 1478 2464 Francie
1501 2407 1536 2464 et
1563 2396 1716 2463 Navarre
1741 2393 1857 2462 illustri.

508 2502 611 2569 Grata
621 2503 742 2568 nostris
752 2503 891 2568 accessit
900 2502 1074 2567 affectibus
1084 2501 1278 2588 ingentique
1289 2522 1356 2568 non
1370 2502 1508 2587 indigno
1523 2501 1646 2587 gaudio
1656 2499 1857 2588 nosreplerit

507 2627 613 2694 nuper
633 2607 808 2671 missarum
829 2606 992 2690 regiarum
1011 2606 1112 2671 series
1135 2606 1343 2686 litterarum;
1366 2606 1436 2692 ipsa
1456 2605 1590 2690 quidem
1612 2606 1749 2691 plenam
1773 2602 1858 2669 nobis

507 2710 813 2777 convalescentiam
829 2710 953 2794 regiam
971 2708 1014 2774 ad
1032 2709 1189 2795 gaudium
1211 2711 1339 2776 curavit
1362 2709 1511 2795 pandere
1535 2717 1570 2774 et
1593 2709 1789 2794 homagium
1808 2725 1858 2793 per
1901 2767 1903 2774 .

508 2814 668 2880 dilectum
692 2813 796 2878 filiurn
821 2814 1015 2894 Robertum,
1039 2813 1199 2879 comitem
1224 2812 1390 2896 Flandrie,
1411 2813 1589 2900 prestitum
1604 2814 1793 2893 nuntiavit;
1808 2829 1858 2897 per

508 2919 596 2983 hanc
607 2917 693 2983 circa
702 2936 878 3003 regnorum
888 2938 1022 2983 suorum
1035 2918 1202 2984 laudabile
1212 2918 1359 3004 regimen
1370 2917 1581 3005 providentia
1592 2917 1683 3002 regia
1692 2914 1859 2983 studiosius

509 3043 626 3088 vacare
651 3024 775 3108 poterit
791 3046 799 3101 ;
816 3043 874 3108 per
891 3023 980 3087 illam
997 3043 1061 3107 pax
1085 3023 1266 3089 reformata
1291 3023 1379 3089 inter
1397 3022 1680 3109 magnificentiam
1697 3022 1818 3108 regiam
1830 3027 1860 3084 et
1901 3013 1903 3020 ’

511 3125 742 3205 Flandrenses,
759 3127 873 3211 utique
890 3127 965 3191 Deo
976 3134 1080 3209 grata,
1097 3128 1225 3192 mundo
1241 3127 1401 3212 perutilis,
1418 3128 1516 3192 robur
1532 3127 1669 3212 suscipit
1688 3126 1860 3202 finnitatis;

509 3251 568 3316 per
583 3231 648 3295 hoc
664 3250 731 3294 non
749 3231 855 3295 solum
872 3231 905 3295 in
922 3250 1024 3315 regno
1042 3229 1194 3310 Francie,
1212 3231 1270 3296 sed
1287 3241 1320 3295 et
1338 3230 1368 3294 in
1387 3231 1514 3296 cunctis
1530 3231 1676 3316 aliisque
1693 3232 1862 3297 christiana

509 3334 714 3420 professione
739 3343 926 3415 censentur,
946 3335 988 3399 ad
1008 3334 1243 3420 extirpandum
1268 3357 1307 3400 ea
1330 3356 1395 3419 que
1417 3335 1532 3400 divino
1557 3335 1691 3401 inimica
1713 3344 1792 3401 sunt
1812 3355 1863 3399 no·

509 3438 589 3502 mini
607 3445 641 3502 et
657 3458 721 3522 que
737 3437 846 3502 eidem
868 3446 945 3503 sunt
970 3445 1050 3523 apta
1073 3438 1283 3520 sectandum,
1306 3439 1396 3503 viam
1417 3439 1635 3525 supponimus
1650 3449 1863 3526 preparatam.

509 3540 630 3607 Cetera
646 3562 725 3605 vero
742 3563 806 3625 que
823 3541 1125 3606 habundantiorem
1141 3542 1346 3607 soliditatem
1359 3541 1448 3608 dicte
1460 3542 1553 3629 pacis
1562 3543 1746 3629 respiciunt
1761 3542 1863 3630 perfici

509 3644 601 3710 ocius
626 3644 732 3709 avidis
757 3645 953 3710 affectamus
978 3644 1163 3725 affectibus,
1188 3646 1375 3731 horumque
1403 3647 1734 3713 consummationem
1760 3645 1864 3713 audire

510 3748 650 3812 intensis
672 3748 843 3813 desideriis
870 3750 1102 3833 prestolamur,
1119 3750 1247 3833 quibus,
1265 3758 1427 3834 quantum
1452 3750 1561 3814 honor
1586 3750 1695 3835 regius
1719 3749 1865 3835 patietur,

511 3873 624 3916 aurem
637 3852 680 3920 ad
696 3852 908 3932 audiendum,
921 3852 1070 3916 animum
1087 3853 1131 3917 ad
1147 3854 1397 3918 assentiendum
1413 3862 1447 3918 et
1475 3874 1612 3919 manum
1637 3852 1681 3918 ad
1709 3871 1866 3938 exequen-

509 3955 589 4020 dum
614 3955 775 4035 inclinari,
800 3955 932 4040 disponi
958 3963 992 4019 et
1016 3957 1183 4041 preparari
1212 3957 1374 4021 intensius
1399 3957 1618 4042 concupimus
1645 3976 1749 4040 quam
1770 3954 1866 4041 possit

510 4059 650 4144 exprimi
668 4080 775 4143 eaque
791 4079 872 4124 sano
889 4060 1029 4124 consilio
1045 4060 1232 4125 celsitudini
1249 4061 1337 4146 regie
1354 4061 1540 4125 suademus.
1557 4058 1611 4124 Ad
1623 4059 1688 4125 hoc
1704 4081 1804 4146 super
1817 4062 1867 4124 be-

509 4163 622 4227 nivola
636 4163 854 4248 responsione
871 4163 960 4229 facta
976 4164 1101 4229 dilecto
1118 4165 1186 4229 filio
1202 4163 1398 4247 Gaucelmo,
1414 4165 1503 4230 tituli
1517 4164 1717 4230 Sanctorum
1730 4163 1867 4231 Marcel·

509 4266 567 4332 lini
583 4276 618 4332 et
635 4268 724 4332 Petri
746 4268 932 4353 presbitero
948 4268 1117 4350 cardinali,
1134 4290 1233 4355 super
1248 4269 1311 4334 hiis
1327 4291 1391 4354 que
1408 4269 1578 4334 serenitati
1594 4268 1684 4354 regie
1712 4291 1753 4333 ex
1780 4277 1867 4355 parte

509 4380 623 4436 nostra
647 4372 741 4436 duxit
767 4372 831 4437 hiis
852 4372 968 4437 diebus
994 4372 1163 4458 preteritis
1184 4374 1393 4459 exponenda,
1409 4372 1607 4457 benignitati
1631 4372 1723 4457 regie
1751 4373 1866 4459 gratias

509 4474 692 4539 refferinms
708 4497 790 4559 quas
806 4476 964 4556 valemus,
978 4496 1077 4561 super
1092 4476 1211 4561 quibus
1227 4477 1384 4542 cardinali
1396 4478 1548 4565 predicto
1561 4489 1713 4544 mentem
1723 4490 1867 4546 nostram

510 4579 708 4664 exponimus
723 4580 863 4665 plenius,
880 4579 931 4645 cui
948 4581 1076 4665 prebcri
1105 4581 1311 4646 audientiam
1338 4603 1518 4666 quesumus
1540 4591 1575 4647 et
1597 4583 1660 4649 hiis
1685 4604 1751 4669 que
1773 4604 1868 4669 expo-

508 4684 619 4748 nenda
631 4683 716 4749 circa
728 4683 819 4747 illum
837 4684 967 4749 duxerit
983 4684 1130 4749 adhiberi
1148 4684 1248 4750 fidem
1271 4685 1440 4751 indubiam
1466 4688 1685 4772 postulamus.
1716 4686 1866 4754 Modera-

510 4788 619 4853 tiones
635 4795 748 4851 autem
765 4786 870 4853 factas
885 4788 1024 4874 provide
1040 4788 1128 4853 circa
1144 4809 1316 4855 excessum
1333 4790 1544 4872 ferculorum,
1558 4792 1704 4856 vestium
1721 4800 1756 4856 et
1772 4811 1867 4877 equo-

544 5055 564 5100 l.
575 5054 649 5100 Cette
661 5052 735 5100 lettre
747 5053 832 5115 pamn-
843 5052 987 5101 autfrieure
999 5068 1050 5100 aux
1062 5053 1193 5116 dispenses
1204 5052 1338 5101 accorddcs
1350 5053 1373 5102 le
1386 5056 1416 5101 24
1430 5057 1480 5103 mai
1495 5057 1556 5103 1320
1569 5056 1607 5116 (n.
1628 5058 1689 5117 ⁸28)
1709 5072 1774 5120 pour
1788 5058 1809 5106 lu
1821 5071 1866 5104 ma-

509 5139 578 5197 riagi¹
589 5136 620 5180 ‹l‹;
636 5136 718 5191 lauris,
733 5136 770 5181 rin
781 5135 816 5181 vlu
829 5143 911 5182 ‹tonnu
923 5135 1025 5191 Nevurs,
1039 5151 1101 5183 avec
1115 5136 1278 5197 llarguerno,
1293 5136 1344 5184 lille
1356 5136 1392 5183 du
1405 5139 1441 5186 roi
1455 5138 1487 5185 do
1500 5138 1603 5185 l'rance.
