4409 6017
1028 903 1115 1049 Ι23.
1192 1029 1196 1036 .

400 1206 621 1271 fricuere
647 1218 700 1269 na
725 1217 844 1268 sarna
868 1202 1081 1267 caesenate
1107 1214 1312 1267 LA·MESSE
1331 1217 1472 1269 nurui
1521 1220 1571 1271 LE
1594 1221 1710 1286 Jourr.¹

999 1336 1037 1396 (n.
1056 1331 1127 1395 929).
1400 1327 1403 1332 ⁴

400 1517 527 1570 Eidem
557 1513 659 1583 nobili¹
678 1513 748 1579 [viro
773 1512 908 1574 Roberto‚
934 1511 1031 1566 comiti
1054 1509 1210 1578 flandriel.

402 1597 601 1652 Devotionis
627 1605 677 1649 tue
703 1594 834 1661 precibus
859 1594 1016 1657 benignum
1042 1592 1237 1657 impertientes
1265 1611 1420 1660 assensum,
1449 1607 1479 1650 ut
1505 1598 1622 1653 missam
1647 1604 1762 1665 quando

368 1680 513 1734 volueris
541 1689 705 1742 antequam
729 1676 873 1730 illucescat
896 1674 965 1737 dies,
991 1675 1041 1728 tibi
1066 1674 1264 1733 assistentibus
1292 1676 1379 1730 etiam
1402 1678 1468 1731 liliis
1495 1697 1649 1745 eorumque
1674 1684 1765 1735 uxori-

310 1777 313 1782 ·
357 1763 438 1828 bus,
469 1759 710 1829 consanguineis
736 1769 764 1812 et
790 1756 978 1811 familiaribus
1000 1757 1064 1819 tuis,
1087 1758 1178 1820 possis
1200 1757 1273 1810 licite
1295 1758 1390 1813 iacere
1403 1759 1557 1825 celebrari,
1580 1765 1618 1817 ita
1638 1765 1715 1828 quod
1736 1765 1765 1820 id

369 1861 428 1898 nec
448 1842 514 1897 'tibi
535 1858 597 1895 nec
616 1840 785 1909 presbytero
802 1839 918 1893 missam
936 1838 1029 1891 taliter
1049 1837 1207 1891 celebranti
1224 1839 1317 1893 valeat
1333 1840 1465 1906 imputari
1483 1843 1520 1896 ad
1535 1843 1656 1909 culpam,
1673 1853 1765 1898 aucto-

371 1925 464 1978 ritate
490 1924 683 1990 presentium
703 1922 740 1975 de
763 1920 879 1986 speciali
899 1921 991 1984 gratia
1014 1920 1205 1986 indulgemus,
1227 1922 1340 1987 proviso
1362 1934 1392 1977 ut
1414 1941 1499 1988 parce
1519 1925 1680 1989 hujusmodi
1702 1945 1765 1981 con-

372 2008 520 2062 cessione
537 2005 644 2072 utaris‚
661 2003 729 2069 quia
746 2020 811 2057 curn
826 2002 855 2057 in
871 2001 968 2056 altaris
984 2002 1082 2056 officio
1105 2003 1267 2057 immoletur
1280 2015 1376 2059 noster
1391 2006 1531 2061 Dominus
1547 2009 1601 2061 Dei
1616 2009 1690 2062 lilius
1704 2011 1766 2073 Jhe-

375 2108 428 2143 sus
447 2089 603 2152 Christus,
621 2087 670 2151 qui
689 2085 796 2139 candor
812 2095 854 2139 est
871 2084 940 2139 lucis
959 2089 1064 2148 e'teme‚
1088 2086 1219 2149 congruit
1237 2086 1311 2140 istud
1326 2088 1430 2143 nonin
1447 2090 1537 2143 noctis
1553 2092 1678 2145 tenebris
1694 2092 1765 2150 lieri.

376 2168 432 2221 scd
456 2167 491 2220 in
514 2168 594 2221 luce.

415 2249 504 2302 Nulli
531 2259 589 2304 etc.
613 2257 711 2302 nostre
734 2246 933 2306 concessionis.

422 2333 541 2386 Datum
560 2331 706 2385 Avinione
723 2331 779 2384 Vll
797 2330 854 2389 kal.
869 2330 940 2393 junii
954 2323 1156 2394 annoquinto.
1207 2358 1211 2370 ·

1008 2573 1166 2706 “2¹43
1272 2572 1275 2576 -

392 2831 585 2896 incursa
619 2843 672 2894 nr.
705 2841 825 2922 rante
857 2829 1069 2894 eumenen
1105 2841 1177 2894 Les
1211 2844 1375 2896 osricus
1407 2845 1541 2899 murus
1566 2847 1670 2900 nnus
1695 2849 1767 2903 Lus

787 2956 789 2959 ·
904 2945 1025 2996 braux
1049 2945 1272 2999 lurnnnrrs.

991 3034 1048 3123 '(n.
1068 3065 1145 3125 925).
1249 3053 1251 3058 ’

431 3246 543 3299 Eidem
559 3241 657 3296 comiti
673 3240 824 3305 [Flandrie]
848 3258 939 3305 usque
955 3241 1085 3295 salutem.

436 3329 475 3380 l't
501 3341 578 3388 erga
603 3322 709 3377 Sedem
731 3322 919 3388 apostolicam
943 3339 978 3375 eo
1001 3322 1123 3386 amplius
1151 3334 1259 3388 crescat
1295 3334 1342 3378 tue
1370 3326 1529 3381 devotionis
1543 3329 1685 3395 aflectus,
1712 3347 1770 3395 quo

397 3426 462 3462 eam
481 3405 697 3469 benigniorem.
716 3421 840 3469 per-que
858 3402 1040 3467 spiritualem,
1060 3403 1128 3457 Deo
1145 3401 1273 3469 propitio,
1291 3408 1473 3471 consequaris
1490 3409 1616 3474 letitiam,
1631 3421 1662 3465 te
1680 3428 1770 3466 sense-

396 3492 432 3544 ris
455 3490 601 3554 invenire‚
622 3506 682 3552 nos,
705 3489 759 3543 tuis
779 3488 1031 3553 supplicationibus
1051 3487 1204 3550 benignius
1229 3502 1395 3556 annuentes,
1420 3491 1559 3547 nobilitati
1573 3505 1631 3548 tue
1654 3497 1771 3553 auctori-

398 3583 456 3625 tate
480 3568 665 3635 presentium
686 3568 866 3631 indulgemus
886 3578 918 3621 ut
940 3584 1004 3620 cum
1026 3568 1062 3633 ad
1092 3567 1154 3621 loca
1181 3567 1379 3624 ecclesiastico·
1397 3574 1543 3637 supposita
1568 3575 1718 3630 interdicto
1742 3587 1771 3632 te

394 3653 555 3719 pervenire
586 3650 745 3716 contigerit,
775 3650 805 3703 in
834 3648 896 3714 illis,
926 3650 1030 3703 clausis
1047 3649 1435 3714 ,januieexcommunicatis
1457 3665 1484 3709 et
1506 3646 1660 3711 interdictis
1681 3660 1772 3713 exclu-

394 3737 440 3799 sis,
461 3752 527 3788 non
545 3732 665 3798 pulsatis
683 3731 837 3796 campanis,
852 3731 993 3785 submissa
1009 3747 1088 3793 voce,
1109 3731 1161 3784 tibi
1175 3742 1202 3784 et
1216 3731 1281 3786 liliis
1298 3751 1452 3798 eorumque
1465 3738 1599 3792 uxoribus
1614 3749 1641 3792 et
1655 3757 1771 3793 consan-

392 3818 516 3882 guineis
538 3832 572 3869 ac
589 3812 775 3873 familiaribus
793 3814 855 3876 tuis,
872 3814 990 3868 missam
1007 3825 1035 3867 et
1051 3814 1109 3867 alia
1127 3814 1224 3867 divina
1254 3817 1344 3879 possis
1373 3818 1468 3871 iacere
1498 3819 1595 3873 officia
1623 3822 1770 3886 celebrari,

390 3896 564 3952 dummodo
592 3906 631 3962 tu,
657 3894 718 3958 tilii,
746 3911 857 3957 uxores,
884 3892 1088 3959 consanguinei
1101 3905 1138 3947 et
1162 3894 1316 3950 familiares
1340 3897 1393 3962 ipsi
1415 3916 1533 3953 causam
1555 3918 1613 3954 non
1635 3902 1771 3957 dederitis

390 3978 567 4040 interdicto,
585 3992 640 4030 nec
651 3974 686 4029 'id
702 3975 849 4038 contingat
865 3974 917 4029 tibi
933 3975 979 4028 vel
998 3975 1038 4028 eis
1055 3975 1220 4040 specialiter
1240 3976 1376 4033 interdici.
1479 4025 1482 4030 .
1547 4005 1550 4011 ·

428 4058 523 4112 Nulli
546 4067 598 4111 etc.
618 4065 714 4110 nostre
734 4055 926 4111 concessionis
945 4057 1017 4110 etc'

433 4143 557 4194 Datum
576 4148 606 4190 ut
623 4155 709 4205 supra
727 4137 865 4203 proxima.

1048 4334 1131 4418 25.

615 4545 620 4551 ⁸
693 4572 877 4636 saeuus
903 4545 955 4634 nis
977 4555 1140 4653 roubian
1163 4542 1241 4637 uns
1258 4543 1488 4640 'currentia

1019 4706 1057 4764 (n.
1077 4706 1151 4767 950).

441 4849 567 4903 Dilecto
585 4846 643 4901 tilio
662 4848 781 4911 Hugoni
800 4846 836 4901 de
855 4848 965 4912 Buerst‚
983 4848 1153 4903 marescallo
1174 4848 1315 4915 Flandrie,
1333 4849 1423 4906 militi.

442 4932 628 4983 Des-tuorum
647 4942 723 4994 vota,
745 4947 801 4994 que
823 4925 921 4984 salutis
943 4930 1079 4997 operibus
1107 4931 1314 4994 obsecundant,
1344 4932 1464 4988 libenter
1479 4937 1650 5001 'apostolico
1680 4938 1777 4991 latiore

403 5012 615 5080 prosequimur
632 5014 720 5068 ereis
738 5027 886 5066 assensum
904 5011 1059 5076 gratiosum
1079 5021 1109 5066 et
1127 5013 1291 5069 benivolum
1315 5015 1499 5080 impertimur.
1581 5019 1584 5024 '

446 5096 531 5148 Sane
556 5093 652 5156 petitio
672 5102 723 5147 tua
745 5092 828 5148 nobis
852 5093 978 5151 exhibita
1001 5094 1165 5148 continebat
1181 5096 1259 5160 quod
1272 5106 1302 5148 tu
1319 5098 1354 5149 de
1369 5098 1483 5161 propria
1498 5100 1588 5151 salute
1604 5102 1733 5165 cogitans
1748 5115 1776 5153 et

405 5176 536 5241 cupiens
563 5184 676 5242 terrenaj
694 5190 746 5232 pro
769 5174 923 5228 celestibus
946 5183 979 5228 et.
997 5174 1159 5229 transitoria
1179 5193 1233 5242 pro
1254 5179 1358 5229 eternis
1381 5177 1457 5233 felici
1478 5179 1648 5231 commercio
1669 5173 1777 5241 permu-
