4409 6017
952 714 1110 781 Troisibme
1131 713 1234 780 annae.
1714 717 1775 781 263

463 863 575 945 664.
1378 878 1474 959 1318,
1491 898 1533 960 15
1548 880 1731 943 novembre.

461 982 580 1047 Abbati
602 989 638 1046 et
661 982 843 1048 conventui
865 982 1057 1049 monasterii
1084 981 1126 1046 de
1151 980 1371 1061 Camberone,
1396 979 1626 1047 Cisterciensis
1641 981 1775 1061 ordinis,

429 1077 666 1146 Cameracensis
680 1080 833 1162 diocesis,
849 1080 1089 1149 confirmantur
1105 1083 1277 1171 privilegia
1292 1084 1441 1170 ejusdem
1457 1085 1661 1151 monasterii.

461 1182 543 1248 Cum
565 1203 586 1249 a
608 1183 746 1250 nobis...

460 1286 535 1353 Dat.
550 1286 652 1352 Avin.
673 1306 710 1372 17
726 1288 793 1355 kal.
808 1289 997 1356 decembris
1019 1311 1109 1358 anno
1127 1313 1156 1376 3.

451 1450 525 1513 Cupie
535 1450 603 1499 dans
619 1451 644 1499 le
656 1450 802 1500 Carbulaire
813 1450 845 1499 de
857 1452 976 1514 l'abbaye
993 1451 1026 1501 de
1038 1453 1168 1501 cambron
1180 1467 1233 1501 aux
1248 1452 1365 1502 archives
1376 1452 1409 1501 de
1424 1450 1599 1502 l'arcbeveche
1610 1452 1643 1502 de
1655 1452 1772 1511 Melinos,

427 1544 445 1578 n.
456 1532 484 1579 83
494 1531 541 1581 des
551 1531 696 1596 Prieileqia
709 1532 882 1581 Romaammm
889 1533 1049 1597 pontificu-m.
1063 1562 1095 1570 —
1107 1535 1124 1584 J
1127 1534 1171 1584 .-J.
1188 1534 1221 1583 de
1233 1537 1311 1592 Smet‚
1331 1533 1479 1585 &raabam
1490 1534 1521 1583 de
1532 1534 1648 1599 l'obbapo
1659 1534 1690 1583 de
1704 1535 1775 1584 Carre-

427 1611 486 1672 brmr,
499 1628 524 1677 p.
540 1616 579 1674 75,
594 1614 661 1663 dans
672 1614 698 1663 la
709 1614 845 1664 collection
857 1614 903 1664 des
913 1616 1073 1665 Monemenaa
1083 1632 1154 1682 pour
1164 1618 1246 1666 rormr
1257 1614 1274 1664 ὰ
1286 1616 1408 1666 l'birtoiee
1425 1615 1468 1665 dee
1474 1617 1607 1680 mot-inca
1624 1616 1655 1665 de
1667 1617 1775 1675 abbione,

426 1691 450 1740 de
460 1693 579 1743 Hoinaut
589 1699 613 1743 ef
624 1694 657 1743 de
667 1695 854 1760 Luaenrbonrq,
868 1703 887 1745 t.
900 1696 927 1745 Il
940 1697 1038 1759 (1869).

460 1898 573 1981 665.
1380 1915 1473 1995 1318,
1490 1933 1532 1999 19
1548 1912 1730 1977 novembre.

459 2015 609 2081 Amatori
625 2015 759 2082 Andree
771 2015 951 2098 Amatoris,
958 2018 1208 2103 consanguineo
1223 2025 1259 2083 et
1274 2019 1449 2104 capellano
1469 2015 1488 2094 J
1491 2016 1599 2098 acobi,
1615 2016 1647 2081 S.
1670 2015 1774 2082 Geor·

424 2117 460 2201 gii
474 2117 516 2183 ad
529 2117 649 2183 Velum
661 2138 800 2184 aureum
816 2118 948 2185 diaconi
965 2120 1152 2205 cardinalis,
1169 2122 1338 2188 confertur
1352 2121 1487 2189 abbatia
1501 2120 1658 2187 secularis
1669 2120 1774 2186 eccle·

424 2220 463 2285 sie
477 2221 700 2302 Tudiniensis,
717 2220 913 2288 Leodiensis
928 2221 1081 2305 diocesis,
1094 2245 1219 2291 vacans
1230 2246 1290 2311 per
1299 2224 1430 2291 obitum
1440 2224 1579 2291 Henrici
1591 2224 1634 2290 de
1646 2223 1773 2302 SalmiS,

423 2344 498 2410 pape
514 2325 689 2412 capellani,
706 2326 795 2411 apud
812 2326 932 2392 Sedem
954 2328 1175 2413 apostolicam
1200 2328 1359 2411 defuncti,
1380 2350 1448 2396 non
1465 2332 1621 2396 obstante
1638 2328 1727 2412 quod
1740 2328 1771 2391 in

421 2427 590 2497 Leodiensi
606 2439 641 2496 et
658 2431 817 2516 Burgensi
830 2430 984 2497 ecclesiis
999 2431 1214 2499 canonicatus
1229 2439 1264 2498 et
1280 2433 1465 2519 prebendas
1480 2433 1621 2499 obtinet.

457 2535 653 2620 Apostolice
668 2536 803 2602 Sedis...

459 2637 535 2704 Dat.
551 2640 653 2706 Avin.
673 2659 710 2724 13
727 2640 793 2705 kal.
809 2637 996 2705 decembris
1011 2658 1102 2704 anno
1120 2660 1149 2723 3.

459 2740 497 2806 In
521 2763 550 2808 e.
566 2764 612 2808 m.
627 2743 774 2824 Andree,
790 2745 900 2811 electo
920 2745 1162 2827 Interannensi,
1178 2753 1213 2810 et
1237 2744 1268 2810 S.
1285 2743 1380 2809 Pauli
1394 2762 1435 2809 ac
1451 2744 1486 2809 S.
1502 2740 1522 2819 J
1525 2741 1667 2807 ohannis
1690 2739 1775 2805 Leo-

419 2846 581 2913 diensium
597 2847 812 2914 ecclesiarum
827 2847 972 2918 decanis

449 3002 505 3065 Reg.
518 3004 566 3052 Ar.
580 3005 618 3062 ll,
629 3003 648 3051 f.
660 3004 735 3059 228¹:
749 3004 807 3053 Vnt..
825 3006 864 3064 69,
876 3007 895 3054 f.
908 3009 974 3067 102¹,
986 3022 1011 3055 n.
1023 3009 1079 3056 321.

458 3200 574 3284 666.
1398 3212 1527 3294 1318,1
1552 3210 1729 3274 decembre.

459 3317 642 3385 Scolastico
657 3317 796 3383 ecclesie
818 3327 852 3384 et
867 3318 967 3404 priori
985 3317 1235 3385 Predicatorum
1252 3338 1292 3383 ac
1307 3314 1490 3402 guardiano
1505 3314 1644 3379 fratrum
1662 3310 1773 3377 Mino·

422 3442 486 3487 rum
511 3423 677 3503 ordinum,
694 3420 969 3503 Tomacensium,
981 3423 1159 3489 mandatur
1180 3430 1347 3507 quatenus
1364 3418 1582 3484 moderentur
1608 3415 1774 3504 stipendia

423 3524 566 3592 fatribus
581 3524 750 3609 quondam
767 3525 899 3611 Templi
916 3525 1015 3591 nimis
1026 3527 1117 3611 large
1133 3526 1300 3611 assignata
1315 3547 1335 3592 a
1350 3526 1519 3591 nonnullis
1542 3525 1708 3611 episcopis
1730 3524 1772 3590 de

422 3630 594 3714 bonisque
618 3629 768 3714 ejusdem
791 3628 916 3694 ordinis
937 3640 1031 3695 erant
1058 3637 1093 3695 et
1109 3629 1152 3695 ad
1173 3629 1326 3696 ordinem
1351 3628 1539 3716 Hospitalis
1559 3629 1590 3693 S.
1610 3628 1629 3707 J
1633 3627 1774 3694 ohannis

426 3730 706 3799 Hierosolimitani
722 3734 884 3798 translata
899 3742 987 3799 sunt.

457 3836 574 3925 Nuper
589 3835 633 3903 ad
647 3838 897 3922 apostolatus...

458 3941 534 4007 Dat.
551 3940 651 4006 Avin.
668 3939 734 4005 kal.
750 3940 935 4006 decembris
950 3963 1041 4007 anno
1052 3963 1081 4026 3.

458 4041 496 4108 In
512 4066 542 4110 e.
558 4066 604 4108 m.
617 4043 808 4110 subdecano
819 4044 959 4109 ecclesie
974 4066 1013 4110 ac
1023 4044 1124 4130 priori
1137 4044 1387 4111 Predicatorum
1398 4051 1432 4109 et
1444 4042 1626 4127 guardiano
1638 4043 1773 4108 fratrum

426 4140 585 4214 Minorum
602 4148 757 4213 ordinum
774 4147 1021 4213 Leodiensium.

450 4300 506 4363 Reg.
519 4304 568 4349 Ar.
584 4304 620 4355 11,
632 4302 650 4348 f.
665 4303 722 4348 122ν
733 4317 739 4352 ι
752 4301 810 4349 vat.
824 4304 862 4362 69,
874 4304 892 4350 1.
906 4305 944 4359 ol,
957 4318 981 4350 rr.
995 4306 1049 4351 265.
1070 4332 1099 4338 -
1120 4303 1210 4362 Eubel
1224 4303 1377 4351 Bolbe-riam
1392 4304 1602 4363 Franciecnmem,
1615 4307 1634 4351 t.
1647 4303 1676 4358 V,
1690 4317 1714 4365 p.
1729 4302 1774 4349 160

424 4379 516 4446 (texte).

460 4572 572 4657 667.
1381 4589 1477 4670 1318,
1495 4590 1540 4652 18
1552 4588 1729 4652 deeerrrbre.

459 4703 580 4768 Abbati
612 4698 769 4765 secularis
806 4698 1045 4766 Namurcensis
1070 4710 1105 4766 et
1129 4702 1258 4767 decano
1283 4701 1314 4766 S.
1345 4699 1519 4765 Adalberti
1547 4708 1641 4765 extra
1663 4719 1775 4764 muros

426 4804 580 4889 ¹lquensis
591 4825 630 4870 ac
640 4804 768 4869 cantori
780 4803 992 4885 Tungrensis,
1005 4804 1202 4870 Leodiensis
1211 4804 1362 4885 diocesis
1376 4804 1590 4870 ecclesiarum
1600 4801 1775 4868 mandatur

427 4921 579 4990 quatenus
594 4909 778 4975 decernant
801 4908 895 4972 litem
912 4918 1018 4975 ortam
1037 4910 1124 4975 inter
1141 4909 1327 4975 Henricum
1343 4909 1384 4975 de
1401 4908 1540 4995 Gencpe
1557 4918 1591 4974 et
1607 4907 1774 4994 Syfridum

428 5009 461 5075 de
476 5013 709 5095 Rennenberg,
732 5012 912 5078 canonicos
939 5012 1170 5094 Colonienses,
1185 5013 1227 5078 de
1254 5012 1451 5097 parrochiali
1475 5013 1615 5079 ecclesia
1630 5012 1672 5076 de
1689 5010 1775 5075 Her-

430 5122 506 5199 tene,
522 5115 732 5184 Coloniensis
748 5114 899 5182 diocesis.
