4409 6017
418 721 437 783 6
963 723 1110 790 Premibre
1132 724 1234 789 annea.

463 869 536 951 19.
1398 888 1493 971 1316,
1512 905 1530 970 7
1547 892 1615 973 sept

463 986 612 1052 Roberto
628 988 670 1052 de
686 987 842 1053 Vernone
858 989 1025 1055 confertur
1040 991 1256 1056 canonicatus
1277 991 1416 1057 ecclesie
1432 992 1463 1057 S.
1481 990 1570 1055 Petri
1599 991 1615 1055 d

419 1090 639 1157 Tornacensis
653 1092 803 1171 diocesis
819 1095 879 1158 sub
896 1094 1130 1179 expectatione
1145 1096 1324 1180 prebende,
1341 1094 1609 1160 consideratione

419 1195 461 1260 de
477 1194 703 1275 Claromonte,
720 1196 846 1261 domini
863 1197 905 1263 de
921 1195 1092 1262 Borbonio
1111 1198 1125 1282 (
1144 1198 1169 1281 ).

464 1298 582 1385 Nuper
598 1302 640 1365 ob
657 1308 758 1365 tue...

465 1402 542 1468 Dat.
559 1402 711 1487 Lugduni
730 1422 747 1487 7
765 1403 807 1469 id.
824 1404 1020 1489 septembris
1036 1425 1126 1470 anno
1149 1426 1174 1470 1.

465 1506 504 1572 In
522 1528 610 1572 em.
628 1507 658 1573 S.
676 1508 803 1593 Sulpitii
827 1515 860 1572 et
876 1508 907 1574 S.
923 1508 1089 1573 Ambrosii
1108 1508 1362 1574 Bituricensium
1383 1508 1616 1574 monasteriorr

420 1610 508 1675 tibus
523 1632 562 1677 ac
577 1611 811 1677 archidiacono
827 1611 965 1677 ecclesie
982 1610 1205 1678 Bituricensis.

454 1749 515 1810 ch.
527 1751 574 1797 Ar.
588 1753 610 1802 2.
623 1749 640 1797 i.
654 1750 701 1797 283
712 1765 717 1808 ;
730 1749 787 1797 rat.
801 1751 840 1809 63,
852 1749 871 1797 i.
884 1752 906 1808 2,
919 1764 944 1797 ιι.
959 1766 981 1797 ›

466 1906 547 1987 20.
1401 1920 1496 2004 1316,
1515 1938 1533 2003 7
1549 1926 1615 2005 sept

468 2023 629 2108 Magistro
645 2023 790 2089 Nicolao
814 2023 856 2088 de
874 2022 1052 2104 Morsiac0,
1068 2023 1189 2090 clerico
1217 2031 1251 2089 et
1267 2022 1415 2089 familiari
1428 2022 1588 2089 Ludovici

422 2135 549 2207 monte,
561 2126 688 2194 domini
704 2127 746 2193 de
764 2127 943 2208 Borbonio,
954 2128 1122 2193 confertur
1132 2128 1348 2194 canonicatus
1362 2128 1500 2194 ecclesie
1515 2128 1615 2193 Silva]

422 2235 482 2297 sub
499 2231 733 2317 expectatione
748 2231 928 2316 prebende,
950 2253 1018 2296 non
1035 2234 1192 2297 obstante
1219 2232 1309 2316 quod
1337 2232 1369 2296 in
1396 2232 1534 2297 eeclesia
1559 2232 1615 2297 st

422 2337 465 2402 de
483 2335 673 2414 Hericione,
691 2334 894 2400 Biturcensis
920 2335 1070 2413 diocesis,
1093 2336 1304 2415 decanatum,
1328 2345 1362 2400 et
1388 2336 1420 2399 in
1441 2336 1558 2400 eadem
1576 2357 1614 2400 ac

424 2440 528 2518 nensi,
545 2438 751 2516 Trecorensi,
768 2439 798 2504 S.
816 2438 907 2503 Pauli
926 2437 1130 2517 Leodiensis,
1148 2438 1184 2503 B.
1204 2437 1309 2504 Marie
1327 2437 1549 2516 Belvacensis,
1568 2437 1605 2503 B.

425 2543 577 2628 Stampis,
596 2541 633 2608 B.
648 2542 755 2607 Marie
770 2542 813 2607 de
829 2543 1056 2621 Claromonte,
1073 2543 1105 2608 S.
1123 2542 1326 2608 Erremondi
1342 2543 1385 2608 de
1402 2542 1568 2621 Credulio‚
1586 2542 1615 2605 Si

425 2655 460 2711 et
476 2645 687 2712 Belvacensis
703 2646 883 2727 diocesunr,
901 2646 1047 2711 ecclesiis
1063 2646 1278 2712 canonicatus
1294 2655 1329 2711 et
1344 2647 1530 2732 prebendas
1546 2646 1615 2711 obti

468 2750 665 2834 Apostolice
676 2750 816 2815 Sedis...

471 2854 549 2918 Dat.
566 2852 718 2937 Lugduni
734 2871 751 2936 7
768 2852 811 2917 id.
828 2853 1025 2938 septembris
1041 2874 1131 2917 amro
1153 2875 1178 2919 1.

470 2956 510 3020 In
527 2978 556 3022 e.
573 2978 616 3021 m.
634 2956 791 3041 episcopo
808 2965 842 3020 et
862 2957 1095 3022 archidiacono
1117 2958 1255 3022 ecclesie
1278 2957 1468 3022 Parisiensis
1489 2966 1523 3021 et
1539 2959 1613 3022 abbr

426 3061 515 3125 sterii
532 3061 563 3125 S.
580 3059 736 3124 Germani
752 3060 795 3125 de
812 3060 927 3139 Pratis,
945 3060 1135 3126 Parisiensis
1150 3061 1301 3126 diocesis.

461 3198 520 3256 ltcg.
532 3198 589 3244 l'at.
602 3200 641 3255 aa,
652 3198 669 3243 f.
684 3199 731 3257 ll',
745 3200 815 3245 aaa.

471 3354 544 3434 21.
1406 3368 1500 3449 1316,
1519 3385 1537 3450 7
1554 3374 1615 3453 sepi

472 3470 641 3550 Niclrasi0,
659 3470 749 3535 dieto
776 3470 818 3534 de
836 3472 934 3554 Aqua
954 3472 997 3535 de
1014 3469 1154 3549 Melin0,
1170 3470 1354 3556 presbitero
1370 3469 1615 3536 Cameracensis

428 3574 632 3661 paupertatis
661 3574 851 3658 gravamine
887 3595 1056 3660 oppressu,
1092 3584 1277 3639 reservatur
1303 3575 1503 3639 beneficium
1527 3577 1615 3639 ecclc

429 3700 505 3745 cum
528 3699 605 3745 cura
631 3679 685 3742 vel
708 3678 778 3742 sine
809 3698 886 3742 cura
921 3679 978 3762 (60
1008 3678 1064 3743 lib.
1095 3688 1158 3743 tur.
1188 3678 1295 3763 parv.)
1320 3678 1363 3742 ad
1389 3678 1605 3743 collationem

429 3781 568 3848 ecclesie
585 3782 615 3848 S.
632 3780 789 3845 Gemrani
815 3779 1013 3861 Montensis,
1031 3780 1279 3847 Cameracensis
1296 3781 1445 3847 diocesis.

473 3885 669 3970 Apostolice
686 3883 788 3949 Sedis.
799 3936 822 3949 ..

475 3989 553 4053 Dat.
571 3986 722 4072 Lugduni
741 4006 759 4072 7
777 3987 819 4052 id.
836 3988 1032 4072 septembris
1048 4009 1138 4053 anno
1160 4008 1185 4054 1.

477 4091 515 4156 In
533 4113 561 4158 e.
578 4112 622 4155 m.
639 4091 750 4156 abbati
767 4091 956 4155 monasterii
974 4091 1005 4156 S.
1022 4090 1147 4155 Gisleni
1171 4091 1204 4155 in
1227 4091 1320 4157 Cella
1336 4101 1370 4156 et
1392 4092 1488 4177 priori
1512 4090 1550 4157 B.
1569 4090 1615 4157 Ma

432 4194 612 4261 Scolarium
631 4196 726 4279 juxta
742 4193 890 4275 Montes,
908 4195 1156 4260 Cameracensis
1171 4195 1321 4274 diocesis,
1348 4218 1387 4261 ac
1411 4196 1569 4278 magistro
1593 4197 1615 4259 t·

433 4297 639 4379 Sennenet0,
656 4299 819 4363 canonico
834 4296 1073 4378 Xanctonensi,
1091 4297 1231 4364 Camere
1247 4300 1430 4384 apostolice
1446 4300 1576 4364 clerico

473 4435 533 4496 Rug.
543 4437 591 4482 Ar.
604 4438 626 4494 2,
635 4436 653 4483 f.
661 4437 705 4483 341
721 4452 727 4493 3
741 4436 799 4484 Vat.
812 4438 850 4495 63,
860 4437 878 4483 f.
887 4439 935 4490 69¹,
944 4452 969 4483 n.
980 4439 1034 4484 205.

478 4592 554 4672 22.
1415 4628 1433 4671 1
1460 4608 1500 4672 16
1563 4630 1598 4673 se

478 4708 498 4787 J
501 4710 625 4775 olranni
649 4710 692 4775 de
714 4708 981 4790 Bellanomonte,
998 4710 1118 4776 clerico
1136 4710 1288 4796 Philippi,
1306 4628 1459 4797 Philippi,
1476 4625 1560 4795 regis
1583 4616 1615 4775 Γᾖ

437 4814 504 4896 filii,
520 4813 687 4879 confertur
713 4810 928 4879 canonicatus
955 4814 1093 4880 ecclesie
1111 4815 1368 4894 Cameracensis,
1384 4817 1444 4879 sub
1469 4826 1615 4900 expecta·

435 4917 546 4983 bende
562 4917 699 5002 integre,
715 4917 818 4981 libere
834 4926 868 4981 et
880 4938 948 4981 non
966 4918 1188 4983 sacerdotalis.

470 5083 491 5127 l.
510 5080 629 5128 Iouisde
641 5080 779 5138 Clcrmont‚
792 5082 909 5141 seignmr
920 5082 952 5129 de
966 5082 1092 5134 llourlmn.
1111 5082 1181 5128 avait
1197 5080 1289 5143 cpoust‘·
1310 5081 1397 5131 llario.
1419 5081 1470 5129 tillc.
1485 5080 1517 5129 dc
1533 5082 1615 5129 dian]

436 5167 521 5214 comte
532 5162 564 5210 dc
577 5162 700 5210 Hninaur.
