4409 6017
420 675 481 739 598
960 664 1117 731 lleuvilme
1138 660 1238 728 annea.

419 825 665 911 episcopatuo
687 817 854 884 nobilitati
880 813 1054 880 referenda
1078 810 1307 898 imposuimus,
1316 831 1383 896 que
1398 811 1480 898 ipse
1497 815 1769 900 explimbitserio

419 928 487 995 sius
501 926 579 991 viva
595 944 691 990 voce.
709 922 787 987 Dat.
803 920 903 985 Avin.
922 939 939 1003 7
956 917 1024 984 kal.
1040 916 1171 1002 augusti
1188 935 1278 981 anno
1295 935 1324 995 9.
1338 936 1356 977 a

454 1061 516 1121 neg.
531 1058 591 1106 uer.
606 1060 658 1115 na,
671 1058 689 1104 r.
703 1060 740 1116 15,
752 1071 777 1104 n.
794 1056 848 1105 rac.
1812 1011 1818 1075 5

448 1227 609 1310 ι1625.
743 1252 746 1255 >
1450 1248 1627 1329 1325,-26
1643 1195 1749 1334 ,an

446 1346 578 1427 '.Petr0,
594 1346 754 1433 episcopo
779 1344 1005 1422 Atrebatensi,
1021 1342 1206 1410 'mandatur
1229 1343 1319 1429 quod
1331 1346 1485 1414 moleste
1509 1348 1775 1439 ferunturapapr

423 1450 540 1536 injurie
557 1449 740 1530 Ludovico,
756 1450 871 1515 comiti
890 1447 1086 1531 Flandrie,a
1102 1446 1325 1533 Brugensibus
1341 1448 1449 1517 illate.

469 1643 486 1683 r.
500 1618 611 1700 Petro,
627 1618 842 1684 Atrabateusi
859 1618 1030 1705 episcopo
1047 1616 1282 1716 Fratemitatis
1305 1626 1363 1685 tue
1387 1619 1520 1690 litteris
1537 1624 1650 1691 solita
1663 1625 1778 1713 benigni

424 1732 495 1815 tate
522 1723 676 1810 receptis,
692 1725 835 1789 moleste
862 1722 998 1789 serimus
1025 1722 1202 1789 nunciatas
1216 1722 1314 1788 nobis
1340 1722 1484 1808 injurias
1508 1748 1584 1812 que
1599 1729 1778 1796 dilectoilir

424 1827 528 1894 nobili
545 1828 617 1893 viro
633 1826 818 1908 LudovicO,
834 1827 949 1893 comiti
967 1826 1136 1908 Flandrie,
1151 1822 1211 1913 per
1225 1826 1355 1893 incolas
1378 1825 1597 1917 Brugenses,
1613 1835 1687 1921 eius
1699 1833 1778 1901 subdi·

425 1940 488 2011 tos,
511 1931 706 1999 infemntur.
723 1931 949 2018 Supponimus
963 1939 1078 1996 autem
1106 1932 1140 1995 in
1164 1931 1281 1997 divino
1304 1932 1430 1999 auxilio
1456 1936 1560 2019 quod
1587 1938 1675 2006 dicti
1698 1940 1779 2006 iuoole

423 2036 642 2123 beneplacitis
665 2046 699 2102 et
726 2036 894 2102 mandatis
917 2035 1076 2103 carissimi
1101 2036 1136 2101 in
1167 2034 1303 2102 Christo
1330 2035 1387 2102 filii
1417 2040 1546 2105 nostri
1565 2040 1696 2128 Caroli,
1719 2044 1780 2129 regis

425 2142 567 2209 Francie
581 2152 617 2207 et
633 2140 667 2207 N
669 2162 784 2207 avarre
801 2140 945 2223 illustriS,
962 2140 1123 2207 obedient
1138 2140 1171 2206 in
1187 2141 1251 2207 hac
1266 2150 1374 2228 parte,
1390 2141 1435 2207 de
1451 2146 1708 2229 premissorum
1720 2168 1780 2214 nun·

423 2247 568 2313 clatione
588 2246 720 2313 solicita
745 2255 838 2312 tuam
867 2245 900 2310 in
928 2244 1077 2311 Domino
1100 2243 1308 2330 diligentiam
1332 2248 1646 2320 commendantes.
1668 2253 1781 2319 Datur

424 2371 522 2437 supra
547 2349 664 2437 [Avin.
683 2369 700 2434 7
724 2350 790 2416 kal.
806 2349 938 2435 augusti
952 2370 1045 2416 anno
1062 2348 1142 2435 9].›>
1225 2414 1240 2444 ⁶

457 2488 585 2549 RegVat.
599 2491 652 2548 113,
665 2490 683 2537 f.
699 2491 738 2548 15,
752 2504 777 2537 n.
796 2489 850 2537 187.

471 2657 613 2742 1626.
1452 2694 1556 2757 1325,
1573 2681 1624 2745 28
1635 2680 1751 2763 y'uilld.

471 2775 624 2859 Mathe0,
634 2786 717 2845 nato
728 2777 850 2844 nobilis
861 2778 923 2844 viri
936 2777 1099 2844 Guidonis
1115 2777 1290 2844 Savinede
1306 2775 1469 2860 Foleano,
1485 2792 1689 2852 reservatur
1702 2787 1783 2851 bene·

428 2882 539 2948 ficium
570 2883 844 2968 ecclesiasticum,
859 2884 931 2949 sine
966 2903 1055 2965 cura,
1086 2881 1130 2949 ad
1168 2882 1312 2968 cujusvis
1342 2881 1579 2969 collationem,
1601 2888 1638 2954 in
1666 2891 1783 2966 civitate

428 2989 566 3076 Regina,
582 3009 651 3055 non
661 2993 816 3069 obstante
832 2988 922 3075 quod
938 2988 971 3054 in
980 2987 1133 3076 predicta
1142 2987 1271 3074 Regina
1286 2986 1529 3058 canonicatum
1542 3000 1581 3059 et
1591 2995 1782 3082 prebendam

428 3094 558 3160 obtinet
583 3102 617 3160 et
641 3094 673 3160 in
695 3095 726 3160 S.
751 3094 935 3160 Donatiani
951 3092 1140 3178 Brugensis,
1155 3092 1377 3159 Tomacensis
1391 3091 1552 3179 diocesis,
1569 3100 1723 3167 ecclesiis
1735 3102 1783 3166 sub

428 3198 663 3285 expectatione
678 3199 847 3286 prebende
864 3199 897 3264 in
914 3198 1113 3265 canonicum
1129 3206 1180 3263 est
1195 3204 1358 3283 receptus.

432 3337 436 3340 ·
453 3302 639 3369 Nobilitas
660 3304 828 3388 generis...

437 3443 439 3446 ·
471 3408 549 3474 Dat.
565 3408 665 3474 Avin.
684 3429 700 3493 5
718 3407 785 3474 kal.
798 3407 928 3494 augusti
945 3428 1035 3473 anno
1049 3428 1077 3488 9.

472 3513 510 3578 In
527 3534 556 3579 e.
568 3534 613 3578 m.
630 3514 671 3579 de
684 3512 803 3598 Bagno
819 3513 904 3578 etde
928 3512 957 3578 S.
974 3511 1144 3579 Leucadio
1159 3532 1200 3578 ac
1214 3512 1256 3578 de
1273 3512 1469 3593 Salvaterra,
1489 3513 1625 3601 Regine
1645 3517 1778 3594 diocesis,

426 3618 710 3704 archipresbiteris
725 3618 951 3683 ecclesiarum.

460 3758 520 3816 ltcg.
536 3761 581 3806 ⁴lv.
596 3760 637 3816 23,
651 3757 668 3806 f.
684 3760 742 3804 533v
755 3774 761 3808 ;
776 3757 832 3805 Vnt.
849 3759 886 3813 79,
900 3758 917 3806 f.
933 3759 999 3816 410',
1012 3771 1037 3804 n.
1053 3756 1125 3804 2389.

471 3931 611 4016 1627.
1452 3973 1547 4035 1325,
1560 3977 1610 4039 30
1627 3957 1744 4040 juillet

471 4052 628 4117 Conrado
649 4053 742 4118 dicto
768 4055 849 4117 Hon
877 4053 1046 4118 confertur
1070 4055 1288 4121 canonicatus
1312 4057 1454 4122 ecclesie
1471 4055 1777 4143 Bunnensis,'Colo

426 4157 551 4222 niensis
566 4157 719 4238 diocesis,
736 4160 796 4222 sub
812 4158 1048 4243 expectatione
1063 4159 1243 4245 prebende,
1260 4180 1327 4225 non
1352 4163 1508 4226 obstante
1525 4164 1620 4246 quod
1636 4164 1672 4230 in
1688 4165 1777 4232 eccle·

426 4260 473 4323 sia
490 4259 527 4325 B.
546 4259 652 4325 Marie
668 4261 710 4326 de
726 4261 935 4347 Aquisgrani,
960 4261 1155 4329 Leodiensis
1170 4264 1324 4343 diocesis,
1341 4265 1582 4331 canonicatum
1600 4278 1636 4336 et
1653 4272 1777 4356 preben-

427 4362 503 4426 dam
532 4365 672 4443 obtinet,
689 4364 730 4429 de
758 4386 823 4450 qua
850 4367 1019 4451 prebenda
1045 4389 1150 4452 usque
1177 4368 1219 4433 ad
1243 4369 1423 4434 triennium
1454 4376 1595 4456 propter
1623 4372 1777 4458 quoddam

427 4474 590 4531 statutum
607 4468 708 4553 ipsius
733 4470 875 4536 ecclesie
899 4471 980 4535 nihil
1016 4473 1189 4558 percipiet,
1215 4494 1273 4538 seu
1297 4473 1389 4558 quod
1414 4474 1499 4538 inter
1525 4495 1606 4540 eum
1633 4498 1676 4542 ex
1699 4483 1777 4564 parte

427 4590 492 4633 una
515 4579 549 4635 et
566 4569 794 4637 Christianum
809 4575 850 4638 de
876 4575 1034 4654 Stumele,
1051 4576 1200 4661 ejusdem
1225 4577 1366 4642 ecclesie
1383 4577 1585 4643 canonicum
1613 4602 1656 4646 ex
1678 4582 1778 4651 altera,

426 4692 525 4757 super
559 4677 731 4741 scolastria
756 4680 904 4758 ejusdem
942 4681 1083 4746 ecclesie
1127 4680 1158 4745 in
1195 4680 1347 4746 Romana
1380 4682 1469 4747 curia
1497 4682 1660 4768 litigatur,
1701 4684 1778 4768 cujus

425 4778 595 4842 scolastrie
613 4781 857 4865 possessionem
873 4784 981 4849 dictus
998 4784 1205 4850 Christianus
1215 4785 1256 4850 de
1270 4785 1358 4850 sacto
1368 4786 1498 4850 detinet
1511 4796 1717 4874 occupatam
1733 4785 1777 4866 (ἢ.

473 4882 646 4949 Honestas
663 4886 771 4951 vite...

462 5102 482 5149 l.
501 5103 594 5163 loun.
613 5109 680 5158 1495.
