4409 6017
530 692 591 756 274
1065 688 1225 754 Troisilme
1246 685 1349 752 annea.

528 850 616 906 runt.
632 838 784 923 Cumque
809 838 1025 924 postmodum
1050 837 1139 903 dicte
1165 844 1277 923 partes
1302 855 1399 921 super
1424 834 1611 920 prestandis
1636 843 1670 901 et
1695 834 1879 921 recipiendis

527 943 758 1010 securitatibus
771 942 849 1027 ipsis
865 942 1069 1008 concordare
1081 962 1150 1006 non
1163 947 1312 1027 possent,
1328 938 1467 1004 tandem
1483 947 1594 1004 actum
1611 939 1727 1005 extitit
1743 939 1880 1005 intereas

528 1048 618 1132 quod
634 1046 717 1111 infra
742 1046 824 1112 certi
849 1046 1010 1132 temporis
1037 1046 1182 1131 spatium
1209 1064 1324 1109 earum
1349 1042 1496 1128 quelibet
1519 1052 1755 1128 procuratores
1770 1063 1842 1109 suos
1852 1051 1878 1107 et

526 1151 662 1218 nuntios
688 1149 730 1215 ad
754 1145 901 1215 nostram
928 1150 1132 1236 presentiam
1151 1148 1335 1228 mitterent,
1352 1154 1514 1228 nostrum,
1530 1167 1596 1231 que
1610 1146 1772 1213 videlieet
1798 1166 1877 1233 super

526 1256 591 1320 hoc
607 1256 767 1321 deberent
784 1252 978 1320 securitates
995 1252 1158 1335 sufficere,
1176 1251 1352 1318 eonsilium
1373 1250 1545 1318 audituros
1559 1274 1567 1331 ;
1584 1250 1724 1317 demum
1740 1270 1820 1317 vero
1833 1270 1877 1337 per

526 1368 637 1445 partes
663 1358 807 1438 easdem,
825 1357 1093 1444 procuratoribus
1115 1377 1230 1421 eorum
1247 1362 1281 1419 et
1303 1355 1428 1420 nuntiis
1450 1362 1588 1441 propter
1603 1356 1669 1421 hoc
1685 1355 1730 1422 ad
1744 1362 1877 1420 nostran

421 1469 424 1473 ⁴
526 1463 727 1548 presentiam
744 1461 928 1543 destinatis,
944 1469 1020 1546 post
1036 1471 1048 1495 ⁶
1064 1461 1212 1527 diversos
1228 1469 1262 1526 et
1277 1459 1388 1526 varios
1414 1478 1474 1545 per
1498 1480 1560 1526 nos
1581 1468 1746 1526 tractatus
1761 1460 1877 1525 habitos

526 1566 694 1652 supervia
711 1565 877 1631 amicabili
894 1573 929 1630 et
946 1565 1103 1631 concordi
1121 1563 1369 1630 adinvenienda
1383 1562 1693 1650 supersufficientia
1709 1563 1876 1631 securitatis

525 1670 683 1755 predicte,
709 1679 743 1734 et
770 1689 844 1735 eam
871 1669 1018 1733 invenire
1044 1689 1121 1733 cum
1148 1668 1246 1734 dictis
1272 1667 1421 1754 partibus
1447 1687 1514 1733 non
1546 1688 1731 1754 possemus,
1756 1667 1874 1734 tandem

524 1773 772 1839 cumfratribus
794 1773 915 1838 Sancte
934 1772 1086 1837 Romane
1105 1771 1255 1837 Ecclesie
1272 1771 1494 1837 cardinalibus
1520 1771 1743 1857 omnibusque
1758 1772 1876 1838 notariis
1902 1789 1907 1858 ς

523 1877 645 1943 nostris
683 1886 718 1942 et
763 1878 968 1943 auditoribus
1005 1877 1121 1963 palatii
1159 1876 1263 1942 nostri
1300 1896 1432 1942 necnon
1470 1875 1715 1943 venerabilibus
1740 1876 1874 1942 fratribus
1903 1885 1907 1904 ¹

523 1981 644 2047 nostris
670 1982 877 2067 patriarchis,
902 1982 1159 2068 archiepiscopis
1184 1989 1218 2045 et
1245 1980 1409 2067 episeopis
1436 2001 1476 2046 ac
1506 1980 1638 2046 dilectis
1669 1979 1746 2046 filiis
1777 1980 1873 2047 electis

523 2106 655 2151 necnon
672 2086 921 2170 quampluribus
936 2085 1101 2170 magistris
1131 2085 1164 2149 in
1187 2085 1358 2169 theologia
1376 2092 1411 2149 et
1427 2083 1597 2150 nonnullis
1612 2083 1686 2150 aliis
1702 2084 1835 2151 literatis
1847 2094 1872 2149 et
1906 2115 1907 2172 j

522 2210 642 2272 magne
657 2188 865 2254 auctoritatis
880 2189 958 2253 viris
973 2196 1053 2254 tunc
1081 2189 1115 2252 in
1131 2187 1285 2253 Romana
1313 2186 1402 2254 curia
1417 2187 1639 2274 presentibus
1649 2187 1872 2255 deliberatione

521 2291 695 2378 prehabita
709 2292 858 2377 diligenti
875 2313 972 2378 super
988 2292 1063 2373 hoc,
1080 2292 1239 2358 videlicet
1265 2313 1330 2376 que
1354 2291 1513 2358 securitas
1538 2290 1648 2357 danda
1669 2294 1724 2358 vel
1740 2290 1873 2358 iacienda

522 2416 641 2480 arege
666 2396 817 2480 predicto
841 2395 956 2461 comiti
981 2403 1015 2459 et
1048 2395 1309 2461 comunitatibus
1344 2395 1520 2462 antedictis
1555 2395 1694 2461 deberet
1724 2394 1874 2462 sufficiens

521 2498 676 2583 reputari,
717 2498 867 2564 omnium
898 2499 932 2563 in
963 2499 1028 2565 hoc
1058 2506 1140 2563 vota
1167 2498 1378 2564 concorditer
1402 2498 1473 2563 sine
1500 2498 1638 2584 alicujus
1670 2497 1875 2586 discrepantia
1906 2539 1907 2548 .

521 2603 724 2682 resederunt,
755 2603 912 2668 videlicet
940 2604 1030 2687 quod
1055 2603 1256 2667 excellentia
1280 2603 1369 2688 regia
1392 2610 1427 2669 et
1457 2602 1665 2688 subjectione
1691 2600 1874 2671 Flandreusi

521 2727 560 2772 ae
590 2707 716 2791 negotii
752 2706 913 2792 qualitate
948 2707 1200 2772 consideranter
1241 2706 1410 2792 inspectis,
1441 2708 1512 2773 sola
1549 2715 1584 2774 et
1622 2706 1765 2794 simplex
1803 2707 1877 2793 regis

520 2811 637 2896 prelati
664 2810 840 2896 promissio
870 2810 1007 2876 deberet
1037 2811 1079 2876 de
1107 2811 1179 2896 jure
1203 2831 1264 2896 pro
1294 2811 1474 2877 securitate
1501 2811 1691 2896 hujusmodi
1722 2810 1878 2879 sufficiens

522 2913 665 2999 reputari
680 2937 688 2994 ;
706 2913 783 2998 quia
798 2922 912 2978 tamen
929 2913 1067 2979 arduum
1095 2922 1167 2979 erat
1194 2914 1378 2999 negotium,
1395 2916 1616 2981 consulebant
1631 2916 1724 3001 quod
1746 2937 1804 2982 rex
1819 2915 1879 3002 ipse

522 3016 764 3082 conventiones
780 3017 947 3102 predictas
963 3038 1022 3103 per
1043 3018 1269 3101 juramentum
1297 3020 1473 3082 observare
1489 3016 1714 3103 promitteret,
1730 3039 1774 3085 eo
1788 3017 1880 3085 modo

522 3141 588 3203 quo
604 3142 697 3202 reges
714 3119 853 3186 Francie
880 3129 1126 3185 consueverunt
1148 3121 1257 3206 jurare
1279 3120 1507 3206 prestandum.
1532 3120 1661 3210 Quibus
1683 3123 1840 3189 omnibus
1853 3130 1881 3187 et

521 3225 657 3307 singulis
681 3245 720 3289 ac
736 3224 808 3289 aliis
824 3224 929 3288 etiam
944 3225 1160 3289 attendendis
1175 3224 1352 3309 diligenter
1376 3224 1525 3305 attentis,
1541 3245 1603 3291 nos
1620 3246 1682 3312 pro
1703 3230 1796 3295 bono
1812 3249 1882 3294 con-

523 3329 634 3394 cordie
649 3349 688 3393 ac
704 3337 840 3413 propter
857 3328 1025 3393 intensum
1048 3327 1249 3394 desiderium
1272 3336 1307 3393 et
1329 3329 1488 3412 grandem
1505 3328 1664 3396 affectum
1681 3352 1784 3415 quem
1800 3353 1884 3418 gere-

521 3436 638 3497 bamus
654 3442 688 3497 et
710 3432 855 3517 gerimus
879 3441 914 3496 et
938 3453 1050 3516 regem
1074 3432 1182 3518 ipsum
1204 3453 1318 3516 gerere
1341 3433 1412 3498 sine
1434 3432 1646 3499 dubitatione
1669 3436 1885 3522 supponimus

522 3537 564 3602 ad
590 3537 840 3601 ultramarinum
866 3536 1054 3621 passagium
1080 3536 1171 3620 quod
1198 3558 1239 3601 ex
1266 3536 1431 3602 discordia
1456 3537 1674 3603 securitatum
1697 3539 1884 3626 hujusmodi

522 3649 633 3726 potest
650 3640 871 3704 verisimiliter
886 3639 1055 3719 retardari,
1072 3641 1314 3706 deliberatione
1341 3662 1440 3727 super
1462 3642 1528 3708 hoc
1543 3662 1619 3707 cum
1636 3642 1768 3709 eisdem
1786 3644 1886 3711 fratri·

522 3747 582 3809 bus
606 3744 727 3808 nostris
750 3765 789 3808 ac
816 3744 887 3809 aliis
914 3765 1036 3829 magne
1064 3745 1274 3810 auctoritatis
1296 3745 1374 3810 viris
1402 3744 1491 3832 apud
1518 3745 1639 3811 Sedem
1666 3747 1886 3815 existentibus

522 3847 704 3911 antefatam
729 3847 918 3930 diligentius
946 3848 1059 3913 habita
1083 3857 1118 3912 et
1145 3848 1187 3913 de
1223 3848 1364 3914 consilio
1394 3848 1588 3931 eorundem,
1619 3850 1708 3916 ultra
1738 3853 1887 3937 predicta

522 3952 674 4014 consulta
716 3950 891 4014 consilium
929 3951 1082 4016 dedimus
1113 3952 1368 4038 infrascriptum.
1404 3952 1642 4018 Consuluimus
1685 3956 1815 4020 etenim
1856 3967 1886 4022 et

523 4054 729 4118 consulendo
744 4053 927 4119 diximus...
946 4052 967 4119 ⁶.
985 4055 1221 4121 Procuratores
1237 4076 1318 4120 vero
1339 4056 1472 4121 comitis
1495 4064 1529 4121 et
1553 4056 1802 4124 comunitatunr
1819 4080 1887 4146 pre·

523 4158 698 4238 dictorum,
726 4158 839 4222 habita
870 4158 971 4243 ipsius
1002 4159 1131 4224 consilii
1159 4159 1271 4245 copia,
1303 4181 1338 4226 se
1370 4181 1469 4245 super
1499 4160 1557 4225 illo
1587 4162 1674 4225 velle
1706 4162 1886 4229 deliberare

523 4259 677 4324 dixcruut
694 4267 728 4324 et
759 4261 813 4324 illa
845 4262 962 4326 eadem
987 4262 1041 4326 die
1068 4263 1100 4326 in
1123 4263 1271 4349 vesperis
1286 4264 1464 4329 redeuntes
1492 4263 1525 4328 in
1553 4272 1667 4329 nostra
1690 4275 1725 4330 et
1742 4267 1886 4353 ipsorum

524 4362 659 4426 fratrum
686 4373 885 4443 nostrorum,
902 4366 1119 4449 notariorum,
1136 4367 1325 4433 auditorum
1351 4375 1385 4432 et
1410 4369 1613 4453 prelatorum
1641 4371 1885 4456 quamplurium

523 4487 563 4529 ex
591 4467 747 4550 predictis
774 4469 951 4553 presentia,
984 4472 1227 4556 responderunt
1263 4470 1353 4555 quod
1380 4471 1576 4537 mandatum
1607 4472 1656 4538 eis
1685 4473 1805 4539 datum
1831 4496 1887 4561 per

523 4569 666 4634 eundem
706 4572 865 4637 comitem
906 4581 940 4636 et
974 4576 1199 4641 comunitates
1235 4576 1370 4641 easdem
1406 4576 1448 4641 ad
1478 4576 1724 4662 acceptandum
1754 4578 1828 4645 illas
1854 4600 1888 4644 se

522 4673 731 4756 aliquatenus
746 4676 885 4740 minime
902 4677 1116 4760 extendebat,
1130 4678 1235 4744 immo
1252 4701 1350 4765 super
1367 4680 1432 4745 hoc
1442 4687 1513 4744 erat
1525 4680 1573 4744 eis
1582 4679 1728 4747 limitata
1737 4691 1888 4768 potestas

523 4797 623 4859 quam
639 4777 801 4843 excedere
817 4800 884 4844 non
902 4780 1080 4861 audebant,
1098 4782 1178 4867 ipsis
1197 4792 1311 4848 tamen
1330 4783 1444 4848 comiti
1463 4792 1496 4847 et
1514 4783 1779 4851 comunitatibus
1794 4797 1886 4852 ante·

555 5028 578 5058 a,
595 5026 640 5074 por
653 5028 700 5074 rap.
713 5042 744 5049 -
757 5014 779 5065 ir.
796 5015 830 5061 lci
844 5021 880 5062 est
894 5015 1024 5077 reproduit
1038 5017 1061 5064 le
1074 5032 1179 5080 passage
1197 5018 1228 5067 de
1240 5019 1266 5067 la
1278 5019 1355 5068 lettre
1372 5034 1406 5068 au
1425 5021 1462 5068 roi
1482 5019 1514 5068 de
1536 5019 1635 5070 France
1649 5020 1685 5070 du
1707 5024 1722 5071 8
1734 5038 1804 5072 mars
1825 5026 1885 5072 l3lr'<

523 5096 561 5152 (u.
577 5097 643 5155 las).
657 5109 681 5157 p.
696 5098 748 5153 lm,
761 5096 830 5155 ligne
842 5098 872 5144 24
884 5096 977 5158 jumne
989 5113 1013 5161 p.
1028 5101 1080 5157 llll,
1094 5099 1164 5159 ligne
1177 5102 1201 5159 l,
1217 5102 1323 5149 rnrriuiia
1333 5101 1469 5151 arntaadia.
