4409 6017
419 711 478 775 742

457 869 553 933 ghem,
578 869 609 921 B.
637 868 727 922 Maris
750 869 787 921 de
811 867 1017 926 Haudunborc,
1042 866 1073 918 B.

454 947 548 1003 Marie
572 949 609 1002 de
634 948 755 1002 Boionia
780 965 866 1012 supra
890 965 969 1002 mare
992 956 1021 1001 et
1045 946 1074 999 in

454 1030 588 1094 hospitali
611 1030 648 1083 de
671 1031 805 1093 Fregues,
831 1034 891 1084 154.

418 1120 678 1170 'l'rolsfontalnes
710 1111 920 1175 (Tresfonlane),
956 1110 1098 1172 France,‘

455 1192 519 1257 dep.
542 1193 653 1254 Marus,
675 1191 747 1246 dioc.
772 1191 1074 1245 Chalonssur-Marne.

941 654 1049 775 Trotita
1071 746 1109 755 —

1132 709 1241 789 Upsala

1134 896 1159 903 —
1179 865 1390 920 Monasterium
1416 867 1443 919 S.
1472 863 1632 919 Salvatoris
1660 863 1772 926 Maioris,

1162 977 1195 986 —
1213 947 1313 1011 abbas,
1337 952 1414 1002 1248.

1127 1058 1159 1065 -
1179 1026 1309 1081 Ecclesia
1341 1027 1493 1089 collegiata
1526 1026 1611 1084 dioc..
1644 1025 1741 1082 Cbieri.

1126 1139 1159 1148 -
1180 1108 1390 1162 Monasterium
1412 1108 1495 1171 dioc,
1522 1108 1604 1162 Suse

1127 1192 1239 1251 Turius,
1266 1189 1399 1243 Thurins.

419 1303 452 1312 -
473 1273 682 1327 Monasterium
700 1274 761 1327 ord.
783 1272 954 1333 cistercien,
976 1300 1010 1309 -
1029 1271 1075 1324 ab
1124 1278 1300 1330 'furnhout
1336 1271 1490 1336 (Turltwrl),
1524 1269 1674 1334 Belgique,
1705 1288 1768 1335 prov.

453 1355 514 1418 baS,
543 1355 688 1417 Johannes
716 1354 754 1408 de
785 1354 878 1417 Hoyo.

419 1443 664 1493 Tronchlennes
704 1436 885 1499 (Troneht'ne),
928 1431 1074 1496 Belgique,

454 1534 532 1580 prov.
556 1516 682 1571 Flandre
704 1515 821 1577 Orient„
845 1515 918 1568 dioc.
941 1513 1074 1567 Tournai.

420 1626 453 1635 —
474 1596 690 1659 Monasterium,
715 1628 747 1635 -
770 1597 867 1660 abbas,
894 1601 954 1658 685,
979 1600 1040 1649 686.

421 1679 581 1742 Troncltine,
605 1677 829 1731 Tronchiennes.

419 1758 522 1822 Troye,
551 1760 704 1821 lohannes,
734 1776 794 1811 can.
824 1758 877 1810 sub
906 1775 968 1821 exp.
995 1757 1074 1823 preb.

455 1840 483 1893 S.
517 1838 673 1893 Salvatoris
705 1839 876 1902 Traiecten,
910 1837 1011 1902 capell.
1045 1837 1073 1891 S.

455 1919 556 1974 Crucis
578 1920 717 1973 Nineven.
740 1930 768 1973 et
791 1917 939 1983 hospitalis
963 1919 994 1971 Β.
1017 1919 1075 1971 Ma-

455 2001 495 2055 rie
518 2001 556 2055 de
578 2001 681 2064 Tileto,
707 2007 785 2062 1192,
811 2006 888 2055 1478.

419 2083 523 2146 Troye,
539 2082 611 2135 Osto
624 2081 670 2143 de,
688 2098 750 2134 can.
765 2082 818 2134 sub
832 2099 894 2145 exp.
909 2082 988 2146 preb.
1004 2081 1075 2134 Har·
1099 2137 1100 2148 ¹

455 2163 608 2223 lebeccen..
631 2168 709 2216 1005.

416 2253 540 2315 'troyes
562 2246 701 2307 (Traces),
729 2242 752 2295 F
754 2260 848 2305 rauce,
877 2242 942 2306 dep.
969 2242 1062 2296 Aube.

419 2354 453 2364 -
473 2324 641 2390 Episcopus,
670 2330 731 2387 481,
759 2330 819 2387 605,
848 2329 909 2387 718,
939 2328 1023 2386 1181;
1049 2341 1074 2376 ν.

457 2405 634 2460 Guillelmus.

420 2514 455 2525 -
474 2485 702 2540 Archidiaconus
751 2487 855 2539 Sancte
903 2484 1076 2549 Margarete,

423 2677 455 2686 -
475 2649 553 2702 Eccl.
593 2646 775 2710 cathedralis,
806 2676 839 2686 —
878 2658 985 2709 cautor,
1016 2652 1077 2709 726,

458 2735 543 2791 1577;
565 2759 598 2768 -
620 2728 757 2792 canonici,
780 2729 942 2781 Ademarus
964 2729 1001 2780 de
1019 2726 1079 2780 Vir-

457 2826 533 2872 saco,
556 2810 682 2863 Ubertus
701 2808 840 2863 Todiscus
861 2809 898 2862 de
917 2807 1078 2871 Placentia;

458 2920 491 2929 -
512 2907 574 2944 can.
592 2891 680 2954 preb.
697 2891 826 2953 Angelus
843 2890 881 2943 de
897 2888 1027 2944 Tineosis
1042 2889 1078 2943 de

459 2972 548 3033 Urbe,
567 2971 713 3034 Johannes
731 2970 769 3024 de
791 2969 922 3033 Hiniaco,
943 2970 1078 3023 Nicolaus

457 3052 495 3106 de
516 3051 660 3106 Noisiaco.

423 3163 456 3171 —
476 3134 554 3187 Eccl.
579 3134 642 3186 coll.
668 3134 695 3186 S.
722 3131 862 3197 Stephani
887 3161 920 3170 —
942 3132 1077 3195 decanus,

459 3221 537 3278 1019,
569 3220 647 3276 1020,
680 3219 757 3275 1021,
790 3219 875 3276 1037;
907 3242 939 3251 -
970 3225 1077 3275 cantor,

459 3302 543 3357 1472;
559 3324 593 3333 -
613 3312 675 3349 can.
691 3295 779 3358 preb,
796 3295 927 3349 Andreas
943 3293 1030 3347 Ghini
1043 3295 1078 3348 de

459 3375 613 3439 Florentia,
647 3376 794 3438 Philippus
825 3377 861 3427 de
895 3372 1104 3460 Erqueriaco.l

423 3487 456 3496 -
476 3457 606 3511 Ecclesia
623 3456 774 3519 collegiata
794 3457 874 3521 dioc,
894 3455 1016 3519 Verdey.

423 3567 455 3575 -
476 3536 605 3591 Ecclesie
621 3537 702 3595 dioc..
718 3537 1016 3599 Cortllans-sur-Seine‚
1032 3537 1078 3589 Se·

456 3636 555 3671 zanne.

422 3730 455 3737 —
476 3698 685 3752 Monasterium
712 3698 794 3760 dioc,
824 3698 1040 3760 Montieramey.

420 3788 544 3837 Tudela
592 3780 792 3842 (Tarentinos),
826 3780 971 3846 Espagne,
1003 3779 1073 3833 dioc.

459 3862 612 3913 Tarazona.

424 3973 455 3979 —
487 3943 565 3995 Eccl.
596 3943 667 4004 coll..
700 3972 732 3979 -
763 3958 825 3995 can.
856 3941 943 4005 preb„
976 3941 1070 3996 Ailou

461 4041 510 4076 sus
529 4028 565 4077 de
584 4024 758 4076 Malobodio.

424 4105 575 4165 Tudertin,
597 4103 679 4156 Todi.

421 4192 517 4242 Tulle
542 4185 703 4247 (10161166),
723 4184 842 4244 France,
864 4184 929 4246 dep.
950 4184 1076 4236 Correze.

423 4295 454 4301 -
475 4265 642 4327 Episcopus,
670 4265 823 4317 Arrualdus.

421 4346 513 4407 Tullo,
533 4347 679 4408 Iohannes
698 4346 742 4406 de,
764 4363 825 4398 can.
845 4346 897 4397 sub
916 4363 978 4408 exp.
997 4346 1076 4409 preb.

459 4429 485 4477 S.
516 4426 672 4478 Donatiani
703 4428 834 4488 Bruges,
867 4431 944 4480 1275.

423 4507 515 4566 Tullo,
539 4507 701 4560 Thierricus
724 4508 768 4567 de,
794 4537 825 4544 -
849 4506 909 4568 ejus
930 4505 1013 4569 filius,
1036 4508 1079 4569 Jo-

459 4587 576 4638 lta-nncs.

422 4667 554 4729 ‘strumis
575 4668 761 4721 Thilmannus
779 4670 822 4728 (16,
841 4686 903 4722 can.
923 4670 999 4731 preb.
1018 4668 1072 4721 Da·

461 4748 596 4801 ventrieu.
622 4760 648 4800 ct
673 4749 842 4809 Embricen,
867 4754 926 4803 673.

423 4830 556 4886 Ttrrlturl.
582 4830 739 4882 Turnhout.

421 4918 522 4964 Turin
568 4911 746 4971 (Taurinou),
781 4911 869 4962 Italis.

423 5017 454 5025 —
475 4990 553 5041 Eccl.
570 4991 750 5052 cathedralis
767 5021 799 5027 —
816 4992 981 5054 prepositus.
999 4997 1076 5046 1248.

1162 1352 1281 1414 Anvers,
1303 1351 1377 1405 dioc.
1401 1351 1544 1406 Cambrai.

1127 1461 1159 1469 —
1180 1432 1315 1496 Persona,
1339 1433 1480 1487 Geraldus
1502 1434 1540 1486 de
1563 1432 1716 1497 Moysiaco,
1733 1433 1769 1496 ‘Jo

1163 1514 1273 1567 hannes
1295 1512 1374 1567 Oste.

1127 1594 1233 1656 Turno,
1258 1594 1427 1648 lamfredus
1449 1596 1493 1657 de,
1519 1596 1587 1649 cler.
1612 1594 1694 1654 Petri.
1714 1594 1770 1659 epis

1164 1676 1229 1740 copi
1249 1677 1444 1738 Cameracen,
1467 1682 1546 1733 1026.

1129 1758 1274 1818 Turones,
1301 1758 1402 1810 Tours.
1520 1812 1525 1821 ,

1127 1838 1227 1901 Turre,
1248 1838 1425 1891 Bertrandus
1444 1838 1488 1900 de,
1512 1855 1574 1891 can.
1596 1838 1675 1901 preb.
1693 1839 1771 1902 agen-

1162 1935 1236 1981 nen.,
1258 1929 1353 1972 rector
1374 1919 1504 1983 parroch.
1531 1920 1602 1972 eccl.
1624 1918 1663 1972 de
1684 1918 1769 1971 Podio

1164 1999 1270 2053 cerrico
1300 2009 1328 2053 et
1355 2000 1393 2053 de
1422 2000 1598 2064 Tangmera,
1627 2006 1688 2056 346.

1127 2082 1228 2144 Turre,
1244 2082 1418 2135 Bertrandus
1430 2083 1474 2144 de,
1487 2082 1619 2137 minister
1631 2080 1771 2145 provincia·

1165 2161 1198 2214 lis
1220 2162 1343 2216 fratrum
1367 2162 1511 2215 Minorum
1537 2162 1700 2227 Aquitanie,
1723 2167 1773 2223 637,

1165 2249 1225 2306 640,
1245 2248 1305 2305 642,
1326 2249 1386 2306 646,
1408 2248 1469 2298 647.

1130 2323 1228 2387 Turre,
1263 2323 1431 2377 Guillelmus
1462 2323 1508 2386 de,
1543 2324 1673 2378 notarius
1704 2342 1775 2389 pape,

1164 2404 1327 2469 prepositus
1365 2405 1433 2458 eccl.
1473 2405 1696 2468 Claromonteu,
1725 2410 1776 2468 637,

1165 2491 1226 2541 406.
1386 2500 1387 2503 ’

1132 2568 1230 2632 Turre,
1249 2568 1394 2630 Johannes
1412 2568 1455 2629 de,
1475 2584 1539 2622 can.
1559 2567 1704 2632 Leodien,
1721 2574 1774 2634 223,

1165 2652 1325 2710 615,1252.

1127 2731 1681 2802 Tusculum(frascatl),(Tusorelon.)‚
1695 2732 1776 2785 Italic.

1130 2839 1163 2848 —
1182 2809 1351 2874 Episcopus,
1377 2817 1444 2873 425;
1470 2830 1495 2864 v.
1524 2812 1727 2876 Berengarius.

1131 2891 1310 2953 Tutellanen,
1332 2891 1454 2946 Tudela.

1131 2972 1271 3033 Tulellen,
1289 2971 1382 3026 Tulle.

1438 3267 1475 3346 U

1132 3536 1297 3600 Ubertinus,
1323 3555 1347 3589 v.
1374 3536 1561 3590 Hubertinus.

1132 3617 1267 3680 Ubertus,
1293 3636 1317 3671 v.
1345 3618 1500 3671 Hubertus

1131 3698 1199 3751 Udo
1223 3699 1260 3752 de
1285 3699 1406 3751 Parona.

1130 3779 1247 3842 Uplreles,
1271 3779 1344 3832 dioc.
1378 3779 1466 3843 Liege
1489 3780 1660 3845 (Belgique).

1132 3888 1164 3898 -
1184 3860 1291 3913 Rector
1317 3861 1446 3923 parroch.
1474 3861 1551 3922 eccl,
1581 3861 1727 3914 Gerardus
1749 3861 1777 3912 dr

1168 3941 1323 3994 Brancons.

1101 3974 1104 4098 1
1135 4021 1268 4085 Ugoncti,
1291 4021 1460 4085 Stephanus
1484 4022 1599 4077 auditor
1619 4025 1692 4076 sacri
1713 4026 1774 4087 pala.

1166 4101 1203 4164 tii,
1225 4108 1285 4157 488.

1132 4183 1253 4245 Ulliaco,
1273 4184 1418 4247 lohannes
1437 4184 1481 4246 de,
1502 4201 1564 4237 can.
1584 4186 1665 4248 preb.
1684 4187 1710 4237 S.
1728 4183 1774 4237 Sal·

1171 4264 1274 4318 vatoris
1302 4267 1338 4318 de
1365 4267 1470 4318 Sancto
1497 4261 1596 4330 Paulo,
1627 4273 1688 4322 178.

1133 4346 1256 4405 Ulmeta,
1276 4344 1386 4396 Arditio
1405 4347 1451 4410 de,
1471 4363 1533 4398 can.
1551 4348 1606 4398 sub
1627 4365 1688 4409 exp,
1705 4345 1769 4409 preb.

1166 4427 1193 4477 S.
1219 4425 1340 4478 Dionisii
1366 4427 1510 4486 Leodien,
1538 4432 1600 4481 870.

1132 4507 1258 4568 Ulmeta,
1278 4507 1496 4559 Bartholomeus
1513 4508 1558 4569 de,
1578 4537 1613 4545 -
1630 4509 1689 4571 ejus
1703 4507 1771 4564 lilius,

1167 4586 1287 4639 Arditio.

1101 4702 1102 4731 ,
1132 4668 1228 4730 Ulmo,
1255 4669 1355 4721 Petrus
1381 4670 1425 4730 de,
1454 4686 1515 4721 can.
1542 4670 1596 4722 sub
1622 4688 1683 4734 exp.
1708 4667 1770 4733 preb.

1101 4744 1102 4750 ’
1167 4751 1193 4801 S.
1219 4749 1296 4802 Petri
1319 4750 1424 4807 Arica,
1450 4759 1544 4803 rector
1567 4753 1695 4814 patrocli.
1717 4747 1770 4802 ectl.

1165 4831 1202 4882 de
1230 4831 1410 4893 Brendenay,
1439 4836 1498 4885 198.

1131 4913 1252 4965 llllerior
1267 4917 1371 4978 portus,
1385 4912 1515 4974 Treport.

1132 4994 1248 5053 Unzola,
1267 4994 1411 5055 lohannes
1429 4994 1473 5055 de,
1492 5010 1555 5047 can.
1575 4994 1689 5048 basilice
1705 4994 1765 5047 Prin·

424 5099 454 5105 —-
476 5070 594 5133 Capella
616 5074 642 5122 S.
665 5072 810 5129 Bernardi,
834 5102 866 5110 -
887 5073 995 5137 capell,
1016 5074 1077 5126 Per·
1099 5057 1100 5108 1
1164 5073 1234 5136 cipis
1254 5075 1447 5136 apostolorum
1465 5074 1503 5126 d'e
1525 5075 1615 5138 Urbe,
1634 5082 1694 5131 225.

458 5150 602 5204 chevallus
621 5152 657 5204 de
678 5152 796 5214 Bargiis

1097 5115 1100 5222 1
1127 5162 1250 5223 Upsala
1279 5156 1435 5218 (brisaico),
1459 5154 1564 5211 Suede.
