4409 6017
497 668 559 733 568
1034 664 1191 732 Nounbme
1211 665 1315 732 auree.

494 836 577 898 sem,
590 823 626 882 et
640 816 805 902 quosdam
821 816 1000 903 episcopos
1016 813 1148 879 illarum
1162 814 1310 900 partium
1325 816 1532 885 auctoritate
1548 819 1851 909 apostolicamppr

495 919 578 986 situs
593 919 707 986 extitit
721 919 952 986 ecclesiastico
976 917 1170 1000 interdicto,
1200 918 1361 1002 ecclesiis,
1386 922 1616 991 monasteriis
1642 933 1684 991 et
1711 924 1784 992 aliis
1800 925 1852 992 loct

494 1022 730 1089 ecclesiasticis
745 1031 802 1089 tue
817 1023 971 1105 diocesis,
987 1021 1249 1089 consistentibus
1264 1022 1349 1090 inira
1364 1023 1574 1091 comitatum
1591 1028 1766 1113 eundem,
1778 1039 1854 1118 pert

494 1147 553 1193 seu
567 1125 758 1213 proximum
785 1136 1035 1193 antecessorem
1060 1134 1156 1192 tuum
1173 1126 1371 1214 episcopum
1385 1126 1658 1197 Tomacensem
1684 1131 1856 1200 visitationi

496 1227 645 1296 officium
661 1230 800 1296 minime
816 1230 878 1297 luit
891 1230 1092 1318 impensum,
1103 1249 1167 1296 nec
1182 1236 1377 1295 antecessor
1386 1230 1540 1317 prelatus
1553 1254 1621 1301 seu
1634 1242 1680 1303 tu
1691 1235 1857 1304 exercuistis

495 1332 529 1397 in
546 1333 593 1399 eis
608 1334 800 1422 episcopale
825 1333 984 1415 officium,
1001 1354 1070 1399 non
1097 1335 1223 1418 absque
1246 1333 1338 1419 gravi
1354 1333 1518 1421 spirituali
1548 1345 1588 1403 et
1604 1341 1798 1428 temporali
1815 1339 1859 1406 dis

495 1437 620 1524 pendio
642 1438 869 1518 ecclesiarum,
894 1436 1176 1503 monasteriorum
1198 1444 1234 1502 et
1258 1437 1409 1504 locorum
1432 1438 1686 1525 predictorum
1702 1454 1741 1512 et
1761 1443 1859 1512 anua

495 1562 569 1607 rum
591 1562 810 1628 personarum
836 1540 1033 1628 degentium
1057 1540 1091 1605 in
1118 1539 1257 1622 eisdem,
1272 1548 1411 1627 propter
1433 1542 1525 1627 quod
1554 1544 1728 1614 fidelium
1752 1545 1859 1617 devotio

495 1644 665 1727 minuitur,
677 1645 904 1712 correctiones
919 1643 1106 1725 criminum,
1122 1643 1382 1711 reformationes
1396 1666 1528 1712 momm
1553 1657 1593 1715 et
1608 1649 1778 1720 defensio
1790 1653 1857 1718 bber-

494 1754 604 1814 tatum
620 1756 656 1815 et
671 1747 975 1815 ecclesiasticorum
988 1747 1113 1833 jurium
1137 1746 1348 1830 omittuntur,
1360 1748 1517 1835 quodque
1541 1750 1686 1822 ibidem
1710 1777 1774 1843 per
1787 1755 1859 1823 blau

495 1851 644 1935 drenseS,
674 1850 730 1938 qui
754 1873 790 1918 se
822 1858 976 1918 asserunt
1007 1871 1027 1916 a
1051 1850 1221 1917 sententia
1258 1850 1426 1918 interdicti
1451 1852 1659 1938 hujusmodi
1693 1860 1742 1927 ad
1766 1859 1861 1927 Sedes

495 1954 719 2040 apostolicam
734 1956 932 2042 appellasse,
947 1953 1166 2021 interdictum
1181 1953 1371 2040 hujusmodi
1396 1975 1466 2022 non
1481 1967 1657 2028 servatur.
1676 1960 1760 2032 Nos
1778 1963 1861 2051 igitur,

497 2056 673 2144 cupientes
689 2060 834 2124 salutem
849 2057 1007 2145 precipue
1023 2057 1221 2140 animarum,
1232 2065 1270 2123 ut
1285 2056 1431 2125 securius
1446 2066 1482 2125 et
1496 2060 1645 2130 liberius
1663 2075 1796 2135 cuncta
1808 2068 1863 2133 loa

497 2159 725 2227 ecclesiastica
741 2169 799 2227 tue
813 2161 969 2242 diocesis,
985 2160 1070 2228 infra
1084 2160 1214 2227 dictum
1238 2160 1458 2227 consistentia
1473 2163 1706 2251 comitatum,
1722 2179 1761 2237 et
1774 2187 1863 2258 perse

496 2287 558 2332 nas
580 2286 696 2331 eorum
712 2266 826 2331 valeas
840 2265 976 2331 visitare
1004 2285 1127 2351 easque
1143 2266 1278 2331 salutari
1294 2267 1398 2332 verbo
1413 2266 1569 2334 doctrine
1586 2291 1742 2357 pascere
1764 2274 1864 2363 parite

488 2377 533 2435 et
548 2370 716 2456 exemplo,
733 2369 950 2435 interdictum
966 2369 1157 2454 hujusmodi
1174 2368 1208 2433 in
1232 2389 1272 2435 ea
1287 2376 1383 2455 parte
1398 2377 1455 2436 tue
1470 2369 1623 2441 diocesis
1639 2397 1716 2462 que
1732 2377 1864 2447 consistit

498 2474 532 2539 in
548 2473 713 2539 comitatu
724 2473 877 2559 predicto
892 2493 997 2559 usque
1013 2473 1057 2539 ad
1071 2472 1245 2539 biennium
1267 2472 1469 2540 auctoritate
1483 2480 1711 2562 presentium
1727 2482 1864 2550 duximu

497 2577 768 2664 suspendendum
789 2576 832 2642 de
862 2576 1048 2664 apostolice
1075 2576 1286 2663 plenitudine
1313 2579 1504 2663 potestatis,
1531 2587 1655 2666 tuque,
1685 2580 1864 2673 hujusmodi

497 2681 639 2747 durante
654 2679 804 2761 biennio,
816 2679 986 2761 ecclesias,
995 2680 1201 2746 monasteria
1216 2687 1251 2745 et
1266 2681 1342 2745 loca
1350 2678 1502 2766 predicta
1514 2686 1550 2744 et
1562 2700 1741 2766 personas
1755 2702 1863 2762 corun.

497 2784 531 2849 in
555 2784 675 2869 quibus
690 2782 751 2849 tibi
767 2782 970 2849 visitationis
993 2782 1141 2848 officium
1158 2783 1324 2870 competit
1338 2783 1381 2850 de
1396 2782 1646 2850 consuetudine
1663 2788 1725 2853 vel
1741 2787 1787 2854 de
1796 2788 1863 2873 jue,

498 2886 655 2954 visitandi
682 2906 722 2953 ac
746 2886 871 2953 ibidem
894 2895 988 2952 tuam
1012 2886 1278 2973 jurisdictionem
1309 2886 1510 2953 ordinariam
1540 2893 1587 2968 et,
1614 2897 1810 2977 postquam
1837 2889 1861 2954 ir

497 2992 692 3079 episcopum
719 2998 933 3058 consecratus
963 2990 1073 3071 fueris,
1107 2990 1302 3076 pontificale
1329 2988 1478 3056 officium
1508 2991 1698 3057 exercendi
1738 2993 1862 3080 plenam

497 3104 600 3181 atque
614 3094 754 3160 liberam
769 3095 894 3160 habeas
910 3094 1117 3160 facultatem.
1135 3094 1215 3160 Dat.
1231 3093 1333 3160 Avin.
1352 3097 1369 3157 6
1384 3113 1465 3159 non.
1481 3092 1561 3157 maii
1574 3112 1673 3161 anno
1689 3116 1755 3176 9.»

532 3245 592 3304 neg.
608 3246 655 3293 nv.
670 3246 708 3303 23,
721 3245 738 3292 r.
754 3247 798 3292 rur
813 3260 818 3299 ;
832 3244 892 3291 Vat.
908 3246 945 3300 ro,
960 3244 978 3292 r.
990 3244 1030 3301 51,
1041 3257 1067 3289 n.
1085 3243 1156 3294 1358.

543 3435 687 3519 1544.
1580 3469 1680 3533 1325,
1701 3472 1725 3515 2
1751 3453 1826 3518 mai.

539 3550 740 3637 Ingeranno,
767 3551 927 3639 episcopo
954 3550 1153 3632 Morinensi,
1169 3552 1350 3618 mandatur
1372 3560 1538 3637 quatenus
1558 3550 1591 3617 in
1617 3573 1661 3618 ea
1689 3564 1857 3641 partesue

494 3655 639 3722 diocesis
661 3656 775 3741 quein
804 3655 968 3721 comitatu
985 3654 1142 3720 Flandrie
1158 3656 1323 3737 consistit,
1340 3656 1555 3722 interdictum
1582 3658 1756 3741 usquead
1779 3658 1857 3724 bien·

494 3759 588 3826 nium
613 3762 791 3840 relaxetur,
808 3780 885 3825 cum
910 3759 944 3824 in
972 3780 1011 3825 ea
1035 3767 1130 3846 parte
1156 3758 1359 3825 visitationis
1386 3759 1536 3826 officium
1560 3779 1581 3824 a
1606 3760 1855 3845 quatuordecim

494 3864 590 3929 annis
602 3864 685 3929 citra
697 3863 836 3928 minime
848 3862 947 3928 fuerit
964 3863 1164 3948 impensum.

537 3967 609 4033 Tue
625 3966 857 4033 devotionis...

538 4071 617 4138 Dat.
633 4072 734 4137 Avin.
753 4075 770 4136 6
787 4090 867 4136 non.
884 4070 962 4136 maii
984 4090 1073 4135 anno
1091 4090 1120 4151 9.

527 4224 587 4285 seg.
601 4226 649 4273 av.
665 4226 704 4284 aa,
719 4225 738 4274 r.
751 4226 798 4271 125
809 4240 815 4281 ;
828 4224 887 4273 Vas.
901 4225 941 4284 ro,
955 4223 973 4272 r.
989 4226 1042 4283 ror,
1055 4237 1080 4273 n.
1098 4224 1169 4275 1528.

540 4423 683 4507 1545.
1588 4455 1689 4519 1325,
1706 4458 1728 4502 2
1744 4437 1817 4502 moi.

537 4540 737 4626 Ingeranno,
751 4541 911 4628 episcopo
928 4539 1126 4624 Morinensi,
1143 4542 1331 4627 indulgetur
1346 4550 1384 4607 ut
1399 4549 1468 4606 tres
1482 4537 1592 4605 clerici
1610 4540 1681 4607 suis
1697 4536 1852 4625 obsequiis

492 4645 695 4712 obsistentes
710 4647 836 4711 fructus
851 4647 1092 4713 beneficiorum
1109 4667 1243 4714 suorum
1259 4648 1385 4731 absque
1407 4642 1588 4710 residentia
1612 4645 1658 4711 ad
1680 4644 1850 4712 triennium
1896 4673 1898 4686 ·

491 4750 664 4836 percipere
679 4753 825 4816 valeant.

536 4853 720 4919 Personam
736 4863 871 4922 tuam...

536 4955 615 5022 Dat.
631 4957 731 5023 Avin.
750 4961 768 5022 6
787 4979 866 5025 non.
882 4958 961 5024 maii
978 4980 1070 5024 anno
1087 4980 1117 5040 9.

487 5113 489 5117 .
535 5058 574 5124 In
588 5081 617 5125 e.
634 5081 679 5126 m.
695 5060 726 5127 S.
743 5060 872 5127 Bertini
887 5061 930 5129 de
948 5062 980 5129 S.
996 5062 1193 5129 Andomaro
1207 5071 1243 5128 et
1259 5062 1289 5128 S.
1306 5060 1326 5140 J
1329 5060 1474 5128 ohannis
1489 5060 1523 5126 in
1539 5058 1667 5127 Monte
1683 5061 1849 5129 abbatibus
