4409 6017
422 691 479 755 140
966 697 1113 763 Premiere
1133 699 1235 765 annte.

467 839 646 906 Probitatis
661 850 759 909 tue...

467 943 546 1010 Dat.
562 945 662 1011 Avin.
676 967 693 1011 2
712 946 754 1012 id.
771 949 900 1034 augusti
917 970 1007 1016 anno
1027 972 1053 1018 1.

467 1045 507 1111 In
523 1068 551 1112 e.
567 1069 610 1113 m.
626 1050 738 1115 abbati
755 1053 910 1119 secularis
926 1052 1105 1139 Eykensis,
1122 1055 1317 1124 Leodiensis
1331 1057 1482 1138 diocesis,
1495 1066 1530 1123 et
1539 1055 1776 1124 archidiacono

423 1153 585 1237 Dunensi,
603 1155 830 1240 carnotensis,
846 1178 887 1224 ac
902 1159 1080 1227 scolastico
1096 1161 1128 1226 S.
1145 1161 1238 1226 Pauli
1255 1162 1450 1229 Leodiensis
1465 1161 1693 1229 ecclesiarum.

455 1289 515 1352 Reg.
527 1292 574 1341 Av.
590 1293 641 1352 1,1.
656 1295 700 1341 111
711 1309 716 1347 ;
729 1293 789 1343 Van.
801 1297 841 1355 66,
854 1296 873 1345 f.
887 1298 939 1357 154,
954 1299 1061 1350 113590.

463 1458 585 1541 402.
1478 1492 1576 1559 1717,
1594 1493 1636 1539 12
1652 1478 1740 1539 aare.

463 1574 609 1653 Johanni
626 1576 718 1642 dicto
733 1578 839 1643 Odart
863 1578 1032 1644 confertur
1057 1585 1219 1664 perpetua
1242 1578 1426 1663 capellania
1450 1578 1592 1644 ecclesie
1612 1577 1644 1643 S.
1668 1576 1780 1643 Dona·

422 1680 503 1744 tiani
514 1680 699 1766 Brugensis,
710 1680 931 1748 Tornacensis
940 1681 1082 1748 diocesis
1094 1683 1152 1760 (28
1169 1682 1224 1747 lib.
1240 1690 1303 1747 tur.
1320 1686 1436 1768 paru),
1449 1702 1573 1747 vacans
1583 1701 1644 1768 per
1654 1680 1780 1746 obitum

422 1781 556 1849 Nicolai
577 1784 619 1849 de
641 1782 773 1864 Rinths,
791 1783 871 1850 dicti
895 1784 937 1851 de
955 1784 1121 1866 Tomac0,
1146 1783 1235 1869 apud
1255 1783 1376 1850 Sedern
1392 1785 1615 1870 apostolicam
1629 1792 1780 1868 ternpore

422 1885 607 1951 Clementis
622 1906 708 1972 pape
725 1886 754 1948 V
769 1887 929 1968 defuncti,
946 1909 1014 1953 non
1031 1891 1187 1954 obstante
1204 1886 1294 1971 quod
1308 1887 1510 1954 beneficium
1519 1886 1779 1953 ecclesiasticum

421 1989 464 2055 ad
479 1990 694 2055 collationem
710 1990 827 2056 decani
844 2002 878 2057 et
895 1993 1030 2077 capituli
1041 1991 1192 2078 predicte
1208 1991 1349 2057 ecclesie
1360 1992 1390 2055 S.
1402 1992 1586 2057 Donatiani
1603 1988 1779 2075 Brugensis

422 2101 590 2179 expectat.

466 2197 647 2263 Probitatis
661 2207 760 2263 tue...

465 2302 544 2368 Dat.
558 2302 658 2366 Avin.
676 2323 693 2367 2
711 2303 754 2368 id.
771 2304 899 2388 augusti
916 2325 1006 2369 anno
1026 2324 1052 2370 1.

465 2403 505 2469 In
535 2426 564 2469 e.
589 2427 633 2471 m.
658 2407 770 2472 abbati
802 2406 993 2474 monasterii
1019 2407 1050 2474 S.
1081 2407 1216 2474 Andree
1244 2408 1339 2492 juxta
1377 2404 1493 2491 Brugis
1535 2415 1570 2471 et
1609 2407 1777 2492 preposito

423 2506 454 2572 S.
483 2505 589 2573 Marie
614 2507 801 2593 Brugensis,
826 2510 1049 2578 Tomacensis
1079 2511 1230 2593 diocesis,
1258 2531 1297 2577 ac
1327 2508 1533 2576 thesaurario
1558 2508 1776 2594 Lingonensis

422 2611 647 2677 ecclesiarum.

456 2749 515 2811 nug.
529 2751 576 2798 xv.
589 2752 610 2806 r,
623 2750 641 2797 1.
654 2752 726 2808 roan
737 2750 795 2798 ναι.
808 2751 846 2808 es,
860 2750 878 2796 1.
891 2752 957 2808 aaa,
968 2765 993 2799 n.
1005 2752 1076 2799 aruo.

463 2914 583 3002 403-
1294 2960 1299 2968 ·
1477 2946 1573 3012 1317,
1590 2948 1630 3013 13
1648 2934 1736 2995 aortt.

465 3032 628 3119 Magistro
645 3031 745 3096 Petro
768 3030 809 3096 de
836 3032 951 3115 Pratis,
973 3054 1059 3120 pape
1084 3035 1269 3119 capellan0,
1294 3032 1510 3099 conferuntur
1524 3041 1621 3097 motu
1645 3033 1774 3120 proprio

420 3138 636 3204 canonicatus
651 3146 685 3202 et
700 3136 911 3220 prepositura
925 3138 1065 3204 ecclesie
1081 3136 1378 3216 Claromontensis,
1395 3145 1556 3202 vacantes
1573 3156 1633 3221 per
1648 3136 1775 3201 obitum

420 3240 566 3326 magistri
584 3241 739 3312 Rollandi
756 3241 880 3323 Grossi,
898 3242 990 3309 Sedis
1006 3244 1192 3329 apostolice
1218 3243 1392 3329 capellani,
1409 3242 1442 3306 in
1467 3240 1775 3327 Montepessulano,

421 3342 671 3429 Magalonensis
694 3348 845 3429 diocesis,
861 3347 1019 3428 defuncti,
1050 3347 1143 3412 etin
1173 3346 1292 3431 quibus
1322 3345 1478 3429 magister
1509 3344 1710 3411 Guillelmus
1739 3347 1776 3412 de

419 3451 533 3533 Turre,
549 3475 635 3539 pape
647 3454 806 3533 notarius,
816 3471 922 3537 nuper
931 3451 1019 3537 apud
1030 3451 1150 3515 Sedem
1161 3450 1379 3536 apostolicam
1390 3449 1576 3527 defunctus
1588 3450 1642 3533 jus
1658 3450 1776 3514 habere

419 3555 599 3637 dicebatur,
630 3581 698 3624 non
729 3563 884 3624 obstante
914 3556 1005 3640 quod
1035 3555 1277 3641 parrochialem
1307 3554 1348 3619 de
1380 3553 1538 3618 Calviaco
1570 3564 1605 3618 et
1636 3554 1777 3619 ruralem

420 3662 451 3726 S.
477 3660 707 3748 Christophori
732 3662 899 3739 ecclesias,
925 3659 1118 3724 Tholosane
1143 3668 1177 3723 et
1209 3657 1440 3723 Narbonensis
1464 3656 1649 3737 diocesurn,
1680 3669 1716 3723 et
1747 3658 1775 3721 in

419 3764 649 3833 Xanctonensi
667 3767 903 3833 canonicatum
920 3773 954 3829 et
969 3764 1175 3849 prebendam
1192 3763 1332 3840 obtinet,
1350 3771 1384 3827 et
1401 3763 1433 3826 in
1450 3762 1479 3827 T
1481 3765 1654 3830 ornacensi
1671 3767 1776 3831 eccle·

419 3869 474 3934 siis
489 3870 522 3933 in
538 3871 738 3936 canonicum
754 3880 804 3936 est
819 3879 973 3955 receptus
989 3871 1049 3934 sub
1065 3869 1300 3953 expectatione
1316 3865 1488 3951 dignitatis
1503 3887 1563 3933 seu
1578 3877 1775 3954 personatus

420 3976 473 4040 vel
490 3974 609 4054 officii;
626 3976 802 4041 ecclesiam
819 3983 933 4040 autem
949 3974 991 4039 de
1007 3972 1165 4039 Calviaco
1179 3972 1348 4038 dimittere
1364 3972 1544 4037 tenebitur.

463 4079 659 4164 Apostolice
675 4079 808 4145 Sedis...

464 4183 542 4249 Dat.
559 4183 658 4248 Avin.
676 4182 718 4248 id.
737 4183 866 4269 augusti
883 4202 973 4246 anno
995 4202 1020 4245 r.

463 4290 503 4355 In
528 4312 556 4357 e.
573 4313 617 4356 rn.
634 4289 870 4356 archidiacono
887 4286 1048 4365 Dunensi,
1070 4284 1296 4363 Carnotensis,
1314 4294 1347 4347 et
1371 4282 1517 4348 Geraldo
1541 4282 1584 4349 de
1608 4283 1717 4351 Croso
1742 4305 1778 4350 ac

419 4396 564 4462 Geraldo
580 4398 622 4463 de
639 4396 732 4476 Lalo,
750 4392 1037 4459 Claromontensis
1053 4390 1223 4456 canonicis
1240 4390 1466 4469 ecclesiarum,
1483 4389 1667 4474 capellanis
1683 4409 1775 4475 pape.

454 4536 512 4594 lleg.
525 4538 572 4583 Av.
586 4538 607 4584 ἴ.
620 4536 638 4583 f.
651 4537 695 4581 334
710 4551 714 4580 :
730 4534 786 4582 Vnt.
799 4536 837 4591 116,
852 4533 869 4580 l.
883 4533 937 4579 213.
951 4533 1057 4579 11311111.

461 4687 583 4770 404.
1477 4723 1572 4787 1317,
1589 4723 1631 4785 15
1647 4678 1735 4771 dori.

463 4805 628 4874 Franconi
644 4809 686 4875 de
703 4809 787 4873 Yvia
803 4809 971 4874 confertur
987 4809 1205 4873 canonicatus
1221 4808 1360 4873 ecclesie
1377 4806 1577 4892 S.F0y11ani
1597 4807 1773 4887 FossensiS,

420 4910 614 4978 Leodiensis
644 4913 794 4992 diocesis
826 4916 886 4978 sub
917 4912 1153 4998 expectatione
1184 4912 1362 4996 prebende,
1395 4932 1462 4976 non
1495 4913 1654 4977 obstante
1690 4911 1774 4997 quod

419 5017 661 5101 parrochialem
677 5018 853 5083 ecclesiam
869 5018 911 5082 de
929 5016 1026 5101 Peys,
1043 5017 1133 5081 dicte
1150 5015 1301 5095 diocesis
1319 5016 1460 5096 obtinet,
1485 5036 1587 5099 quarn
1610 5017 1774 5082 tenebitur

419 5120 597 5186 dimittere.
