4409 6017
530 732 570 799 98
1073 724 1221 793 Premiere
1242 729 1345 795 annea.

537 887 539 890 ⁵
571 880 683 966 314.
1542 888 1655 975 [1317,
1672 904 1713 967 25
1729 883 1846 971 avril}

572 999 674 1064 Priori
690 999 827 1063 fratrum
841 996 1090 1062 Predicatorum
1106 995 1149 1062 de
1162 995 1314 1076 Parisius,
1327 995 1506 1061 mandatur
1517 1000 1682 1078 quatenus
1692 989 1736 1056 ad
1748 989 1884 1055 eandem

527 1124 645 1190 pacem
664 1103 748 1186 (aoy.
765 1125 796 1166 u.
810 1101 893 1185 512)
910 1100 1152 1185 procurandam
1169 1099 1315 1166 studium
1331 1098 1500 1165 adhibeat.

573 1338 590 1375 a
609 1314 743 1379 Dilecto
759 1312 829 1377 tilio
844 1311 934 1377 fratri
954 1308 1093 1396 ..priori
1111 1308 1362 1375 Predicatorum
1378 1306 1421 1372 de
1437 1304 1580 1371 Parisius
1600 1304 1655 1368 vel
1674 1304 1747 1390 ejus
1765 1303 1889 1367 locum·

528 1418 624 1482 tenti.
651 1417 812 1482 Dolenter
835 1414 950 1479 audito
977 1413 1067 1497 quod
1088 1411 1202 1478 dilecti
1229 1412 1285 1476 filii
1314 1408 1547 1476 nobiles⁰viri
1577 1412 1743 1494 utsupra
1768 1407 1800 1470 in
1824 1403 1887 1469 alia

513 1523 662 1586 -murau's
679 1523 847 1585 nudanda
862 1516 873 1552 ⁶
888 1539 992 1601 usque
1007 1517 1142 1582 suasuri.
1155 1515 1206 1583 Ut
1218 1516 1316 1601 igitur
1327 1515 1373 1581 illi
1390 1536 1431 1580 ex
1446 1510 1615 1599 predictis,
1628 1508 1684 1595 qui
1696 1509 1827 1594 prefixa
1837 1506 1886 1572 die

528 1622 669 1688 Parisius
686 1622 816 1698 fuerint,
833 1619 959 1705 aliquid
974 1620 1081 1686 sciant
1101 1619 1144 1686 de
1159 1628 1276 1685 nostro
1292 1620 1378 1686 circa
1404 1616 1564 1704 premissa
1588 1614 1775 1700 proposito,
1790 1611 1884 1677 devo

526 1727 610 1791 tioni
627 1735 684 1791 tue
700 1747 759 1813 per
774 1724 961 1811 apostolica
976 1724 1099 1808 scripta
1115 1723 1312 1789 mandamus
1328 1722 1494 1807 quatinus,
1518 1718 1634 1785 statim
1656 1715 1804 1801 receptis
1818 1734 1883 1801 pre·

527 1830 686 1910 sentibus,
700 1839 734 1894 te
749 1829 792 1894 ad
807 1830 940 1895 illorum
956 1827 1160 1916 presentiam
1178 1826 1361 1907 conferens,
1378 1824 1561 1891 secundum
1576 1822 1690 1887 datam
1706 1820 1768 1885 tibi
1784 1819 1884 1885 aDeo

526 1933 749 2018 prudentiam,
766 1933 1000 2019 quodcumque
1017 1951 1135 1997 manus
1155 1939 1213 1996 tua
1229 1931 1363 2017 poterit,
1380 1928 1559 1996 instantius
1574 1947 1724 2013 operare,
1736 1924 1883 1990 exhorta·

527 2037 673 2101 tionibus
683 2045 717 2101 et
727 2036 935 2103 suasionibus
944 2035 1135 2102 efficacibus
1145 2034 1316 2100 institurus
1326 2035 1416 2118 quod
1426 2034 1486 2119 ipsi
1499 2031 1732 2098 inobedientes
1741 2028 1885 2120 adipsius

526 2138 611 2222 regis
626 2147 683 2204 etc.
701 2147 738 2204 ut
761 2141 792 2203 iu
811 2141 966 2225 proriam
996 2160 1099 2223 nsque
1122 2138 1309 2219 inclinetur,
1325 2138 1569 2222 significaturus
1596 2135 1723 2202 eisdem
1752 2132 1886 2219 qualiter

527 2241 604 2306 illuc
620 2243 788 2327 premissis
804 2264 844 2307 ex
858 2243 964 2308 causis
979 2242 1148 2328 predictos
1164 2241 1300 2306 nuntios
1316 2262 1391 2306 cum
1408 2263 1448 2306 ea
1464 2240 1636 2307 celeritate
1651 2258 1718 2323 qua
1733 2237 1887 2303 convenit

525 2345 740 2412 destinamus.
759 2347 803 2411 Et
828 2347 905 2431 quia
931 2347 1024 2412 dicto
1048 2347 1115 2430 regi
1145 2354 1178 2410 et
1206 2346 1336 2411 dilectis
1359 2345 1435 2411 filiis
1460 2344 1628 2411 nobilibus
1653 2342 1734 2408 viris
1760 2342 1887 2419 Carolo,

527 2448 659 2531 Valesii,
676 2458 711 2515 et
728 2450 912 2531 Ludovic0,
931 2449 1124 2516 Ebroicensi
1141 2450 1329 2530 comitibus,
1345 2451 1433 2515 clare
1456 2446 1618 2514 memorie
1634 2445 1792 2532 Philippi,
1808 2444 1888 2530 regis

527 2554 876 2640 Francie,filiis,super
886 2555 951 2621 hoc
961 2575 1020 2640 per
1029 2554 1231 2640 apostolicas
1240 2553 1370 2619 litteras
1380 2553 1427 2639 (¹)
1438 2549 1730 2631 scribimus,fidem
1741 2548 1821 2615 inde
1832 2548 1887 2614 tibi

526 2657 674 2724 adhiberi
711 2665 876 2742 petentes,
907 2678 1019 2740 regem
1051 2668 1086 2723 et
1116 2658 1257 2724 comites
1287 2658 1475 2723 antedictos
1505 2654 1656 2722 similiter
1685 2653 1798 2735 adeas,
1824 2653 1888 2737 regi

526 2781 679 2827 suasurus
694 2760 804 2825 eidem
821 2762 920 2845 quod,
938 2763 1029 2827 illum
1047 2782 1107 2846 pro
1122 2762 1246 2826 viribus
1262 2762 1396 2826 imitans
1412 2760 1478 2845 qui,
1494 2780 1571 2826 cum
1583 2758 1743 2838 irascitur,
1759 2778 1890 2844 semper

524 2864 749 2930 misericordie
763 2874 773 2898 ‘
788 2866 989 2942 recordatur,
1006 2866 1131 2931 nedum
1147 2866 1189 2931 ad
1205 2866 1428 2932 exhibendam
1447 2863 1611 2950 justitiam
1625 2862 1753 2930 eisdem
1776 2863 1890 2930 inobe-

524 2968 691 3033 dientibus
706 2989 742 3033 se
758 2988 901 3053 pronum
917 2978 951 3032 et
976 2969 1156 3034 flexibilem
1174 2970 1301 3050 offerat,
1319 2969 1397 3053 quin
1415 2968 1516 3033 etiam
1544 2989 1603 3033 eos
1619 2968 1652 3032 in
1678 2968 1774 3032 vultu
1798 2966 1889 3053 peni-

525 3073 668 3137 tentium
685 3072 791 3136 redire
807 3081 950 3158 paratos
968 3072 1010 3137 ad
1025 3075 1131 3157 gratie
1147 3096 1205 3139 sue
1222 3074 1331 3140 sinum
1348 3075 1532 3139 clementer
1547 3072 1705 3137 admittat
1719 3093 1728 3150 ;
1753 3070 1889 3157 prefatis

524 3176 626 3240 etiam
643 3177 821 3241 comitibus
837 3196 990 3261 suggeras
1006 3178 1171 3261 quatinus
1188 3178 1369 3263 prudenter
1392 3184 1524 3242 attento
1547 3176 1637 3260 quod
1659 3175 1740 3241 satis
1765 3176 1890 3241 clamat

525 3280 567 3345 ad
583 3301 642 3345 eos
668 3280 743 3345 larcti
773 3279 960 3364 hujusmodi
986 3282 1139 3366 qualitas,
1156 3282 1236 3347 satis
1252 3283 1354 3347 etiam
1377 3281 1456 3347 dicti
1481 3280 1567 3365 regis
1582 3280 1702 3346 caritas
1722 3301 1762 3346 ac
1789 3280 1891 3366 ipsius

522 3387 659 3452 lionoris
675 3386 898 3452 consideratio
914 3386 1116 3470 interpellat,
1133 3385 1219 3450 sicut
1236 3385 1311 3450 Deo
1327 3394 1361 3450 et
1377 3384 1473 3448 nobis
1495 3384 1628 3469 placere
1647 3382 1842 3449 desiderant
1857 3393 1890 3448 et

522 3507 617 3551 suam
632 3486 792 3551 affectuum
810 3486 933 3550 l'amam
951 3484 1102 3550 laudibus
1118 3485 1292 3569 condignis
1307 3486 1434 3565 extolli,
1451 3486 1540 3571 apud
1556 3507 1679 3571 regem,
1698 3485 1892 3573 Flamingos

522 3598 557 3654 et
584 3589 815 3654 inobedientes
840 3589 922 3653 alios
946 3589 1146 3669 antedictos,
1178 3599 1213 3653 ut
1241 3589 1402 3675 premissa
1432 3591 1653 3657 effectualiter
1684 3593 1891 3677 compleant,

522 3712 693 3777 apponere
709 3691 864 3756 studeant
878 3692 1110 3757 sollicitudinis
1125 3715 1183 3757 sue
1200 3703 1322 3777 partes.
1340 3693 1507 3778 Quicquid
1524 3702 1636 3759 autem
1653 3703 1767 3761 actum
1793 3695 1891 3760 fuerit

524 3794 557 3859 in
569 3795 747 3881 premissis,
760 3815 819 3881 per
832 3795 958 3861 litteras
974 3803 1049 3861 tuas
1060 3797 1202 3861 formam
1212 3798 1417 3883 presentium
1433 3798 1647 3864 continentes
1663 3799 1760 3865 nobis
1775 3799 1891 3865 rescri-

523 3900 602 3962 bere
618 3919 685 3963 non
703 3899 849 3964 omittas.
865 3900 942 3964 Dat.
959 3908 1116 3986 utsupra.
1132 3922 1149 3958 r>

557 4073 617 4135 ltog.
632 4073 688 4120 l'at.
702 4076 755 4131 lud,
768 4075 785 4122 l.
802 4076 847 4126 l3v.
861 4090 886 4127 n,
904 4077 948 4122 1⁸5
960 4091 965 4130 ;
979 4073 1037 4123 vat.
1052 4077 1106 4132 llll,
1118 4091 1177 4139 pars
1191 4078 1210 4137 l,
1223 4078 1240 4125 t.
1253 4079 1304 4135 lov,
1317 4093 1342 4126 n.
1358 4080 1410 4126 tlt.
1423 4107 1454 4114 —-
1468 4079 1573 4132 (toulon.
1587 4096 1611 4128 n.
1627 4084 1672 4128 luo
1685 4081 1793 4144 (texte).

567 4280 676 4366 315·
1577 4319 1673 4384 1317,
1689 4320 1732 4385 27
1748 4305 1846 4370 avrd.

568 4406 811 4471 Executoribus
834 4408 1012 4472 mandatur
1034 4409 1190 4492 quatinus
1213 4411 1419 4495 compellant
1442 4412 1588 4476 nobilem
1613 4414 1787 4479 mulierem
1814 4415 1889 4481 lla-

523 4511 605 4574 riam
629 4509 671 4574 de
692 4509 850 4592 Aynlren,
867 4509 1121 4576 Cameracensis
1136 4511 1287 4593 diocesia,
1304 4513 1346 4577 ad
1362 4514 1567 4580 redeundum
1591 4516 1633 4582 ad
1656 4517 1764 4583 virum
1781 4540 1888 4594 suum,

525 4612 720 4692 llobertum,
737 4615 896 4678 comitem
916 4616 1129 4690 luccensem,
1148 4616 1363 4682 Carrrotensis
1378 4618 1531 4684 diocesis.

556 4840 581 4872 a.
597 4824 689 4871 nobilis·
702 4840 751 4886 rep.
769 4826 821 4873 Ill).
841 4855 866 4860 --
890 4826 911 4875 d.
925 4834 954 4873 nt
967 4842 1043 4889 ¹supra
1055 4829 1081 4874 in
1094 4830 1179 4890 prima
1192 4845 1241 4892 ny.
1255 4831 1309 4877 109.
1327 4858 1334 4862 -
1352 4859 1355 4863 ι
1376 4849 1396 4879 ‹·.
1411 4830 1585 4879 inisericordia
1594 4847 1642 4894 rep.
1650 4831 1699 4879 109
1707 4833 1796 4883 atrro.

560 5172 579 5218 1.
596 5169 657 5231 roy.
670 5183 695 5218 u.
707 5171 754 5217 312
766 5175 792 5217 o.
805 5171 859 5216 :ua
