4409 6017
522 727 584 794 862
1052 726 1221 808 ttnquilme
1240 728 1343 793 anuto.

567 874 607 941 ln
631 898 661 943 e.
687 897 732 943 m.
756 873 868 942 abbati
895 874 1088 942 monasterii
1115 875 1158 942 de
1182 875 1386 943 Belloreditu
1413 876 1609 945 Leodiensis
1638 885 1676 945 et
1706 878 1861 947 scolastico

523 979 664 1047 ecclesie
680 977 873 1045 Leodiensis
888 999 928 1046 ac
943 978 1077 1045 officiali
1094 978 1283 1047 Leodiensi.

557 1112 618 1174 neg.
630 1114 677 1161 nv.
692 1114 729 1172 15,
743 1112 761 1161 r.
776 1112 1113 1175 aasv;vat..72,r.1so,n.
1128 1117 1199 1166 1225.

566 1301 675 1386 913.
1569 1339 1668 1403 1321,
1684 1339 1731 1405 24
1746 1318 1833 1385 aurit

568 1419 738 1487 Bemardo
753 1420 796 1486 de
812 1419 977 1487 Martellis
992 1422 1162 1488 confertur
1177 1423 1393 1492 canonicatus
1408 1424 1548 1492 ecclesie
1574 1419 1802 1490 Tomacensis
1819 1421 1864 1486 sub

524 1524 758 1610 expectatione
773 1523 952 1610 prebende.

566 1626 769 1693 Litterarum
784 1626 966 1694 scientia...

567 1731 645 1796 Dat.
660 1731 760 1797 Avin.
777 1734 795 1796 8
812 1730 878 1797 kal.
894 1731 973 1797 maii
989 1750 1078 1797 anno
1096 1750 1125 1815 5.
1899 1795 1907 1817 ‚¹

567 1833 607 1899 In
628 1833 661 1900 e.
688 1857 733 1901 m.
754 1836 785 1900 S.
813 1835 978 1913 Johannis
1001 1834 1254 1921 Angeliacensis
1278 1842 1313 1899 et
1338 1833 1489 1900 Talniaci
1515 1854 1615 1919 super
1643 1833 1866 1914 Carentonem,

522 1936 771 2004 Xanctonensis
797 1938 948 2020 diocesis,
972 1938 1251 2005 monasteriorum
1275 1937 1451 2003 abbatibus
1474 1956 1514 2003 ac
1537 1936 1701 2023 magistro
1725 1935 1866 2003 Amaudo

525 2041 636 2126 Regis,
653 2042 816 2108 canonico
833 2040 1011 2124 Meldensi,
1027 2063 1114 2129 pape
1131 2043 1318 2128 capellano.

556 2181 616 2242 neg.
626 2183 673 2229 Av.
687 2182 727 2237 ll,
739 2182 757 2229 1.
769 2182 815 2229 311
830 2180 903 2239 ;Vat.
917 2183 958 2239 71,
970 2182 988 2230 1.
998 2183 1068 2238 2901,
1079 2194 1106 2230 n.
1118 2183 1174 2229 658.

566 2363 677 2447 914.
1567 2398 1665 2462 1321,
1681 2378 1726 2444 26
1741 2378 1836 2446 avril.

566 2481 758 2562 Guillelmo,
774 2477 889 2546 comiti
907 2477 1101 2560 Hannonie,
1125 2478 1313 2563 indulgetur
1338 2490 1374 2547 ut
1399 2480 1601 2570 Margareta,
1618 2482 1688 2548 filia
1702 2482 1786 2569 ejus,
1808 2501 1870 2549 cum

523 2607 591 2652 uno
606 2607 646 2651 ex
666 2585 797 2672 regibus
813 2589 848 2647 et
863 2581 935 2648 aliis
949 2581 1152 2668 principibus
1175 2591 1210 2648 et
1233 2585 1412 2651 baronibus
1434 2595 1492 2653 aut
1514 2586 1590 2653 filiis
1613 2586 1801 2653 eorundem
1822 2584 1871 2672 ipsi

523 2690 556 2755 in
577 2689 678 2755 tertio
692 2689 747 2754 vel
763 2694 882 2773 quarto
897 2685 1195 2772 consanguinitatis
1213 2688 1267 2752 vel
1283 2688 1455 2756 affinitatis
1469 2691 1573 2775 gradu
1584 2690 1757 2757 attinente
1771 2688 1873 2757 matri·

523 2794 673 2859 monium
689 2790 887 2860 contrahere
903 2791 1024 2870 valeat,
1041 2798 1185 2876 excepto
1202 2791 1270 2858 filio
1285 2792 1370 2878 regis
1384 2794 1515 2880 Anglie.

568 2897 640 2963 Etsi
656 2897 783 2963 inter...
821 2934 824 2941 ·

567 3002 644 3067 Dat.
660 3000 759 3066 Avin.
778 3004 795 3063 6
811 2998 878 3062 kal.
894 2995 972 3060 maii
989 3014 1079 3060 anno
1097 3012 1125 3079 5.

556 3139 615 3199 lieg.
628 3141 675 3186 Ar.
690 3141 726 3194 15,
739 3137 757 3185 i.
772 3138 834 3193 128:
853 3134 912 3182 Vat.
931 3135 970 3192 72,
985 3133 1003 3180 l.
1018 3134 1068 3191 blv,
1081 3146 1107 3180 n.
1120 3133 1175 3181 853.
1194 3159 1226 3167 —
1243 3132 1320 3195 Copio
1338 3132 1547 3194 contemporaino
1563 3146 1616 3180 aux
1628 3132 1756 3182 Archives
1766 3133 1874 3197 dormite

523 3220 649 3268 montaluo
659 3219 695 3266 ‹lu
709 3218 786 3277 Nord,
799 3219 814 3266 ia
829 3216 903 3276 Lille,
918 3215 1046 3263 Chambre
1057 3214 1101 3262 ilus
1113 3215 1238 3278 Comptea
1254 3214 1281 3263 ss.
1296 3216 1350 3263 lll.
1366 3241 1397 3247 —
1411 3213 1489 3276 Cupie
1499 3228 1552 3262 aux
1564 3214 1691 3263 Archivcs
1701 3214 1739 3263 du
1752 3216 1874 3277 Boyaumr

522 3305 536 3351 (1
551 3302 689 3361 Bruxellcs,
703 3304 728 3349 3‘
746 3300 886 3349 cartulaire
896 3298 929 3346 ‹le
940 3298 1067 3357 Hniuaut,
1088 3302 1107 3345 t.
1129 3298 1148 3357 1,
1166 3298 1185 3346 i.
1204 3298 1251 3345 271
1271 3296 1413 3358 (Chambre
1431 3295 1475 3344 des
1493 3297 1622 3359 compteri,
1637 3312 1662 3345 n.
1676 3299 1729 3361 52).
1746 3326 1780 3334 -
1792 3300 1820 3348 L.
1834 3300 1872 3348 De

523 3384 617 3443 villers,
635 3382 830 3432 (lamalaireade
841 3382 967 3438 Ilainaal,
981 3380 1046 3427 (lans
1058 3380 1218 3427 Morti-manta
1226 3379 1381 3442 [muraerrir
1390 3376 1404 3424 (1
1416 3377 1538 3426 Pleistuire
1546 3377 1588 3426 der
1591 3380 1727 3443 proriam
1734 3380 1767 3429 de
1776 3382 1875 3438 namur,

522 3466 553 3513 de
564 3465 684 3513 Ilaiaaut
694 3469 718 3512 et
731 3464 762 3512 de
773 3462 957 3526 Laoeemhmrq,
972 3467 990 3510 t.
1003 3462 1055 3521 Ill,
1069 3476 1093 3525 p.
1108 3464 1154 3509 713
1166 3458 1279 3524 (d'aprbs
1291 3460 1316 3508 la
1327 3460 1400 3523 copie
1411 3459 1443 3508 do
1455 3460 1588 3510 Bruxelles
1602 3459 1679 3510 datde
1692 3478 1698 3511 :
1709 3464 1817 3527 septima
1827 3461 1871 3510 kal.

524 3548 586 3595 iunii
597 3563 663 3595 anm»
675 3548 765 3610 quiam
776 3550 803 3594 ct
813 3543 944 3593 attribute
956 3546 970 3592 u
983 3542 1083 3593 l'annec
1097 3544 1180 3606 1322).
1195 3571 1226 3577 —
1242 3543 1324 3601 Bmm,
1339 3556 1364 3590 n.
1377 3543 1433 3591 589.
1550 3548 1552 3552 ’
1906 3499 1907 3577 1

564 3741 674 3826 915.
1571 3772 1665 3836 1321,
1681 3754 1725 3819 26
1741 3754 1838 3820 avril.

566 3859 780 3945 indulgentia
796 3878 838 3941 40
853 3858 981 3923 dierum
998 3858 1209 3925 visitantibus
1224 3860 1388 3945 capellam
1402 3879 1462 3945 per
1477 3859 1495 3937 J
1499 3859 1669 3925 ohannam
1685 3858 1729 3925 de
1743 3858 1875 3924 Hanno

521 3965 586 4045 nia,
602 3982 779 4028 monacam
795 3962 989 4027 monasterii
1016 3962 1058 4028 de
1081 3962 1298 4044 Fontanellis,
1315 3961 1544 4029 cisterciensis
1568 3961 1705 4040 ordinis,
1727 3960 1874 4028 Camera-

522 4067 630 4133 censis
656 4064 806 4146 diocesis,
832 4064 866 4128 in
893 4065 1033 4131 ecclesia
1057 4066 1158 4151 ipsius
1183 4065 1375 4132 monasterii
1401 4066 1622 4132 inhonorem
1646 4061 1874 4142 SS.Johannis

522 4169 673 4255 Baptiste
690 4178 724 4233 et
740 4167 907 4246 Johannis
923 4168 1139 4253 Evangeliste
1154 4168 1338 4250 fundatam,
1354 4169 1492 4255 singulis
1508 4167 1706 4234 eorumdem
1722 4167 1778 4233 SS.
1794 4163 1874 4231 festi·

522 4274 682 4339 vitatibus
697 4280 732 4337 et
748 4291 938 4358 percorum
956 4280 1101 4338 octavas.

565 4376 641 4441 Vite
652 4375 911 4462 perhempnis..

566 4480 644 4546 Dat.
660 4479 760 4546 Avin.
778 4483 795 4544 6
812 4477 878 4544 kal.
895 4478 971 4544 maii
987 4499 1077 4545 anno
1094 4499 1123 4563 5.

556 4618 615 4679 llug.
629 4621 675 4666 Av.
691 4620 727 4671 15,
740 4619 757 4666 l.
773 4617 916 4670 lasvzval.
930 4618 1000 4671 721.
1015 4620 1052 4674 (12,
1070 4632 1095 4666 n.
1114 4619 1169 4666 854.

564 4809 673 4893 916.
1560 4840 1656 4904 1321,
1677 4816 1721 4882 26
1740 4814 1834 4881 avril

565 4929 756 5006 Guillelmo,
772 4924 887 4992 comiti
906 4924 1099 5007 Hannonie,
1117 4924 1304 5010 indulgetur
1327 4926 1370 4992 ad
1393 4926 1566 4991 biennium
1586 4931 1624 4990 ut
1647 4920 1788 5008 quilibet
1806 4915 1868 4983 reli·

522 5033 604 5118 giosi
621 5032 839 5099 comedentes
855 5029 887 5092 in
905 5029 1006 5115 ipsius
1022 5032 1076 5095 vel
1093 5029 1112 5107 J
1116 5030 1249 5096 ohanne
1265 5029 1307 5096 de
1324 5029 1467 5114 Valesio,
1484 5029 1586 5120 ipsius
1598 5019 1868 5109 consortiscruia,

522 5136 674 5202 camibus
690 5135 780 5201 vesci
796 5134 941 5201 valeant.
