4409 6017
502 722 566 789 rau
1048 716 1194 798 Septimo
1213 718 1316 784 nura
1733 697 1735 701 ‘
1896 394 1907 793 i

504 872 560 958 qui
586 878 662 935 tuas
685 865 764 932 inde
788 865 917 951 recepit
942 865 1094 931 similiter
1119 867 1259 949 litteras,
1287 865 1494 932 familiariter
1518 874 1553 933 et
1582 876 1720 935 attente
1750 871 1865 939 fuimus

503 973 650 1055 allocuti,
666 972 759 1057 cujus
772 969 875 1036 habet
890 969 981 1035 facta
991 968 1087 1037 nobis
1097 970 1132 1035 in
1143 970 1207 1037 hac
1216 980 1312 1057 parte
1321 971 1506 1057 responsi0,
1516 972 1617 1058 quod,
1626 973 1710 1040 licet
1725 976 1865 1062 primum

503 1076 708 1166 displicibilis
723 1075 793 1160 ejus
808 1073 922 1140 animo
938 1073 1037 1140 fuerit
1047 1074 1214 1160 captionis
1230 1075 1333 1161 ipsius
1347 1075 1543 1162 principisse
1552 1079 1743 1165 processus,
1756 1082 1864 1167 utique

502 1191 614 1270 preter
629 1178 871 1248 conscientiam
887 1197 981 1244 suam
996 1198 1056 1264 per
1071 1178 1233 1245 dilectum
1249 1179 1354 1245 filiurn
1371 1181 1520 1246 nobilem
1542 1181 1652 1248 virum
1663 1182 1684 1261 J
1687 1184 1863 1266 ohannem,

501 1305 696 1373 germanum
721 1284 802 1368 ejus,
816 1282 958 1367 Achaye
984 1281 1182 1368 principem,
1207 1291 1438 1369 attemptatus,
1457 1287 1703 1370 subsequenter
1726 1297 1864 1356 tamen⁰

502 1389 628 1456 eisdem
651 1388 718 1474 regi
746 1394 781 1451 et
804 1405 965 1472 germano
996 1406 1057 1452 suo
1087 1387 1241 1453 nonnulli
1272 1408 1389 1453 eorum
1423 1388 1600 1455 consiliarii
1632 1411 1696 1476 pro
1729 1395 1864 1461 consilio

501 1514 657 1581 expresse
683 1490 857 1573 dederunt,
874 1490 964 1575 quod
988 1489 1108 1555 eadem
1134 1490 1330 1577 principissa
1353 1491 1446 1558 licite
1469 1512 1509 1559 ac
1523 1492 1652 1579 dejure
1675 1504 1816 1581 poterat
1835 1508 1865 1564 et

500 1598 646 1663 debebat
661 1595 696 1660 in
711 1615 843 1662 carcere
852 1593 1006 1676 detineri,
1018 1615 1082 1660 nec
1094 1596 1295 1681 expediebat
1305 1596 1403 1662 dictis
1411 1598 1479 1683 regi
1496 1605 1531 1663 et
1546 1619 1710 1683 germano
1719 1603 1865 1689 ejusdem

500 1721 540 1766 ac
567 1700 668 1766 statui
693 1698 704 1734 ⁶
729 1699 935 1786 principatus
963 1699 1066 1785 ipsius
1090 1699 1182 1785 quod
1203 1700 1413 1784 aliquatenus
1442 1702 1619 1786 laxaretur,
1647 1707 1865 1773 ostendentes

500 1806 606 1871 multa
632 1804 780 1890 pericula
806 1823 870 1888 que
886 1801 1024 1888 prefatis
1048 1802 1118 1887 regi
1141 1812 1176 1868 et
1197 1824 1358 1890 germano
1383 1825 1445 1871 suo
1471 1826 1606 1872 necnon
1631 1816 1667 1874 et
1693 1810 1866 1896 provincie

499 1908 705 1996 principatus
728 1907 879 1992 ejusdem
904 1913 1045 1992 possent
1067 1927 1109 1971 ex
1133 1905 1328 1992 principisse
1352 1907 1549 1974 liberatione
1577 1910 1773 1994 hujusmodi
1796 1933 1866 2000 pro

499 2013 626 2078 venire.
651 2011 827 2097 Subjunxit
853 2019 968 2076 tamen
995 2009 1144 2095 prefatus
1169 2031 1227 2075 rex
1252 2010 1287 2075 in
1311 2018 1458 2077 tractatu
1480 2020 1598 2078 mutue
1628 2014 1867 2083 collocutionis

500 2117 612 2204 ipsius,
628 2099 719 2200 quod
733 2115 760 2181 si
777 2114 889 2199 aliqua
904 2114 959 2179 via
973 2114 1109 2200 reperiri
1125 2123 1240 2199 posset
1252 2114 1474 2181 accommoda
1489 2137 1549 2201 per
1564 2137 1666 2202 quam
1676 2118 1865 2206 hujusmodi

499 2221 628 2286 valeret
643 2218 798 2305 periculis
814 2217 953 2299 obviari,
977 2224 1112 2302 paratus
1127 2226 1201 2282 erat
1227 2217 1414 2304 predictam
1436 2218 1670 2305 principissam
1691 2223 1866 2289 restituere

500 2323 639 2410 pristine
663 2321 820 2388 libertati.
845 2320 1012 2405 Quocirca
1033 2328 1081 2401 ut,
1110 2327 1274 2404 quantum
1300 2341 1377 2386 cum
1393 2322 1682 2408 Deopossumus,
1700 2325 1736 2391 in
1752 2327 1819 2393 hiis
1836 2341 1866 2392 et

500 2426 574 2492 aliis
597 2426 663 2491 tuis
697 2425 868 2491 desideriis
894 2426 1097 2511 placeamus,
1122 2424 1254 2490 noverit
1278 2432 1338 2490 tua
1364 2425 1522 2492 nobilitas
1546 2426 1638 2511 quod
1662 2428 1689 2493 si
1721 2430 1866 2516 aliquam

500 2529 679 2595 discretam
694 2549 873 2616 personam
889 2527 1092 2594 sufficienter
1116 2526 1314 2594 instructam
1330 2528 1372 2593 ad
1387 2549 1450 2595 nos
1465 2528 1598 2597 duxeris
1619 2530 1867 2614 destinandam,

502 2654 568 2719 que
583 2634 673 2699 viam
688 2633 847 2700 ostendat
862 2639 977 2718 aptam
995 2632 1076 2718 ipsis
1100 2631 1255 2718 periculis
1282 2632 1457 2715 evitandis,
1474 2654 1535 2719 pro
1555 2635 1756 2704 liberatione
1779 2640 1867 2726 prin·

503 2736 623 2823 cipisse
635 2736 795 2823 jamdicte
811 2735 916 2823 parati
933 2756 1046 2801 sumus
1071 2744 1133 2801 tuo
1159 2736 1282 2801 intuitu
1308 2736 1437 2802 solicite
1453 2758 1492 2803 ac
1508 2736 1689 2805 efficaciter
1705 2742 1867 2810 laborare.

501 2842 606 2928 Super
620 2841 684 2908 hiis
699 2850 814 2908 autern
829 2841 952 2927 pluries
968 2861 1044 2906 cum
1060 2839 1186 2906 dilecto
1202 2840 1271 2908 filio
1286 2842 1407 2906 abbate
1431 2840 1635 2924 Viconiensi,
1652 2848 1780 2913 nuncio
1799 2857 1866 2929 tu0,

500 2947 609 3012 latore
624 2956 634 2979 ‘
648 2946 865 3032 presentium,
890 2944 1108 3010 collationem
1134 2944 1339 3011 habuimus‘
1360 2952 1395 3010 et
1419 2946 1593 3011 nobiscum
1610 2947 1680 3033 ipse
1704 2953 1866 3033 similiter,

501 3063 599 3136 prout
614 3050 674 3115 tibi
690 3050 812 3115 referre
834 3049 960 3135 poterit
987 3048 1223 3131 oraculovive
1250 3049 1352 3127 vocis,
1369 3070 1480 3133 quem,
1496 3070 1596 3135 super
1620 3052 1716 3118 tarda
1732 3056 1867 3142 expedi·

499 3154 592 3219 tione
617 3154 728 3240 ipsius,
751 3154 813 3219 tibi
839 3152 1082 3218 rationabiliter
1107 3171 1325 3233 excusamus;
1352 3152 1432 3218 licet
1452 3154 1541 3217 enim
1567 3175 1666 3239 super
1685 3158 1750 3223 hiis
1776 3160 1865 3246 apud

503 3257 596 3344 [nos]
616 3267 783 3344 oportune
799 3257 957 3322 institerit
974 3265 1008 3320 et
1035 3256 1137 3321 etiam
1162 3256 1363 3341 importune,
1380 3265 1495 3322 tamen
1523 3266 1592 3322 tam
1619 3269 1760 3346 propter
1787 3265 1866 3329 alias

499 3361 664 3447 legitimas
679 3361 920 3447 occupationes
947 3369 1077 3427 nostras
1096 3382 1198 3445 quam
1213 3361 1350 3426 arduam
1378 3362 1504 3446 negotii
1529 3363 1740 3447 qualitatem,
1757 3368 1864 3454 ipsum

500 3466 639 3531 celerius
655 3466 814 3551 expedire
830 3464 1081 3549 nequivimus‘;
1099 3486 1198 3550 super
1214 3486 1281 3549 quo
1297 3486 1358 3530 nos
1379 3465 1481 3530 etiam
1492 3466 1615 3532 habeat
1631 3476 1689 3534 tua
1705 3471 1865 3537 nobilitas

499 3579 686 3635 excusatos.
704 3570 783 3635 Dat.
799 3569 899 3633 Avin.
918 3590 934 3633 2
953 3568 996 3632 id.
1011 3568 1093 3652 junii
1111 3589 1200 3633 anno
1219 3588 1248 3653 7.
1266 3591 1283 3631 n

537 3692 597 3751 ltcg.
611 3692 671 3738 Vnt.
691 3692 893 3748 111,t.201',11.
907 3693 961 3738 tiit).

544 3849 684 3931 1207.
1567 3883 1661 3945 1323,
1682 3881 1722 3946 [7
1732 3864 1822 3945 jum.

542 3966 724 4046 Bertolino,
742 3967 809 4032 filio
827 3965 995 4032 Francisci
1011 3967 1053 4032 de
1069 3965 1291 4051 Vicojustin0,
1308 3966 1479 4032 confertur
1490 3967 1707 4033 canonicatus
1723 3969 1862 4035 ecclesie

499 4065 701 4134 Morinensis
720 4073 780 4134 sub
797 4070 1033 4155 expectatione
1049 4071 1230 4155 prebende.

542 4173 712 4239 Virtutum
729 4174 879 4239 studia...

542 4277 621 4342 Dat.
638 4277 739 4342 Avin.
760 4297 795 4361 15
813 4277 879 4342 lral.
893 4277 966 4362 julii
982 4298 1072 4344 anno
1089 4296 1118 4362 7.

541 4379 581 4445 ln
597 4402 627 4445 e.
643 4402 687 4446 m.
704 4381 864 4467 episcopo
881 4381 1079 4447 Florentino
1095 4391 1130 4447 et
1154 4382 1333 4447 scolastico
1351 4382 1604 4450 Cameracensis
1618 4406 1658 4450 ac
1674 4383 1807 4453 Oberto
1822 4386 1860 4452 de

498 4483 760 4550 vicecomitibus
775 4486 817 4550 de
835 4486 1018 4566 Placentia,
1036 4487 1201 4553 canonico
1217 4486 1454 4554 Ambianensis
1470 4489 1698 4555 ecclesiarum.

531 4608 591 4668 lleg.
606 4610 653 4655 Ar.
671 4609 708 4665 19,
723 4607 739 4654 f.
758 4608 832 4654 llrv:
847 4606 904 4656 l'at.
922 4611 958 4654 75.
972 4608 990 4656 f.
1007 4611 1045 4666 31,
1061 4622 1085 4658 n.
1104 4610 1173 4657 llllttl.

542 4762 687 4847 1208.
1562 4805 1659 4867 1323,
1678 4806 1721 4869 17
1731 4785 1819 4867 juin.

541 4879 722 4961 B'errrardo,
730 4890 810 4947 nato
826 4881 993 4948 Francisci
1010 4883 1052 4948 de
1071 4883 1288 4971 Vicojustin0,
1306 4886 1474 4953 confertur
1490 4889 1708 4953 canonicatus
1719 4890 1859 4954 ecclesie

500 4985 531 5050 S.
546 4984 741 5061 Audomari,
761 4983 965 5052 Morinensis
980 4987 1133 5069 diocesis,
1150 4994 1210 5056 sub
1227 4991 1462 5078 expectatione
1479 4992 1661 5077 prebende.

530 5148 555 5180 u.
567 5138 670 5180 tantum
684 5147 734 5193 rep.
749 5160 779 5166 --
793 5132 814 5181 b.
827 5135 920 5180 statuti
931 5149 982 5196 erp.
995 5164 1006 5168 --
1017 5164 1026 5168 -
1038 5152 1059 5183 c.
1071 5136 1138 5185 lator
1150 5154 1200 5200 rep.
1215 5168 1246 5174 -
1258 5139 1282 5189 d.
1298 5140 1445 5202 hujusmodi
1458 5156 1509 5203 rep.
1526 5169 1555 5175 -·
1567 5157 1586 5188 r.
1600 5143 1738 5203 nequimus
1750 5159 1802 5206 rep.
