4409 6017
522 697 583 762 288
1056 698 1214 764 Troisitme
1234 701 1337 765 annae.

566 848 682 933 696.
1542 886 1562 930 1
1587 887 1605 931 r
1678 886 1839 931 rmors.

568 969 727 1050 Robert0,
753 967 885 1034 comitis
902 966 1057 1033 Flandrie
1074 968 1153 1047 filio,
1169 967 1346 1034 mandatur
1370 865 1538 1054 quatenuri
1550 885 1682 1056 pjatierir
1697 864 1876 1051 suurn,]uo

520 1075 604 1142 biles
619 1084 653 1141 et
665 1073 926 1140 communitates
943 1072 1098 1139 Flandrie
1114 1073 1156 1139 ad
1171 1093 1290 1159 pacem
1307 1074 1544 1160 perficiendam
1561 1073 1710 1141 inducat.

564 1264 582 1305 a
610 1240 744 1306 Dilecto
769 1239 839 1304 filio
861 1238 965 1303 nobili
989 1239 1061 1303 viro
1089 1238 1249 1320 Robert0,
1271 1238 1384 1305 dilecti
1416 1239 1472 1304 lilii
1497 1240 1618 1306 nobilis
1633 1239 1733 1306 viri..
1749 1238 1876 1305 comitis

521 1346 731 1412 Flandrensis
747 1344 825 1408 filio.
841 1342 961 1423 Tenet,
975 1344 1030 1423 lili,
1047 1353 1162 1409 nostra
1187 1344 1359 1424 memoria,
1385 1364 1449 1411 nec
1475 1364 1495 1410 a
1520 1353 1579 1411 tua
1602 1344 1771 1412 credimus
1795 1343 1876 1410 cxci·

519 1450 606 1516 disse
630 1472 692 1515 nos
715 1458 786 1514 tam
810 1468 870 1533 per
896 1468 957 1512 nos
984 1447 1083 1532 ipsos,
1099 1456 1171 1513 tam
1195 1468 1255 1533 per
1278 1448 1406 1513 litteras
1432 1457 1467 1514 et
1493 1448 1639 1530 nuntios,
1664 1449 1779 1535 sepius
1803 1457 1876 1514 autc

519 1555 641 1621 mentis
656 1564 714 1620 tue
730 1554 845 1618 oculos
860 1552 1009 1638 posuisse
1034 1572 1134 1636 quarn
1155 1552 1198 1617 sit
1214 1552 1290 1618 Deo
1306 1559 1341 1618 et
1356 1552 1483 1638 angelis
1497 1552 1705 1639 displicibilis
1720 1551 1876 1620 carissimi

520 1661 576 1726 filii
592 1659 696 1725 nostri
725 1657 879 1742 Philippi,
895 1656 980 1739 regis
1006 1654 1146 1722 Francie
1167 1666 1202 1721 et
1218 1656 1252 1722 N
1255 1677 1368 1723 avarre
1393 1657 1538 1739 illustris,
1565 1666 1600 1723 et
1623 1656 1875 1724 Flandrensinm

518 1763 681 1830 discordia
705 1771 740 1827 et
764 1781 875 1838 exosa,
891 1780 1058 1844 quamque
1083 1759 1126 1825 sit
1147 1759 1236 1825 hosti
1263 1761 1365 1846 pacis,
1381 1762 1522 1827 amatori
1548 1762 1658 1827 litium
1680 1782 1722 1829 ac
1738 1761 1876 1849 principi

517 1870 740 1946 tenebrarum,
765 1864 916 1931 amabilis
951 1872 986 1928 et
1010 1871 1160 1950 accepta,
1191 1874 1316 1949 quanta
1349 1886 1483 1951 quoque
1506 1866 1692 1932 animarum
1723 1866 1877 1953 pericula,

517 1992 693 2058 corporum
708 1979 844 2054 strages,
859 1969 971 2053 lapsus
995 1968 1191 2033 facultatum
1206 1968 1332 2035 dudum
1348 1990 1389 2035 ex
1406 1969 1524 2036 eadem
1539 1970 1757 2056 provenerint
1778 1991 1878 2058 quan-

517 2083 618 2161 taque
648 2074 889 2160 impedimenta
915 2071 979 2157 piis
1005 2071 1162 2157 operibus
1199 2080 1234 2136 et
1270 2073 1459 2159 specialiter
1494 2074 1641 2140 subsidio
1670 2074 1878 2161 prestiterim

516 2179 640 2265 negotii
658 2178 760 2243 Terre
776 2178 1042 2257 Sancte,nccn0n
1058 2182 1093 2239 et
1109 2176 1173 2240 alia
1189 2196 1257 2242 non
1273 2176 1370 2242 facile
1385 2177 1592 2243 numeranda
1607 2177 1802 2244 discrimina
1817 2199 1878 2263 que

516 2306 557 2349 ex
582 2284 653 2369 ipsa
678 2281 843 2347 discordia
869 2279 1083 2366 spiritualiter
1104 2288 1139 2344 et
1164 2281 1396 2367 temporaliter
1422 2289 1501 2347 sunt
1525 2289 1652 2363 exorta,
1677 2302 1814 2368 queque
1838 2301 1876 2346 ex

516 2387 616 2473 ipsius
631 2385 758 2451 discidii
775 2369 919 2448 residivo
946 2404 987 2447 eo
1010 2383 1246 2468 periculosiora
1260 2383 1445 2450 verendum
1461 2393 1512 2450 est
1527 2384 1695 2469 subsequi,
1712 2405 1782 2469 qno
1798 2384 1876 2451 reci·

515 2490 608 2558 denti
624 2510 697 2555 esse
712 2488 858 2553 deterius
870 2488 977 2552 soleat
993 2508 1093 2571 quam
1119 2488 1264 2570 cadenti,
1281 2488 1322 2555 ad
1347 2497 1440 2554 tuam
1456 2489 1655 2554 memoriam
1672 2488 1877 2573 frequentius

514 2593 683 2660 reduxisse
709 2600 756 2673 ut,
782 2590 853 2676 ipsa
879 2590 966 2655 intra
990 2591 1136 2676 pectoris
1151 2592 1295 2658 claustra
1310 2592 1426 2659 sedula
1451 2592 1673 2659 meditatione
1689 2594 1876 2673 revolvens,

514 2720 646 2765 necnon
662 2705 696 2762 et
713 2717 812 2781 quam
828 2695 871 2760 sit
888 2695 963 2760 Deo
978 2703 1013 2759 et
1028 2696 1156 2780 angelis
1171 2696 1258 2761 inter
1274 2696 1443 2783 predictos
1455 2697 1636 2765 concordia
1646 2697 1877 2764 desiderabilis

514 2813 548 2869 et
575 2809 724 2887 accepta,
740 2820 907 2884 quamque
930 2798 973 2864 sit
989 2798 1152 2866 incentori
1180 2803 1344 2867 malorum
1369 2801 1519 2867 omnium
1546 2800 1679 2867 odibilis
1704 2811 1739 2867 et
1763 2821 1876 2882 exosa,

514 2915 638 2991 quanta
651 2923 783 2990 quoque
799 2902 954 2987 utrinque
969 2911 1084 2988 posset
1112 2903 1182 2989 ipsa
1206 2904 1384 2971 concordia
1407 2904 1588 2991 spiritualia
1616 2913 1651 2970 et
1677 2905 1877 2992 temporalia

514 3009 657 3075 comoda
673 3027 859 3093 procurare,
875 3006 1008 3090 quantis
1023 3027 1082 3091 per
1097 3028 1173 3073 eam
1186 3017 1412 3075 occurreretur
1433 3007 1599 3094 periculis,
1616 3028 1718 3094 quam
1741 3008 1876 3074 liberius

511 3113 649 3200 privatis
675 3120 788 3198 posset
813 3119 847 3176 et
873 3110 1071 3175 comunibus
1098 3110 1298 3177 utilitatibus
1333 3112 1518 3198 providere,
1547 3111 1780 3196 immensaque
1812 3112 1875 3177 alia

510 3216 653 3283 comoda
668 3236 732 3299 que
747 3234 812 3301 pax
829 3213 989 3292 amabilis,
1006 3233 1070 3298 pax
1088 3214 1243 3279 omnibus
1258 3215 1476 3281 desideranda
1491 3214 1647 3301 producit
1662 3214 1706 3280 ad
1722 3215 1875 3282 conside-

509 3320 648 3387 rationis
672 3327 763 3384 recte
786 3316 949 3402 judicium
975 3317 1144 3398 refferens,
1161 3318 1203 3383 ad
1227 3320 1465 3404 perficiendam
1490 3339 1609 3405 pacem
1636 3318 1765 3384 dudum
1790 3320 1875 3385 inter

510 3445 621 3510 regem
637 3423 812 3509 prefatum,
829 3429 909 3485 tunc
924 3440 1026 3503 regna
1045 3422 1206 3506 premissa
1221 3431 1404 3507 regentem,
1421 3444 1462 3487 ex
1478 3431 1573 3509 parte
1589 3442 1666 3504 una,
1677 3430 1714 3488 et
1724 3422 1874 3488 nobilem

509 3527 613 3592 virum
647 3524 883 3612 R[0bertum],
900 3526 1060 3589 comitem
1078 3523 1243 3606 Flandrie‚
1259 3528 1446 3611 genitorem
1470 3536 1576 3607 tuum,
1602 3526 1735 3592 nobiles
1760 3536 1796 3593 et
1820 3547 1872 3593 co

510 3629 690 3694 munitates
722 3627 887 3707 Flandrie,
914 3648 955 3691 ex
986 3636 1080 3711 parte
1107 3628 1221 3710 altera,
1238 3630 1424 3696 ordinatam
1450 3637 1484 3695 et
1507 3629 1687 3713 juramenti
1713 3630 1872 3716 religione

509 3731 678 3810 vallatam,
695 3737 856 3814 quantum
881 3730 923 3794 ad
948 3738 982 3794 te
1006 3730 1162 3815 pertinet,
1180 3741 1329 3797 mentem
1356 3741 1449 3798 tuam
1474 3752 1606 3798 curares
1632 3732 1814 3819 disponere
1839 3743 1870 3799 et

509 3833 656 3898 animum
665 3853 985 3919 preparare,necnon
996 3841 1031 3897 et
1043 3833 1151 3917 ipsum
1161 3834 1593 3918 genitorcmtuum,nobiles
1605 3836 1871 3903 etcomunitates

509 3936 678 4021 predictos
693 3935 734 4000 ad
752 3936 784 4000 id
810 3937 917 4021 ipsum
934 3957 973 4001 ac
1000 3943 1037 4000 ut
1053 3939 1250 4004 securitates
1266 3960 1327 4024 pro
1346 3939 1437 4005 dicta
1452 3960 1535 4026 pace
1561 3939 1801 4006 inviolabiliter
1816 3944 1869 4006 ob·

510 4041 671 4107 servanda
687 4040 894 4125 prestandas,
908 4041 1004 4124 juxta
1020 4040 1162 4106 formam
1187 4050 1222 4106 et
1248 4043 1387 4108 modum
1403 4043 1508 4109 nostri
1526 4042 1653 4109 consilii
1671 4063 1773 4130 super
1785 4042 1868 4109 sulii·

509 4145 630 4211 cientia
646 4144 862 4209 securitatum
879 4143 1033 4228 ipsarum,
1050 4166 1117 4209 non
1144 4148 1269 4230 absque
1293 4147 1486 4212 maturitate
1502 4146 1642 4233 provida
1659 4154 1695 4212 et
1711 4146 1868 4214 delibera·

508 4248 601 4313 tione
617 4257 756 4329 matura,
771 4247 804 4312 in
819 4248 905 4331 regis
921 4248 1040 4333 prefati
1058 4258 1321 4333 procuratorum,
1332 4259 1391 4315 tua
1407 4272 1446 4316 ac
1461 4251 1601 4316 aliorum
1617 4260 1866 4335 procuratorum

508 4352 666 4437 genitoris
681 4352 729 4417 tui
754 4361 788 4416 et
805 4351 1048 4416 comunitatum
1077 4351 1233 4418 Flandrie
1258 4355 1425 4439 presentia
1455 4353 1667 4440 promulgati,
1685 4353 1798 4420 eidem
1824 4375 1866 4419 re·

508 4456 539 4540 gi
558 4456 705 4521 tribuant
721 4465 755 4521 et
771 4454 932 4540 recipiant
953 4458 994 4519 ab
1014 4456 1133 4546 codem
1145 4456 1340 4537 inducere⁰3
1358 4467 1521 4542 quantum
1540 4466 1652 4523 autem
1680 4458 1744 4525 hec
1760 4467 1865 4525 nostra

509 4561 664 4625 salutaria
680 4559 807 4624 monita
823 4578 879 4623 cor
895 4566 989 4623 tunm
1006 4560 1184 4641 moverint,
1201 4560 1273 4644 quis
1290 4561 1414 4626 finctus
1438 4582 1479 4625 ex
1496 4560 1575 4647 ipsis
1593 4559 1760 4628 hactenus
1776 4561 1865 4628 fuerit

540 4750 564 4781 u.
578 4732 698 4779 inducero
711 4745 817 4793 neauqun
831 4747 879 4790 lup.

511 4884 936 4893 ——-——-
954 4885 1209 4891 .----.-...-.-

508 4986 616 5033 l'atbnu
630 5004 635 5042 ;
648 4987 769 5033 toutefois
784 4986 800 5032 il
814 4986 894 5032 existo
906 4999 956 5031 unc
977 4986 1049 5046 copie
1069 4984 1101 5030 do
1122 4983 1185 5032 celle
1203 4985 1247 5044 qni
1267 4984 1306 5030 lut
1327 4982 1443 5033 adressdc
1455 4986 1468 5031 ir
1479 4983 1504 5032 la
1516 4983 1591 5033 dame
1603 4983 1636 5033 de
1649 4985 1738 5047 Coucy
1751 4986 1790 5047 (n.
1802 4983 1860 5043 ult).

507 5068 599 5116 darec:
624 5070 684 5117 Dal.
703 5069 780 5115 Auru.
799 5070 815 5113 a’
834 5066 885 5115 lul.
905 5067 1001 5130 aprilis
1017 5082 1083 5113 nunu
1098 5068 1122 5114 d.
1144 5066 1165 5113 ll
1182 5072 1220 5114 cst
1239 5066 1437 5115 vralsemblanle
1454 5066 1562 5128 qu'ellcs
1579 5070 1626 5116 ont
1645 5070 1734 5118 tontes
1749 5067 1775 5117 la
1785 5066 1859 5115 meme

507 5148 574 5207 «lato,
587 5149 751 5211 puisrpr'ollos
762 5153 818 5194 snut
832 5146 1007 5195 montioundcs
1017 5148 1147 5195 cnsemlrlc
1158 5147 1222 5195 dans
1234 5146 1260 5195 la
1273 5148 1347 5196 lottrc
1363 5148 1479 5197 adressdc
1490 5163 1523 5197 au
1536 5150 1572 5197 roi
1585 5149 1618 5198 dc
1630 5150 1730 5201 Fannce
1740 5153 1779 5214 (u.
1791 5148 1854 5209 aul).
