4409 6017
914 692 1060 757 Premiere
1082 691 1184 757 annea.
1677 691 1718 755 43

364 842 446 922 mari,
459 840 663 908 Morinensis
678 843 829 924 diocesis,
846 846 906 908 sub
922 844 1158 928 expectatione
1174 840 1353 928 prebende,
1368 862 1436 905 non
1453 843 1609 905 obstante
1626 839 1716 923 qnod

362 946 389 1010 in
404 946 544 1012 ecclesia
560 946 773 1031 Pergamensi
790 947 1024 1012 canonicatum
1041 955 1075 1012 et
1090 945 1295 1032 prebendam
1313 945 1454 1010 obtinet.

398 1049 601 1115 Litterarum
617 1051 834 1116 scientiam...

396 1154 477 1220 Dat.
492 1153 594 1219 Αιιίι.
615 1176 651 1238 13
668 1154 734 1221 kal.
751 1155 942 1219 novembris
957 1175 1046 1219 anno
1069 1175 1094 1219 ι.

396 1256 484 1323 Ine.
508 1280 554 1324 m.
572 1257 772 1342 Maguntine
796 1266 831 1323 et
855 1258 897 1323 de
923 1258 1058 1339 Rosate,
1077 1257 1341 1324 Mediolanensis
1365 1256 1516 1337 diocesis,
1543 1254 1719 1343 prepositis

352 1382 391 1428 ac
405 1360 557 1440 Johanni
574 1362 616 1427 de
634 1362 757 1443 Inaola,
774 1363 939 1428 canonico
957 1360 1159 1428 Morinensis
1175 1361 1400 1427 ecclesiarum.

385 1520 448 1582 Reg.
465 1523 512 1568 Ar.
525 1523 547 1570 ³.
561 1521 579 1567 l.
595 1523 639 1568 177
652 1536 658 1573 ;
671 1521 729 1569 Vat.
741 1523 780 1573 63.
794 1522 812 1569 f.
828 1524 895 1578 225&
908 1536 932 1568 n.
945 1524 1000 1568 itm.

398 1725 511 1807 147.
1256 1797 1258 1803 ,
1370 1737 1464 1821 1316,
1481 1760 1523 1802 22
1539 1740 1675 1803 octobre.

398 1842 559 1909 Priorisse
575 1850 611 1907 et
627 1842 808 1908 conventui
834 1841 1026 1907 monasterii
1043 1840 1085 1906 de
1108 1840 1322 1907 Bellomonte
1347 1841 1380 1906 in
1404 1841 1636 1922 Valenchenis,
1661 1861 1720 1927 per

351 1947 546 2035 priorissam
562 1946 651 2012 soliti
661 1946 845 2030 gnbemari,
862 1945 987 2011 ordinis
1003 1946 1033 2011 S.
1050 1946 1237 2030 Augustini,
1255 1945 1505 2012 Cameracensis
1522 1945 1673 2025 diocesis,
1685 1952 1718 2009 et

351 2072 412 2138 per
428 2049 628 2125 Beatricem,
654 2050 858 2116 comitissam
877 2049 1212 2134 Lucemburgensem,
1229 2058 1371 2115 matrem
1398 2050 1548 2130 Henrici,
1575 2049 1718 2114 Romani

351 2155 575 2243 imperatoris,
615 2154 808 2233 constructi,
851 2153 1040 2239 indulgetur
1080 2162 1118 2219 ut
1157 2155 1284 2220 dictum
1325 2154 1565 2220 monasterium
1612 2153 1718 2219 ordini

352 2258 511 2325 Fratrum
527 2258 776 2324 Predicatormn
787 2258 987 2343 subjiciatur,
1004 2257 1340 2324 sicutmonasterium
1356 2258 1398 2323 de
1416 2257 1583 2339 Pruliano,
1595 2256 1720 2324 ordinis

352 2364 384 2430 S.
400 2362 592 2448 Augustini,
608 2360 799 2427 Tholosane
815 2362 966 2442 diocesis,
979 2361 1142 2448 jamdicto
1159 2362 1266 2429 ordini
1283 2363 1469 2448 subjectum
1486 2371 1547 2429 est.

397 2467 494 2533 Inter
509 2475 664 2533 cetera...

397 2571 479 2637 Dat.
495 2570 595 2635 Avin.
617 2590 650 2634 11
669 2568 734 2635 kal.
750 2570 943 2636 novembris
958 2590 1048 2635 anno
1069 2590 1095 2636 1.

388 2726 452 2788 Reg.
463 2726 512 2775 Ar.
528 2727 550 2782 4,
563 2725 581 2773 f.
596 2726 642 2772 247
654 2739 660 2775 t
673 2724 731 2773 vat.
744 2726 782 2776 64.
794 2725 812 2774 t.
821 2726 871 2773 aar.
882 2740 907 2774 ιι.
926 2727 995 2775 1071.

401 2927 513 3012 148.
814 2899 816 2901 i
1374 2942 1468 3027 1316,
1485 2964 1527 3008 22
1542 2945 1678 3011 octobre.

401 3046 562 3115 Priorisse
578 3053 613 3113 et
628 3045 810 3113 conventui
834 3044 1028 3111 monasterii
1052 3044 1094 3111 de
1118 3043 1331 3113 Bellomonte
1355 3046 1390 3111 in
1414 3045 1639 3130 ValencbiniS,
1664 3069 1723 3135 per

356 3152 548 3239 priorissam
575 3151 663 3217 soliti
683 3150 868 3232 gnbemari,
896 3149 1020 3215 ordinis
1045 3149 1075 3215 S.
1100 3150 1288 3234 Augustini,
1306 3150 1555 3218 Cameracensis
1571 3151 1721 3229 diocesis,

358 3255 391 3322 in
408 3259 573 3323 honorem
590 3256 621 3321 S.
638 3254 811 3320 Trinitatis
827 3254 966 3331 fundati,
983 3254 1178 3319 conceditur
1203 3255 1408 3339 indulgentia
1435 3257 1532 3322 aniius
1557 3258 1635 3322 anni
1661 3278 1722 3346 pro

358 3360 571 3426 visitantibus
586 3360 714 3425 dictum
730 3358 980 3424 monasterium.

404 3464 500 3531 Licet
517 3464 544 3529 is
560 3464 643 3529 de...

402 3569 482 3635 Dat.
499 3568 600 3633 Avin.
622 3589 655 3631 rr
676 3568 740 3633 kal.
758 3567 948 3632 novembris
963 3587 1053 3632 anno
1075 3587 1100 3632 1.

394 3726 453 3785 lleg.
468 3727 516 3775 nv.
532 3726 555 3781 l,
567 3725 586 3774 f.
601 3726 648 3771 245
661 3739 666 3771 :
679 3722 737 3771 Vnt.
751 3724 788 3770 til.
801 3723 819 3770 l.
834 3724 870 3773 19.
883 3737 907 3770 n.
922 3723 991 3770 loll.

404 3910 515 3992 149.
1376 3923 1468 4006 1316,
1485 3946 1527 3989 22
1544 3928 1679 3993 octobre.

405 4028 611 4113 Engleberto
635 4028 677 4091 de
694 4025 885 4111 Boleseyes,
911 4025 1032 4090 clerico
1058 4024 1227 4106 Beatricis,
1254 4027 1421 4092 comitisse
1450 4028 1721 4114 aneburgensis

365 4133 529 4197 confertur
553 4130 769 4197 canonicatus
796 4129 934 4195 ecclesie
960 4129 990 4194 S.
1018 4128 1155 4194 Martini
1173 4128 1377 4210 Leodiensis,
1403 4134 1463 4195 sub
1488 4134 1723 4218 expectatione

365 4236 541 4320 prebende,
558 4256 626 4298 non
643 4236 798 4298 obstante
815 4233 905 4316 qnod
922 4234 954 4296 in
972 4232 1093 4310 Dullie,
1119 4233 1368 4300 Cameracensis
1386 4234 1536 4312 diocesis,
1554 4237 1722 4320 quoddam

365 4339 561 4405 beneficium
578 4337 850 4416 ecclesiasticum,
867 4336 957 4420 qnod
973 4347 1170 4421 personatus
1186 4337 1364 4421 vulgariter
1379 4340 1565 4423 appellatur
1592 4341 1649 4424 (30
1666 4341 1721 4406 lib.

369 4455 427 4508 tur.
444 4443 552 4528 parv-i)
570 4441 711 4506 obtinet.

410 4546 592 4611 Laudabile
610 4544 881 4610 testimonium...

410 4650 486 4715 Dat.
504 4649 604 4713 Avin.
626 4669 660 4712 11
681 4648 745 4713 kal.
762 4649 954 4713 novembris
970 4671 1059 4714 anno
1082 4671 1106 4714 r.

410 4753 448 4817 In
464 4774 493 4818 e.
511 4775 555 4818 ιιι.
572 4753 603 4816 S.
619 4750 737 4828 Jacobi
756 4751 949 4818 Leodiensis
966 4764 999 4818 et
1016 4754 1046 4818 S.
1065 4753 1233 4818 Laurentii
1250 4776 1354 4839 prope
1371 4754 1534 4820 Leodinm
1558 4765 1726 4821 monaste-

370 4856 487 4922 riorum
504 4856 679 4921 abbatibus
694 4876 733 4919 ac
749 4855 894 4931 Jobanni
911 4858 952 4921 de
971 4857 1161 4939 Helongnc,
1177 4859 1341 4924 canonico
1357 4859 1497 4925 ecclesie
1513 4860 1544 4926 S.
1555 4858 1724 4926 Larnberti

373 4958 571 5025 Leodiensis

403 5133 460 5193 Reg.
475 5135 523 5181 rlv.
539 5135 560 5181 3.
573 5133 591 5180 f.
604 5135 650 5179 tra
662 5148 667 5186 ;
680 5132 739 5183 Vnt.
755 5136 793 5191 63,
806 5135 826 5184 f.
841 5137 895 5194 2⁴2,
908 5148 933 5183 n.
950 5135 1004 5181 75⁴.
