4409 6017
913 734 1060 802 lluititne
1081 733 1184 800 annia.
1676 739 1732 801 517

370 880 433 946 fuit
457 887 491 945 et
516 880 550 944 in
576 878 800 965 opprimendo
826 878 951 944 dictam
982 876 1157 942 mulierem
1184 876 1380 959 interfuisse,
1407 880 1496 947 idem
1523 901 1732 957 ammannus‚

368 982 557 1069 hujusmodi
574 982 783 1049 confessione
799 982 923 1064 audita,
940 982 1059 1047 volens
1071 980 1234 1067 justitiam
1250 980 1292 1047 de
1316 982 1388 1069 ipso
1410 983 1529 1066 facere,
1544 993 1646 1050 nocte
1663 985 1733 1070 ipsa

368 1087 450 1153 fecit
465 1087 611 1153 eundem
625 1087 881 1153 malefactorem
896 1086 938 1152 ad
955 1084 1125 1172 quendam
1141 1085 1254 1151 locum
1281 1085 1400 1152 adduci
1425 1087 1481 1152 ubi
1509 1089 1618 1172 capite
1641 1096 1732 1152 trun-

368 1199 511 1272 caretur,
527 1190 621 1258 dicto
635 1190 721 1257 duce
737 1190 817 1256 inibi
829 1198 986 1278 presente
1013 1197 1048 1254 et
1075 1188 1142 1255 hoc
1168 1189 1237 1253 fieri
1262 1191 1455 1271 mandante,
1471 1199 1506 1256 et
1529 1211 1731 1276 quamquam

368 1304 439 1360 tam
453 1294 520 1361 dux
536 1315 637 1380 quam
652 1315 851 1361 ammannus
866 1293 1007 1380 predicti
1023 1312 1091 1359 non
1109 1292 1300 1377 ignorarent
1316 1294 1407 1379 quod
1430 1295 1518 1360 idem
1537 1295 1732 1361 malefactor

367 1398 507 1464 clericus
522 1407 611 1465 esset
626 1398 801 1484 dictusque
816 1398 1023 1478 malefactor,
1040 1397 1074 1462 in
1091 1398 1167 1463 loco
1183 1396 1238 1462 ubi
1267 1397 1488 1464 intendebant
1516 1420 1592 1464 eum
1620 1400 1731 1464 decol-

366 1503 425 1567 lari
442 1502 550 1568 facere
565 1503 778 1583 constitutus,
794 1524 830 1568 se
846 1502 916 1568 fore
934 1501 1091 1568 clericum
1108 1502 1266 1586 allegaret
1287 1510 1323 1566 et
1348 1511 1520 1568 tonsuram
1541 1503 1730 1568 clericalem

365 1607 501 1688 habere,
525 1606 761 1673 nichilominus
784 1614 899 1673 tamen
926 1605 969 1671 de
996 1604 1157 1670 mandato
1183 1604 1350 1671 dictorum
1376 1606 1471 1673 ducis
1497 1616 1531 1672 et
1547 1607 1729 1688 ammanni,

365 1710 516 1792 ejusdem
531 1710 755 1776 malefactoris
769 1717 870 1796 caput
886 1709 998 1775 extitit
1014 1708 1246 1774 miserabiliter
1260 1719 1482 1795 amputatum.
1507 1710 1593 1775 Cum
1616 1718 1728 1775 autem

365 1813 455 1878 idem
472 1813 538 1880 dux
554 1814 597 1880 de
612 1814 696 1880 tanti
713 1814 926 1880 execratione
943 1822 1053 1878 reatus
1069 1820 1230 1897 tanteque
1246 1814 1445 1880 temeritatis
1458 1835 1595 1879 excessu
1607 1814 1728 1879 habeat

364 1938 434 1983 non
459 1917 629 1984 immerito
655 1917 897 1984 conscientiam
921 1916 1182 1996 remordentem,
1218 1916 1260 1982 ad
1292 1918 1511 2003 apostolicam
1542 1918 1662 1983 Sedem
1694 1919 1726 1981 in

363 2021 483 2107 spiritu
498 2021 695 2088 humilitatis
710 2042 891 2102 recurrens,
907 2020 1006 2087 nobis
1021 2019 1190 2086 humiliter
1205 2021 1409 2107 supplicavit
1422 2030 1460 2088 ut
1475 2021 1650 2108 providere
1666 2021 1726 2086 sibi

364 2126 399 2189 in
416 2125 479 2191 hac
505 2134 600 2211 parte
626 2126 668 2191 de
695 2124 915 2191 absolutionis
941 2123 1108 2189 beneficio
1136 2124 1395 2191 misericorditer
1420 2125 1638 2211 dignaremur,
1666 2149 1727 2194 nos

363 2230 465 2314 igitur
490 2229 705 2295 attendentes
730 2228 819 2313 quod
846 2229 871 2294 si
899 2229 998 2314 culpa
1023 2248 1091 2293 non
1119 2235 1218 2310 esset,
1234 2229 1345 2294 locum
1372 2229 1470 2294 venia
1493 2250 1560 2294 non
1578 2231 1725 2316 haberet,

362 2333 519 2399 volentes
534 2354 667 2419 quoque
683 2354 760 2399 cum
776 2332 897 2399 eodem
909 2331 995 2398 duce
1010 2332 1093 2397 mite
1109 2351 1207 2416 agere
1220 2332 1252 2397 in
1266 2332 1329 2397 hac
1341 2340 1445 2418 parte,
1456 2332 1656 2401 fraternitati
1670 2347 1725 2404 tue

361 2439 570 2523 presentium
583 2448 702 2504 tenore
718 2436 959 2504 committimus
975 2443 1010 2501 et
1025 2434 1234 2517 mandamus
1251 2444 1416 2521 quatenus
1430 2436 1520 2523 prius
1543 2440 1585 2504 ab
1606 2441 1725 2507 eodem

361 2542 449 2607 duce
464 2541 506 2607 de
522 2542 643 2607 stando
659 2541 826 2607 mandatis
842 2540 982 2606 ecclesie
1000 2548 1034 2605 et
1051 2539 1140 2623 quod
1156 2539 1266 2606 eidem
1297 2540 1437 2605 ecclesie
1459 2550 1493 2607 et
1520 2542 1592 2607 aliis
1608 2545 1726 2629 quibus

360 2655 499 2732 propter
522 2645 683 2731 premissa
707 2645 769 2710 erit
792 2643 979 2710 satisfactio
1016 2642 1241 2730 impendenda
1274 2644 1466 2725 satisfaciet,
1492 2657 1726 2734 competenter

356 2752 550 2835 juramento
573 2758 722 2835 recepte,
745 2752 787 2815 ab
812 2746 1168 2814 excommunicationis
1192 2748 1360 2813 sententia
1383 2769 1483 2832 quam
1499 2761 1637 2837 propter
1652 2775 1724 2838 pre-

359 2855 461 2919 missa
477 2854 623 2935 incurrit,
636 2854 732 2938 juxta
747 2852 850 2939 ipsius
865 2851 1006 2918 ecclesie
1022 2851 1165 2918 formam
1181 2854 1334 2918 absolvas
1356 2852 1511 2935 eundem,
1529 2855 1678 2940 injuncta
1694 2860 1723 2924 ei

359 2966 498 3044 propter
518 2958 583 3023 hoc
607 2956 796 3043 penitentia
818 2955 954 3021 salutari
980 2964 1015 3021 et
1040 2955 1114 3021 aliis
1136 2976 1202 3040 que
1216 2955 1259 3021 de
1271 2957 1344 3041 jure
1361 2956 1483 3023 fuerint
1500 2957 1722 3044 injungenda3
1744 2969 1746 2972 ’

359 3062 449 3146 quod
474 3061 500 3127 si
534 3061 620 3126 forte
647 3061 756 3127 facere
781 3059 1032 3145 contempserit,
1057 3060 1211 3125 volumus
1236 3060 1326 3144 quod
1353 3081 1394 3125 eo
1422 3061 1495 3147 ipso
1520 3062 1554 3126 in
1579 3066 1722 3129 eandem

359 3165 720 3231 excommunicationis
744 3164 947 3230 sententiam
963 3164 1139 3228 relabatur.
1167 3164 1244 3229 Dat.
1272 3165 1408 3231 Avin.8
1434 3165 1499 3231 kal.
1524 3170 1721 3253 septembris

358 3291 451 3336 anno
467 3272 496 3334 8.
515 3292 531 3331 >r

392 3410 453 3471 llcg.
468 3412 515 3460 Ar.
530 3413 570 3469 21,
585 3410 603 3459 f.
618 3410 678 3458 aab
689 3424 695 3466 ;
707 3408 767 3458 vat.
783 3411 822 3467 77,
837 3408 854 3458 f.
870 3409 926 3468 283,
941 3422 966 3457 n.
984 3408 1053 3456 irat.

405 3579 548 3669 1383
1416 3614 1509 3677 1324,
1528 3595 1569 3658 26
1586 3602 1675 3661 ararit.

406 3699 571 3785 Magistro
589 3697 725 3781 Hugoni
743 3697 785 3761 de
800 3696 966 3777 Julihaco,
983 3698 1158 3782 capellano
1174 3695 1304 3777 Jacobi,
1322 3697 1353 3763 S.
1370 3695 1505 3782 Georgii
1529 3697 1571 3763 arl
1600 3699 1719 3763 Velum
1751 3735 1754 3740 <

358 3824 496 3871 aureum
513 3801 645 3869 diaconi
671 3800 857 3882 cardinalis,
870 3800 1087 3867 conferuntur
1098 3802 1317 3867 canonicatus
1340 3810 1374 3865 et
1394 3800 1564 3886 prebenda
1579 3803 1719 3867 ecclesie

358 3906 556 3974 Leodiensis
566 3913 725 3971 vacantes
735 3925 794 3990 per
803 3905 1091 3970 consecrationem
1102 3904 1283 3985 Amatoris,
1291 3904 1437 3991 episcopi
1453 3904 1649 3970 Narniensis
1662 3907 1718 3991 (¹),

357 4031 427 4077 non
460 4012 616 4076 obstante
641 4008 732 4093 quod
759 4009 791 4073 in
818 4007 977 4073 Remensi
1003 4017 1037 4073 et
1065 4008 1097 4073 S.
1114 4007 1237 4084 Juliani
1263 4008 1545 4074 Autisiodorensis
1570 4010 1719 4075 ecclesiis

357 4114 576 4181 canonicatus
592 4122 626 4178 et
642 4112 838 4199 prebendas,
855 4133 894 4177 ac
910 4112 1154 4198 parrochialem
1170 4112 1345 4178 ecclesiam
1363 4111 1510 4177 §.Alunt
1526 4112 1568 4177 de
1585 4111 1718 4178 Castro-

355 4240 457 4299 nor0,
475 4216 677 4282 Senonensis
692 4215 843 4297 diocesis,
860 4216 1000 4281 obtinet.

401 4323 605 4388 Litterarum
630 4321 809 4386 scientia...

401 4429 481 4493 Dat.
497 4427 596 4491 Avin.
615 4446 632 4510 7
646 4425 712 4491 kal.
725 4426 922 4511 septembris
932 4444 1022 4489 anno
1038 4426 1067 4490 8.

401 4532 442 4597 ln
459 4553 488 4597 e.
504 4553 549 4595 m.
566 4530 679 4596 abbati
697 4529 889 4594 monasterii
907 4529 938 4593 S.
954 4527 1129 4594 Genovefc
1146 4529 1339 4596 Parisiensis
1355 4539 1390 4595 et
1405 4531 1535 4597 decano
1562 4529 1592 4594 S.
1606 4527 1719 4593 Crucis

352 4635 555 4705 Leodiensis
570 4658 610 4702 ac
626 4635 862 4702 archidiacono
879 4633 1034 4700 Belnensi
1053 4635 1217 4701 Eduensis
1232 4636 1457 4701 ecclesiarum.

388 4778 452 4837 ch.
468 4777 516 4823 Ar.
531 4777 571 4833 22,
585 4777 602 4823 l.
619 4775 677 4821 189ν
695 4784 724 4827 ‘¹;
742 4773 801 4820 l'at.
815 4775 853 4831 ii,
870 4773 887 4821 f.
903 4774 958 4831 341,
971 4787 995 4821 u.
1011 4773 1081 4819 1960.

384 4953 411 4983 a.
424 4948 455 4981 aar
468 4947 569 4995 arurpc:
581 4932 688 4980 attende
699 4932 731 4980 dc
743 4937 841 4980 octavo.

349 5080 520 5095 pssoe-——ffl
530 5080 626 5085 —.---.
639 5081 748 5086 ——.-.

389 5180 410 5227 r,
437 5176 499 5234 vor.
515 5189 539 5221 ι..
555 5177 623 5223 rara.
