4409 6017
1035 608 1218 674 Fornulalre

1111 855 1154 935 7.

510 1103 630 1157 tubat
650 1105 754 1158 eoua
774 1105 827 1157 La
845 1094 1068 1159 aserenon
1086 1088 1178 1158 u'uu
1196 1108 1325 1161 cnunc
1343 1110 1447 1163 unus
1466 1112 1515 1163 ux
1534 1100 1786 1166 nottestane,

1029 1230 1068 1290 (n.
1094 1230 1182 1293 1420).

495 1408 601 1463 Dilectis
622 1408 724 1466 liliis..
746 1407 890 1473 preposito
912 1409 939 1465 S.
963 1409 1043 1464 Pauli
1064 1418 1126 1466 et..
1147 1409 1255 1463 cantori
1276 1410 1302 1464 S.
1326 1411 1455 1473 Dyonisii
1477 1412 1641 1467 Leodiensis
1662 1432 1695 1469 ac
1711 1457 1728 1469 ..
1751 1433 1808 1470 sco-

485 1492 547 1545 ntico
571 1494 602 1548 ll.
631 1493 723 1548 Marie
748 1493 949 1556 Traiectensis,
977 1493 1143 1548 Leodiensls
1163 1494 1291 1555 diocesis.
1318 1497 1501 1549 ecclesiarum
1527 1498 1656 1554 salutem.

497 1576 557 1630 Cum
579 1576 700 1631 dilectus
723 1577 801 1631 lilius
826 1577 956 1636 Alardus.
982 1587 1065 1630 natus
1088 1578 1234 1641 quondam
1263 1579 1384 1643 Nicolay
1408 1581 1476 1634 dicti
1503 1582 1637 1636 Maiestre
1665 1584 1745 1636 Alart
1770 1585 1807 1637 de

475 1659 613 1722 Gentblaco,
634 1662 753 1716 clericus
778 1661 943 1716 Leodiensis
962 1658 1092 1722 diocesis,
1118 1660 1221 1724 cupiat.
1237 1662 1309 1714 sicut
1332 1680 1366 1715 ex
1387 1673 1466 1725 parte
1487 1681 1538 1716 sua
1560 1665 1613 1716 luit
1633 1667 1808 1727 propositum

475 1759 549 1798 eoram
560 1744 648 1801 nobis.
663 1761 721 1797 una
736 1761 802 1797 curn
817 1744 926 1799 dilectis
940 1743 1006 1799 liliis
1021 1744 1127 1797 abbate
1147 1755 1175 1797 et
1192 1755 1333 1799 conventu
1351 1747 1514 1800 monasterii
1534 1747 1561 1802 S.
1582 1747 1657 1802 Petri
1676 1749 1807 1802 Gembla-

475 1826 550 1884 censis.
572 1826 606 1881 0.
630 1827 659 1881 S.
685 1828 725 1890 Β.,
749 1826 825 1881 dicte
849 1827 979 1886 diocesis.
1003 1825 1032 1880 in
1055 1828 1158 1881 eodem
1174 1828 1346 1881 monasterio
1363 1830 1415 1882 sub
1432 1830 1554 1893 regulari
1570 1831 1667 1884 babitu
1685 1832 1809 1884 Domino

476 1906 588 1968 lanulari.

500 2008 541 2045 nos
555 1993 680 2047 tolentes
697 1991 790 2057 ipsum
807 1992 836 2047 in
852 1992 1015 2055 hujusmodi
1031 2009 1082 2047 suo
1099 1992 1237 2047 laudabili
1272 1996 1417 2058 proposito
1451 1996 1612 2056 confovere.
1647 1997 1809 2050 discretioni

476 2085 544 2128 vestre
559 2093 608 2140 per
625 2075 782 2139 apostolica
799 2076 903 2129 scrieta
921 2076 1090 2129 mandamus
1109 2087 1251 2139 quatenus
1278 2095 1328 2130 vos
1354 2079 1398 2130 vel
1427 2079 1483 2130 duo
1510 2088 1558 2131 aut
1585 2095 1657 2132 unus
1686 2090 1809 2132 vestrum

476 2158 572 2211 eundem
589 2158 734 2215 Alardum.
753 2158 776 2212 si
792 2158 827 2212 sit
843 2158 971 2221 ydoneus
989 2169 1016 2211 et
1032 2158 1109 2211 aliud
1130 2158 1183 2211 sibi
1205 2161 1373 2212 canonicum
1396 2177 1453 2213 non
1473 2160 1600 2220 obsistat.
1623 2178 1674 2224 per
1695 2178 1745 2214 vos
1765 2162 1808 2213 vel
1864 2213 1867 2217 .

476 2253 511 2299 ptr
522 2238 599 2292 alium
614 2256 665 2292 seu
680 2240 759 2298 allos.
775 2241 804 2293 in
820 2239 897 2294 dicto
910 2240 1082 2293 monasterio
1097 2239 1210 2294 faciatis
1229 2242 1396 2295 auctoritate
1416 2254 1513 2295 nostra
1533 2244 1560 2295 in
1579 2241 1751 2294 monachum
1770 2257 1809 2294 re·

432 2375 434 2388 ρ
476 2320 556 2380 cipiet
579 2323 606 2375 in
631 2323 749 2378 fratrem
774 2324 885 2387 sibique
909 2323 1034 2378 exhiberi
1061 2324 1190 2378 habitum
1214 2324 1373 2386 regularem
1396 2342 1429 2377 ae
1451 2322 1552 2388 ipsum,
1575 2325 1645 2378 sicut
1666 2340 1753 2377 unum
1774 2342 1808 2376 ex

476 2402 521 2456 tliis
538 2405 619 2470 ipsius
643 2407 807 2461 monasterii
826 2406 980 2465 monachis.
998 2407 1108 2460 sincera
1126 2406 1153 2460 in
1170 2407 1295 2460 Domino
1312 2406 1429 2460 caritate
1445 2406 1567 2466 tractari.

501 2489 744 2544 nonobstantibus
767 2489 940 2552 quibuslibet
964 2489 1075 2543 statutis
1100 2498 1128 2542 et
1158 2488 1410 2542 consuetudinibus
1444 2489 1606 2544 monasterii
1641 2501 1668 2542 et
1702 2488 1808 2544 ordinis

477 2569 637 2630 uedctorum
663 2572 819 2631 contrariis,
845 2572 1012 2634 juramento.
1038 2571 1256 2625 confirmatione
1291 2573 1446 2636 apostolica
1481 2572 1525 2626 vel
1561 2588 1739 2635 quacumque
1766 2571 1810 2624 lit-

413 2699 418 2706 .
478 2651 552 2705 nitate
567 2653 621 2707 alia
640 2654 788 2712 roboratis.
808 2663 857 2707 aut
877 2655 900 2707 si
919 2670 970 2718 pro
989 2652 1051 2707 aliis
1070 2652 1240 2707 recipiendis
1268 2652 1296 2706 ln
1323 2652 1398 2706 dicto
1425 2652 1597 2706 monasterio
1623 2652 1809 2706 direxerimus

411 2779 415 2797 .-
477 2729 555 2794 scripta
573 2744 676 2796 nostra,
697 2734 800 2797 quibus
820 2751 871 2798 per
890 2734 945 2788 hoc
963 2735 1072 2787 nullum
1092 2734 1225 2787 volumus
1242 2733 1429 2798 prejudicium
1443 2734 1582 2795 generari.
1599 2751 1651 2787 seu
1665 2733 1687 2786 si
1702 2733 1811 2787 eisdem

404 2835 411 2844 ·
477 2810 550 2867 abbati
568 2826 593 2868 et
611 2816 763 2870 conventui
783 2826 832 2869 aut
850 2816 994 2881 quibusvis
1013 2815 1074 2871 allis
1094 2815 1284 2869 communiter
1309 2818 1354 2869 vel
1381 2816 1490 2869 divisim
1517 2816 1629 2869 aSede
1656 2813 1811 2879 apostolica

408 2915 412 2922 ·
477 2890 646 2951 titindultum
668 2898 746 2959 quod
769 2897 806 2951 ad
828 2897 1021 2951 receptionem
1043 2897 1163 2960 alicujus
1188 2897 1304 2951 minime
1329 2908 1480 2951 teneantur
1504 2908 1531 2950 et
1555 2898 1592 2951 ad
1616 2897 1645 2950 id
1670 2894 1809 2959 compelli,

401 2997 410 3031 .-
477 2986 512 3028 tut
528 2980 594 3032 ouod
616 2979 753 3040 interdici.
776 2980 910 3045 suspendi
930 2980 976 3035 vel
999 2978 1238 3034 excommunicari
1252 2995 1312 3032 non
1328 2978 1436 3043 possint
1453 2995 1503 3040 per
1519 2972 1624 3032 litteras
1640 2977 1810 3034 apostolicas

394 3103 399 3111 .
477 3058 659 3117 nonfacientes
678 3063 793 3127 plenam
813 3072 840 3115 et
858 3078 1020 3126 expressam
1038 3078 1072 3114 ac
1090 3060 1127 3114 de
1148 3060 1235 3114 verbo
1258 3061 1295 3113 ad
1317 3060 1434 3115 verbum
1457 3060 1494 3114 de
1516 3059 1626 3114 indulto
1648 3058 1810 3121 hujusmodi

476 3141 628 3206 mentionem,
647 3155 675 3199 et
691 3145 818 3209 qualibet
836 3145 891 3199 alia
908 3144 982 3200 dicte
999 3143 1080 3199 Sedis
1098 3143 1276 3208 indulgentia
1298 3143 1425 3207 generali
1445 3143 1490 3197 vel
1511 3141 1634 3204 speciali,
1656 3142 1810 3205 cujuscum·

478 3226 622 3283 quetenoris
638 3227 740 3281 existat
765 3244 815 3280 ner
829 3243 915 3292 quam
929 3226 1109 3286 presentibus
1129 3243 1187 3280 non
1208 3243 1369 3291 expressam
1390 3226 1433 3280 vel
1455 3224 1579 3279 totaliter
1597 3242 1654 3278 non
1675 3225 1809 3279 insertam

478 3301 571 3361 effetus
603 3308 765 3372 hujusmodi
799 3310 890 3372 gratie
923 3307 1054 3373 impediri
1089 3307 1185 3362 valeat
1206 3307 1420 3372 quomodolibet
1439 3307 1485 3361 vel
1506 3306 1614 3361 differri
1646 3317 1672 3360 et
1692 3306 1729 3360 de
1750 3322 1806 3370 qua

480 3386 587 3453 cujusque
608 3401 667 3445 toto
689 3402 789 3445 tenore
811 3390 944 3445 habenda
965 3390 999 3445 sit
1020 3390 1048 3444 in
1067 3390 1170 3444 nostris
1189 3390 1286 3444 litteris
1305 3393 1411 3444 mentio
1430 3390 1568 3452 specialis.

401 3472 405 3478 '
504 3474 705 3528 contradictores
734 3492 784 3539 pet
812 3492 962 3529 censuram
991 3472 1221 3540 ecclesiasticam,
1240 3472 1431 3537 appellatione
1448 3472 1611 3537 postposita,
1631 3486 1809 3538 compescen·

394 3579 396 3583 ·
479 3546 506 3601 do

507 3631 593 3691 Datum
619 3638 760 3692 Avinlone
789 3639 848 3693 llll
877 3656 943 3692 non.
970 3636 1093 3692 octobris
1117 3654 1191 3691 anno
1214 3654 1298 3691 nono.

1107 3895 1152 3980 8.

840 4150 1092 4205 uoutuanou
1122 4133 1214 4203 n'uu
1243 4137 1416 4215 evaque,

1051 4272 1088 4333 (n.
1109 4273 1196 4334 1305).

511 4439 598 4505 Dilecto
626 4450 687 4508 lilio
719 4450 822 4516 Helye.
854 4450 945 4506 eleeto
975 4448 1153 4505 'lomacensi
1181 4437 1310 4504 salutem.

512 4523 614 4599 Suscepti
631 4552 699 4591 cura
717 4535 862 4600 resiminis
881 4550 930 4589 eor
947 4545 1074 4588 nostrum
1092 4532 1228 4587 continua
1248 4533 1343 4597 pulsat
1361 4533 1493 4587 instantia
1514 4544 1543 4586 ut
1562 4530 1745 4587 solicitudinis
1764 4529 1808 4584 de·

485 4600 559 4674 bitum,
574 4616 605 4670 ad
622 4617 698 4682 quod
717 4616 854 4672 universis
873 4615 999 4671 eeclesiis
1018 4631 1070 4669 nos
1089 4613 1247 4679 apostolice
1274 4615 1414 4668 servitutis
1441 4614 1595 4667 necessitas
1622 4613 1738 4675 obligat.
1767 4628 1809 4665 ea-

486 4698 533 4740 mffl
546 4693 654 4762 singulis,
674 4709 758 4764 prout
777 4699 859 4753 nobis
878 4716 912 4753 ex
931 4698 988 4751 alto
1008 4697 1182 4756 conceditur.
1204 4698 1366 4750 exolvamus
1386 4697 1413 4752 in
1434 4714 1468 4748 eo
1486 4698 1631 4760 potissime
1649 4707 1678 4748 ut
1699 4694 1809 4750 illarum

488 4769 591 4831 retillim
609 4797 662 4845 que
683 4781 803 4844 propriis
824 4790 890 4834 sunt
909 4780 1042 4833 destitute
1063 4779 1226 4843 pastoribus
1248 4781 1375 4839 personis
1398 4780 1500 4831 talibus
1523 4780 1737 4832 committamus.
1760 4793 1811 4839 per

489 4862 577 4935 quamn
596 4862 736 4916 solertiam
758 4863 992 4922 circumspectam
1017 4872 1043 4914 et
1067 4862 1202 4914 solertem
1229 4860 1511 4923 circumspectionem
1538 4861 1656 4913 ecclesie
1684 4858 1809 4922 predicte

491 4942 512 4979 ¹¹¹
523 4935 683 4998 vidualibus
700 4954 727 4998 et
742 4942 946 5006 temporalibus
960 4944 1074 4995 valeant
1090 4942 1235 5005 adaugeri.

518 5010 591 5081 ¹¹¹¹l>tr
608 5026 744 5092 siquidem
763 5025 938 5079 Tornacensi
960 5025 1088 5082 ecclesia,
1109 5042 1160 5086 pro
1181 5024 1310 5088 eoquod
1330 5041 1380 5076 nos
1399 5022 1592 5076 venerabilem
1611 5022 1727 5073 fratrem
1747 5035 1807 5071 nos-

493 5096 708 5171 ¹¹¹¹¹10uitonem
725 5106 970 5174 Cameracensem,
987 5116 1053 5162 tunc
1069 5106 1280 5161 Tornacensem
1310 5104 1482 5173 episcopum,
1512 5105 1576 5160 licet
1606 5102 1762 5166 absentem,
1790 5118 1807 5153 a
