4409 6017
902 708 1058 775 Neuviema
1079 710 1182 775 annes.
1669 714 1724 777 541

409 862 450 928 ln
475 883 504 928 e.
527 883 572 928 m.
596 860 710 928 abbati
733 858 927 926 monasterii
951 860 982 926 S.
1007 857 1122 925 Vitoni
1146 854 1364 924 Virdunensis
1385 868 1420 924 et
1453 857 1652 927 Rembaudo
1684 862 1726 928 de

357 966 560 1052 Scarampis,
576 963 778 1032 cancellario
793 962 1025 1049 Lingonensis,
1041 982 1081 1029 ac
1096 962 1199 1028 Petro
1214 962 1256 1029 de
1273 961 1415 1048 Vigono,
1432 964 1596 1031 canonico
1610 964 1725 1032 Nova·

356 1071 483 1137 riensis
498 1070 725 1137 ecclesiarum.

397 1209 460 1270 Reg.
476 1211 523 1257 Av.
538 1211 578 1267 22,
593 1208 611 1257 f.
626 1208 673 1256 321
687 1223 693 1265 ;
706 1207 765 1257 Vnt.
780 1207 820 1266 78,
835 1206 852 1255 i.
868 1208 925 1266 2111,
940 1220 965 1255 n.
982 1207 1038 1255 712.

410 1404 516 1467 1455.
537 1440 582 1451 -
606 1401 727 1468 Eidem
747 1400 893 1479 Johanni
918 1408 1106 1466 reservatur
1130 1398 1276 1485 dignitas
1290 1401 1346 1466 vel
1363 1411 1564 1488 personatus
1579 1424 1638 1470 seu
1654 1404 1726 1471 offi-

355 1508 455 1574 cium
470 1507 503 1571 in
519 1506 662 1572 ecclesia
673 1504 885 1586 Virdunensi,
901 1504 1171 1571 consideratione
1186 1503 1362 1587 Johannis,
1377 1506 1463 1591 regis
1479 1505 1628 1575 Boemie.

408 1609 615 1676 Litterarum
629 1608 804 1676 scientia...

407 1714 489 1781 Dat.
504 1713 605 1780 Avin.
623 1715 641 1779 8
657 1711 724 1779 kal.
740 1712 927 1780 decembris
942 1732 1034 1779 anno
1052 1734 1082 1794 9.

408 1817 450 1884 In
466 1839 496 1884 e.
512 1839 557 1884 m.
572 1818 686 1884 abbati
703 1816 899 1884 monasterii
923 1817 955 1882 S.
980 1815 1096 1883 Vitoni
1114 1815 1331 1884 Virdunensis
1355 1838 1395 1885 ac
1421 1818 1576 1887 Rolando
1591 1822 1633 1887 de
1650 1823 1725 1889 Sca-

355 1922 679 2010 rampispnstensis,
694 1942 735 1988 ac
753 1919 902 2000 Johanni
921 1920 968 2015 ‘de
992 1919 1214 2007 Castagnolis,
1238 1920 1402 2007 Spirensis
1426 1924 1596 1991 canonicis
1619 1929 1725 1993 eccle·

356 2047 500 2094 siarum.

394 2164 458 2226 neg.
474 2167 521 2214 nv.
534 2167 574 2224 22,
589 2164 608 2214 r.
623 2165 670 2213 ris
683 2181 689 2222 ;
704 2164 761 2215 vat.
777 2166 817 2224 ra,
831 2164 850 2216 r.
865 2166 922 2223 ara,
936 2178 960 2213 n.
976 2166 1032 2215 805.

408 2343 555 2429 1456.
1327 2382 1423 2447 1324,
1439 2363 1485 2426 28
1498 2366 1679 2431 novembre.

407 2461 521 2542 Helie,
541 2464 653 2529 electo
667 2462 882 2546 Tornacensi,
909 2471 1106 2551 prorogatur
1131 2463 1175 2530 ad
1198 2485 1301 2531 unum
1323 2486 1450 2532 annum
1472 2468 1634 2534 terminus
1656 2490 1725 2534 sus-

355 2565 528 2651 ceptionis
543 2586 712 2633 sacrorum
728 2566 883 2633 ordinum
898 2575 933 2634 et
953 2566 1226 2635 consecrationis.

408 2668 543 2734 Sincere
559 2678 650 2736 tue...

405 2771 487 2838 Dat.
502 2772 602 2838 Avin.
618 2795 639 2859 4
654 2771 721 2840 kal.
736 2774 923 2841 decembris
937 2795 1028 2841 anno
1045 2795 1074 2855 9.

394 2907 456 2968 neg.
470 2910 518 2959 nv.
530 2911 570 2971 21,
585 2911 604 2959 r.
616 2912 663 2959 362
676 2927 682 2969 ;
696 2910 755 2962 rat.
765 2913 803 2970 rs,
817 2913 835 2961 r.
847 2913 888 2971 oa,
902 2927 927 2961 n.
940 2913 996 2962 eoo.

411 3090 554 3175 1457.
1353 3136 1448 3201 1324,
1466 3138 1483 3181 1
1502 3119 1680 3183 de'cernbre.

407 3205 513 3274 Priori
529 3216 565 3274 et
576 3208 730 3276 fratribus
746 3210 922 3300 hospitalis
937 3214 980 3281 de
996 3215 1262 3305 Santingheveld
1274 3219 1370 3306 juxta
1386 3218 1602 3302 Wizantram,
1620 3220 1724 3287 Mori·

357 3310 477 3376 nensis
491 3310 643 3395 diocesis,
659 3313 783 3381 dantur
806 3324 968 3403 tanquam
993 3331 1249 3389 conservatores
1271 3325 1374 3389 abbas
1394 3323 1587 3389 monasterii
1609 3327 1644 3391 S.
1661 3324 1725 3390 Ve-

356 3413 448 3480 dasti
475 3416 710 3484 Atrebatensis
735 3427 770 3485 et
797 3418 1046 3491 Cameracensis
1066 3447 1108 3493 ac
1127 3428 1159 3493 S.
1184 3425 1323 3493 Martini
1346 3426 1594 3493 Londoniensis
1617 3431 1724 3495 eccle-

358 3517 486 3584 siarum
500 3519 631 3587 decani.

405 3622 462 3689 Ad
476 3623 543 3689 hoc
558 3645 621 3691 nos
638 3626 769 3693 Deus...

407 3725 487 3793 Dat.
503 3727 604 3795 Avin.
619 3727 773 3798 kalendis
788 3732 975 3802 decembris
990 3757 1080 3805 anno
1097 3759 1127 3821 9.

395 3862 456 3923 Reg.
466 3864 514 3912 Ar.
525 3866 564 3923 22,
577 3866 595 3914 f.
612 3867 664 3926 173,
678 3882 703 3919 n.
718 3871 766 3917 928
779 3886 784 3927 ;
797 3871 857 3922 Vnt.
873 3874 912 3933 78,
927 3874 945 3925 i.
962 3877 1029 3935 1521,
1042 3891 1067 3925 n.
1080 3879 1137 3926 467.

408 4049 554 4134 1458·
1353 4099 1449 4163 1324,
1465 4079 1489 4141 8
1503 4080 1680 4144 decembre.

407 4166 557 4234 Roberto
574 4168 695 4238 Muleti
712 4174 929 4244 confirmatur
944 4179 987 4245 ad
1003 4180 1199 4247 instantiam
1217 4183 1394 4263 Bochardi,
1418 4183 1551 4248 comitis
1569 4182 1724 4248 Vindoci-

360 4272 485 4353 nensis,
495 4271 712 4343 Camotensis
728 4277 882 4364 diocesis,
899 4285 1038 4351 collatio
1048 4287 1267 4354 canonicatus
1277 4287 1417 4355 ecclesie
1430 4285 1649 4352 Nivemensis
1665 4289 1725 4352 sub

359 4377 599 4461 expectatione
611 4375 792 4467 prebende,
805 4384 896 4452 facta
906 4387 960 4454 die
973 4408 991 4470 9
1004 4388 1071 4456 kal.
1083 4390 1271 4458 decembris
1282 4413 1372 4457 anno
1385 4411 1402 4476 7
1416 4393 1474 4476 (¹),
1485 4410 1553 4455 non
1569 4394 1725 4457 obstante

358 4478 454 4563 quod
464 4479 498 4545 in
514 4484 656 4550 ecclesia
671 4485 713 4552 de
730 4486 844 4554 Insula
855 4489 889 4555 in
901 4490 929 4556 F
930 4494 1068 4576 landria,
1080 4494 1304 4563 Tornacensis
1321 4496 1474 4577 diocesis,
1489 4495 1726 4562 canonicatum

358 4592 396 4647 et
420 4586 628 4670 prebendam
651 4590 849 4669 obtinebat:
872 4595 907 4661 in
931 4617 997 4681 qua
1017 4600 1200 4666 collatione
1223 4600 1352 4666 mentio
1372 4600 1461 4665 sacta
1476 4620 1545 4666 non
1562 4599 1668 4665 fuerat
1684 4599 1726 4665 de

358 4697 546 4774 personatu
562 4694 702 4759 ecclesie
714 4694 756 4760 de
775 4694 889 4776 Mella,
907 4698 1159 4769 Cameracensis
1169 4704 1324 4783 diocesis,
1335 4726 1436 4788 quem
1452 4703 1541 4770 idem
1560 4702 1726 4768 Robertus

359 4792 486 4857 inscius
501 4795 704 4879 possidebat.

405 4895 435 4960 T
438 4917 478 4961 ue
495 4899 711 4983 probitatis...

396 5146 418 5192 1.
433 5142 496 5204 Voy.
509 5157 536 5195 n.
553 5147 623 5196 1108.
