4409 6017
507 747 562 811 182
1042 748 1198 812 Deuxibme
1219 748 1321 812 annis.

507 899 657 983 placeret
682 897 773 962 dicta
798 897 982 976 submissio,
998 917 1094 982 pares
1120 896 1200 962 dicti
1225 896 1316 982 regni
1342 895 1492 977 Francie,
1511 896 1612 961 frater
1636 916 1678 961 ac
1701 896 1804 981 patrui
1816 895 1858 959 tui

508 1000 663 1084 regieque
682 1001 771 1065 curie
787 1000 924 1065 officiati
942 1000 1177 1085 promitterent
1192 1008 1227 1065 te
1243 1009 1277 1065 et
1293 1020 1501 1066 successores
1515 1008 1602 1079 tuos,
1614 1019 1709 1084 reges
1726 997 1859 1074 Fraude,
1903 1041 1905 1063 2

509 1104 564 1187 qui
581 1113 692 1169 essent
708 1125 769 1189 pro
785 1112 948 1190 tempore,
965 1104 990 1168 si
1007 1111 1125 1169 contra
1141 1104 1384 1169 conventiones
1406 1103 1565 1168 veniretis
1588 1102 1736 1182 easdem,
1752 1102 1857 1186 aliqua·
1903 1123 1905 1130 ·

508 1216 608 1272 tenus
623 1227 690 1272 non
710 1209 836 1292 juvare,
850 1227 912 1272 nec
936 1208 1030 1272 vobis
1058 1207 1251 1292 impendere
1267 1208 1436 1287 auxilium,
1452 1206 1627 1272 consilium
1643 1207 1699 1271 vel
1716 1206 1856 1277 favorem,

509 1311 589 1395 quin
603 1312 708 1376 immo
716 1320 751 1375 te
761 1311 803 1376 ad
815 1311 966 1396 predicta
976 1312 1218 1396 compellerent
1234 1310 1441 1375 observanda
1456 1318 1491 1375 et
1507 1311 1540 1373 in
1557 1330 1599 1375 eo
1615 1330 1695 1376 casu
1710 1310 1818 1376 comiti
1832 1319 1857 1372 et

508 1415 803 1479 communitatibus
819 1415 1010 1479 assisterent
1026 1414 1218 1479 memoratis
1244 1422 1279 1479 et
1301 1434 1321 1479 a
1340 1415 1531 1499 juramento
1546 1413 1718 1479 fidelitatis
1734 1434 1798 1497 quo
1811 1412 1857 1476 trbi
1903 1441 1905 1448 ·

510 1527 668 1583 tenentur
684 1518 820 1597 astricti,
837 1526 948 1583 essent
968 1518 1086 1582 eodem
1104 1538 1182 1582 casu
1197 1518 1329 1603 penitus
1344 1518 1497 1583 absoluti.
1509 1516 1747 1582 Procuratores
1763 1523 1859 1580 auten
1901 1457 1905 1626 i

510 1623 557 1687 tui
580 1622 762 1707 petitiones
787 1620 953 1708 predictas
972 1621 1070 1686 nimis
1085 1620 1239 1686 difficiles
1253 1629 1448 1707 reputantes
1463 1629 1498 1686 et
1513 1640 1640 1705 graves,
1657 1618 1861 1705 procuratori·
1903 1633 1905 1655 ³

511 1730 573 1791 bus
584 1737 597 1759 ‘¹
610 1726 742 1791 comitis
752 1734 787 1790 et
803 1725 1084 1790 communitatum
1097 1723 1320 1810 predictarum
1330 1745 1395 1808 que
1406 1733 1563 1790 secuntur
1572 1744 1633 1809 pro
1645 1722 1864 1790 securitatibus

511 1831 715 1909 obtulerunt,
731 1829 858 1894 scilicet
875 1829 964 1912 quod
980 1838 1016 1892 tu
1034 1828 1149 1893 comiti
1161 1837 1195 1892 et
1211 1829 1474 1894 comunitatibus
1489 1828 1568 1914 ipsis
1582 1830 1688 1893 bonas
1703 1828 1828 1892 litteras
1839 1835 1865 1888 et

512 1932 717 1998 sufficientes
732 1932 934 1998 concederes
950 1932 983 1996 in
997 1932 1116 2016 quibus
1127 1951 1189 2018 pro
1200 1940 1235 1996 te
1259 1941 1294 1996 et
1319 1932 1563 1997 successoribus
1583 1930 1780 1996 memoratis
1803 1949 1867 2015 pro

514 2036 664 2099 mitteres
676 2037 766 2100 bona
782 2035 846 2100 fide
862 2035 1104 2100 conventiones
1119 2034 1273 2121 prefatas,
1282 2044 1382 2120 prout
1397 2043 1485 2115 sunt,
1498 2035 1636 2099 firmiter
1651 2036 1826 2099 observare
1841 2042 1869 2095 et

513 2147 631 2204 contra
646 2160 703 2203 eas
718 2160 777 2224 per
792 2147 827 2204 te
842 2140 895 2202 vel
912 2158 972 2224 per
986 2139 1087 2203 alium
1104 2159 1172 2204 non
1188 2140 1320 2217 venire;
1338 2138 1427 2222 quod
1443 2139 1469 2204 si
1494 2138 1578 2203 forte
1602 2137 1669 2203 hoc
1693 2159 1763 2202 non
1790 2134 1870 2201 suffi-

515 2250 615 2322 ceret,
640 2241 768 2306 certas*
794 2263 871 2307 cum
895 2241 1072 2308 sufficienti
1103 2249 1272 2327 potestate
1298 2241 1477 2327 deputares
1500 2261 1661 2328 personas
1684 2262 1751 2325 que
1773 2240 1873 2306 dictas

512 2346 757 2411 conventiones
781 2346 813 2409 in
837 2345 983 2410 animam
1009 2354 1102 2410 tuam
1116 2347 1265 2431 jurarent
1284 2346 1426 2410 fideliter
1441 2354 1476 2411 et
1491 2345 1630 2410 firmiter
1652 2347 1829 2411 observare
1844 2352 1873 2408 et

512 2457 630 2515 contra
646 2470 703 2513 eas
720 2450 752 2512 in
769 2450 882 2533 aliquo
897 2469 965 2513 non
981 2449 1106 2529 venire,
1117 2450 1273 2533 quodque
1288 2470 1481 2535 procurares
1496 2448 1640 2514 fideliter
1655 2457 1690 2514 et
1705 2469 1768 2535 pro
1783 2468 1874 2535 posse

513 2553 604 2637 quod
627 2552 729 2616 frater
750 2561 785 2617 et
808 2552 875 2618 duo
899 2554 1007 2638 patrui
1025 2553 1072 2617 tui
1090 2561 1125 2617 et
1141 2552 1241 2636 aliqui
1258 2552 1300 2618 de
1324 2554 1469 2639 prelatis
1485 2554 1619 2638 paribus
1642 2562 1678 2617 et
1701 2552 1876 2617 baronibus

512 2656 592 2722 dicti
609 2656 699 2739 regni
718 2645 857 2721 Francie
873 2665 907 2720 et
931 2655 1129 2721 officialibus
1152 2656 1336 2722 feodalibus
1358 2656 1477 2722 domus
1492 2664 1550 2721 tue
1562 2657 1713 2741 jurarent
1729 2655 1831 2740 quod,
1845 2656 1875 2718 in

513 2781 590 2825 casu
619 2767 654 2824 et
679 2780 745 2823 non
768 2761 849 2825 alias
873 2761 906 2825 in
934 2782 1001 2845 quo
1025 2760 1135 2825 dictus
1162 2781 1275 2826 comes
1302 2760 1417 2844 suique
1441 2760 1533 2825 liberi
1549 2781 1589 2826 ac
1604 2760 1832 2827 comunitates
1846 2767 1878 2823 et

514 2864 673 2928 valitores
690 2883 805 2928 eorum
821 2884 938 2949 pacem
966 2866 1071 2949 ipsam
1089 2864 1121 2928 in
1147 2864 1301 2929 omnibus
1317 2872 1351 2928 et
1366 2885 1426 2949 per
1449 2865 1563 2929 omnia
1584 2873 1751 2942 tenerent,
1768 2866 1877 2928 obser-

517 2976 635 3032 varent
651 2977 686 3030 et
702 2967 804 3032 etiarn
821 2968 1053 3053 adimplerent,
1075 2976 1109 3031 et
1125 2968 1180 3032 ubi
1197 2987 1315 3052 pacem
1332 2967 1473 3032 eandem
1489 2967 1640 3033 dicerent
1656 2976 1791 3053 ruptam
1809 2988 1878 3031 esse

515 3072 567 3134 vel
594 3079 709 3135 contra
735 3092 809 3135 eam
834 3072 958 3155 aliquid
983 3078 1234 3155 attemptatum,
1255 3090 1366 3135 coram
1389 3079 1423 3135 te
1445 3080 1479 3135 et
1490 3070 1624 3155 paribus
1639 3070 1831 3144 antedictis,
1847 3072 1878 3134 in

515 3176 647 3240 casibus
674 3176 706 3238 in
733 3176 852 3258 quibus
879 3176 1052 3239 consuevit
1077 3195 1190 3238 coram
1207 3184 1242 3241 te
1259 3184 1293 3237 et
1309 3174 1435 3238 eisdem
1460 3175 1593 3260 paribus
1609 3174 1740 3259 litigari,
1757 3178 1792 3237 in
1810 3177 1881 3240 aliis

514 3298 594 3342 vero
610 3279 741 3343 casibus
757 3299 869 3343 coram
886 3289 921 3343 te
937 3278 1025 3341 viam
1039 3278 1129 3361 juris,
1137 3277 1285 3363 petendo
1302 3278 1470 3357 videlicet,
1481 3278 1700 3363 supplicando
1717 3288 1751 3342 et
1767 3300 1881 3363 prose·

513 3381 658 3465 quend0,
671 3390 705 3446 et
722 3403 789 3446 non
803 3382 892 3462 sacti,
902 3390 1021 3465 utpote
1037 3381 1225 3463 aliqualiter
1238 3380 1424 3445 resistendo
1439 3390 1497 3445 aut
1513 3379 1706 3445 invadendo
1722 3384 1778 3446 vel
1789 3384 1880 3462 alias,

512 3493 737 3569 sequerentur,
755 3495 792 3549 tu
808 3494 842 3549 et
859 3485 919 3570 ipsi
946 3486 1036 3548 illam
1061 3485 1222 3548 teneretis
1248 3492 1283 3548 et
1310 3484 1530 3548 observaretis
1558 3505 1660 3568 seque
1684 3484 1831 3550 facturos
1847 3495 1880 3549 et

512 3598 693 3667 curaturos,
712 3591 802 3652 bona
827 3588 893 3652 fide
916 3587 1157 3672 promitteretis
1173 3587 1263 3670 quod
1286 3595 1322 3650 tu
1342 3594 1375 3651 et
1398 3607 1605 3654 successores
1627 3588 1748 3672 prefati
1774 3588 1880 3673 ipsam

510 3692 679 3770 teneretis,
696 3691 916 3756 observaretis
932 3700 966 3754 et
982 3690 1186 3774 integraliter
1202 3690 1394 3775 impleretis.
1585 3755 1593 3764 .

556 3794 630 3859 Nos
646 3805 759 3859 autem
774 3795 918 3880 partium
943 3795 1088 3879 ipsarum
1112 3793 1311 3858 discordiam
1326 3795 1541 3860 attendentes
1557 3814 1698 3879 quarum
1722 3806 1878 3861 neutram

512 3898 554 3962 ad
580 3897 795 3982 prestandum
823 3898 1017 3962 securitates
1044 3898 1167 3982 petitas
1194 3905 1227 3960 et
1254 3898 1497 3982 acceptandum
1529 3900 1659 3962 oblatas
1683 3906 1880 3982 poteramus

515 4001 681 4079 inducere,
693 4010 727 4064 et
741 4001 990 4066 considerantes
1006 4001 1168 4066 attentius
1183 4000 1327 4084 pericula
1343 4002 1454 4084 gravia
1465 4022 1530 4085 que
1541 4000 1764 4066 verisimiliter
1773 4004 1882 4067 mina-

511 4106 608 4168 batur
637 4104 793 4187 quodque
820 4125 879 4189 per
907 4104 1080 4170 consilium
1106 4112 1256 4167 nostrum
1284 4104 1467 4188 superbiis
1493 4112 1574 4168 tunc
1595 4104 1695 4188 plene
1710 4106 1879 4189 provideri

515 4226 582 4269 non
600 4214 744 4290 poterat,
757 4227 833 4270 cunr
851 4206 930 4270 illud
946 4206 1034 4270 dicte
1050 4214 1162 4289 partes
1178 4227 1218 4268 ex
1236 4205 1340 4269 forma
1363 4206 1597 4270 conventionis
1620 4206 1704 4270 inite
1720 4207 1879 4272 intereas

417 4300 419 4305 ¹
515 4309 607 4392 sequi
624 4309 762 4373 minime
779 4318 981 4385 tenerentur,
999 4307 1185 4392 hujusmodi
1210 4308 1264 4372 via
1290 4329 1449 4394 suspensa
1465 4309 1605 4388 consilii,
1621 4329 1684 4374 nos
1700 4308 1745 4374 ad
1760 4313 1880 4376 amica-

513 4412 614 4476 bilem
630 4418 810 4477 tractatum
827 4412 1054 4477 convertimus
1077 4413 1109 4474 in
1127 4432 1193 4494 quo
1210 4412 1478 4496 procuratoribus
1494 4411 1626 4476 comitis
1641 4421 1676 4476 et
1692 4416 1878 4478 communi-

512 4522 619 4579 tatum
648 4516 793 4600 ipsarum
818 4515 1014 4579 securitates
1036 4515 1127 4592 alias,
1145 4515 1222 4578 licet
1248 4515 1308 4578 tibi
1334 4535 1451 4599 graves
1478 4524 1512 4579 et
1538 4515 1698 4593 insolitas,
1715 4536 1756 4579 ex
1783 4520 1877 4583 nobis

512 4618 667 4683 duximus
692 4619 888 4695 offerendas
916 4639 998 4701 quas
1022 4625 1137 4682 tamen
1163 4619 1261 4683 iidem
1290 4625 1522 4703 procuratores
1549 4629 1791 4686 recusaverunt
1822 4622 1876 4686 ad-

512 4721 655 4800 mittere,
672 4721 733 4785 nisi
750 4722 814 4785 alia
829 4722 990 4785 nonnulla
1007 4722 1201 4804 fierentque
1218 4722 1356 4785 fratrum
1367 4729 1557 4786 nostrorum
1579 4730 1614 4786 et
1632 4724 1876 4808 quamplurium

513 4825 653 4888 aliorum
679 4825 861 4909 peritorum
890 4825 1029 4889 consilio
1056 4845 1189 4908 prorsus
1214 4824 1478 4889 inconcessibilia
1503 4824 1711 4890 videbantur.
1737 4825 1877 4913 Propter

511 4927 601 5010 quod
617 4948 715 5012 super
730 4927 792 4991 hiis
808 4948 883 4992 cum
907 4928 1077 4991 nonnullis
1098 4949 1139 4990 ex
1156 4926 1281 4990 eisdem
1309 4926 1462 4990 fratribus
1489 4927 1610 4991 nostris
1634 4926 1875 4993 deliberatione

538 5161 562 5193 rr.
574 5149 751 5207 procuratores
764 5160 812 5206 req.
823 5173 854 5178 -
867 5144 891 5191 n.
902 5146 930 5191 in
940 5152 1022 5192 certas
1034 5161 1084 5207 rep.
