4409 6017
903 707 1049 789 septime
1068 708 1173 774 annio.
1662 709 1725 774 440

407 851 552 939 1203.
818 884 820 888 '
1439 890 1532 953 1323,
1556 892 1574 954 4
1591 869 1679 951 juin.

402 972 585 1042 Francisco
601 976 643 1041 de
659 975 785 1062 Dayno
800 975 970 1042 confertur
996 975 1215 1042 canonicatus
1240 976 1381 1041 ecclesie
1405 974 1619 1054 Nivellensis,
1640 973 1724 1040 Leo-

350 1076 484 1143 diensis
497 1078 650 1159 diocesis,
667 1082 727 1145 sub
743 1079 981 1166 expectatione
995 1079 1175 1165 prebende,
1189 1100 1258 1145 non
1268 1081 1425 1145 obstante
1438 1078 1529 1164 quod
1538 1078 1571 1141 in
1585 1079 1726 1143 ecclesia

352 1179 562 1262 vastinensi,
579 1182 796 1249 Bituricensis
811 1182 964 1265 diocesis,
982 1184 1219 1250 canonicatum
1234 1190 1269 1248 et
1284 1183 1490 1269 prebendam
1507 1182 1649 1248 obtinet.

403 1283 585 1351 Probitatis
602 1295 701 1352 tue...

401 1388 482 1454 Dat.
500 1390 600 1454 Avin.
619 1411 637 1455 2
655 1410 735 1455 non.
750 1390 835 1475 junii
852 1409 942 1455 anno
960 1409 989 1475 7.

401 1491 443 1555 In
459 1513 488 1557 e.
504 1513 549 1557 rn.
565 1493 677 1558 abbati
695 1492 890 1559 monasterii
914 1492 956 1559 de
982 1492 1106 1573 Villari,
1132 1492 1329 1560 Leodiensis
1353 1494 1507 1575 diocesis,
1532 1503 1567 1558 et
1589 1493 1724 1558 thesau-

350 1595 445 1659 rario
462 1594 684 1679 Lingonensis
699 1617 739 1661 ac
754 1596 934 1662 scolastico
950 1594 1202 1664 Cameracensis
1218 1598 1448 1664 ecclesiarum.

394 1736 455 1795 lleg.
468 1739 516 1785 Av.
530 1738 566 1795 10,
580 1736 598 1785 f.
616 1738 681 1793 1791,
691 1752 716 1785 n.
734 1738 794 1785 1091
809 1752 815 1785 :
830 1736 888 1786 liat.
903 1739 942 1796 75,
955 1737 972 1784 f.
985 1738 1073 1794 10“’,η,
1085 1740 1156 1787 1090.

409 1923 1517 2018 12041323,
1540 1957 1580 2000 [ο
1595 1935 1682 2017 juin.

405 2039 548 2107 Girardo
571 2042 613 2107 de
636 2040 882 2107 Grandimonte
913 2039 1083 2105 confertur
1113 2042 1331 2108 canonicatus
1355 2040 1497 2107 ecclesie
1525 2038 1728 2105 Morinensis

356 2145 423 2209 sub
442 2145 679 2231 expectatione
695 2143 876 2231 prebende,
896 2164 966 2210 non
988 2146 1146 2209 obstante
1170 2145 1261 2229 quod
1277 2145 1311 2209 in
1327 2144 1415 2209 villis
1439 2144 1482 2209 de
1507 2142 1604 2229 Rupe
1626 2152 1661 2208 et
1684 2143 1726 2208 de

355 2247 533 2333 Plavafay,
551 2247 783 2334 Lugdunensis
798 2247 951 2326 diocesis,
967 2246 1131 2331 quasdam
1147 2246 1295 2314 decimas
1312 2249 1346 2313 in
1361 2247 1564 2313 beneficium
1581 2247 1723 2312 obtinet.

404 2350 608 2417 Litterarum
625 2352 806 2419 scientia...

406 2456 485 2521 Dat.
501 2456 600 2521 Avin.
618 2478 637 2540 4
654 2455 698 2521 id.
711 2456 796 2540 junii
812 2475 903 2521 anno
920 2473 949 2539 7.

404 2559 446 2623 In
462 2580 490 2625 e.
507 2580 551 2625 rn.
567 2559 697 2625 decano
713 2558 897 2641 Belnensis,
915 2558 1081 2625 Eduensis
1096 2558 1250 2639 diocesis,
1266 2565 1301 2623 et
1318 2559 1490 2644 preposito
1506 2579 1547 2625 ac
1560 2558 1720 2623 archidia-

355 2683 451 2731 cono
465 2663 702 2729 Ambianensis
717 2664 943 2730 ecclesiarum.

394 2802 459 2862 neg.
471 2804 518 2851 xv.
532 2803 570 2860 rs,
586 2803 604 2850 r.
617 2804 664 2849 297
678 2802 754 2859 wat.
769 2804 809 2862 rs,
823 2802 842 2851 r.
858 2805 897 2862 rr,
909 2817 935 2853 n.
952 2803 1023 2852 1181.

408 2989 554 3073 1205·
1420 3015 1574 3078 1523,12
1591 2994 1679 3077 juin.

408 3106 560 3173 Martino
576 3105 686 3172 Bentii
702 3106 745 3173 de
771 3105 895 3171 Cherio
921 3103 1091 3170 confertur
1116 3102 1336 3168 canonicatus
1359 3100 1500 3166 ecclesie
1527 3097 1724 3165 Leodiensis

355 3213 424 3279 sub
441 3211 679 3297 expectatione
695 3207 876 3297 prebende.

405 3313 592 3382 Laudabile
603 3312 878 3380 testimonium...

406 3420 487 3484 Dat.
503 3418 604 3483 Avin.
622 3439 639 3482 2
657 3416 700 3484 id.
715 3416 799 3502 junii
816 3437 907 3482 anno
925 3436 954 3501 7.

406 3521 449 3587 In
473 3543 502 3586 e.
525 3542 571 3586 m.
593 3520 705 3586 abbati
731 3519 923 3585 monasterii
947 3518 978 3583 S.
1003 3518 1174 3583 Laurentii
1203 3525 1297 3581 extra
1322 3536 1435 3581 muros
1462 3516 1668 3581 Leodienses
1692 3523 1727 3578 et

356 3626 536 3714 preposito
551 3623 589 3690 B.
608 3623 715 3689 Marie
731 3623 773 3688 de
789 3621 922 3704 Cherio,
939 3621 1155 3687 Taurinensis
1179 3620 1334 3701 diocesis,
1356 3642 1395 3686 ac
1423 3620 1563 3685 Homini
1587 3620 1629 3685 dc
1648 3620 1727 3683 Pre-

356 3727 459 3807 tolio,
475 3726 638 3792 canonico
653 3724 852 3791 Tridentine
868 3725 1095 3791 ecclesiarum.

395 3865 458 3925 Reg.
474 3866 522 3913 Av.
538 3865 574 3922 19,
587 3864 606 3912 f.
621 3864 668 3911 228
682 3880 687 3910 :
702 3864 763 3913 Vat.
774 3866 811 3919 75,
825 3862 844 3911 f.
857 3865 896 3920 98,
911 3877 936 3912 n.
953 3864 1023 3911 1260.

410 4034 556 4116 1206
1433 4067 1527 4130 1323,
1545 4068 1586 4111 12
1596 4047 1684 4129 juin.

404 4151 598 4231 Guillelmo,
609 4152 723 4217 comiti
736 4153 906 4232 Hanonie,
920 4151 1097 4218 mandatur
1113 4160 1278 4236 quatenus
1294 4150 1440 4215 destinet
1455 4152 1498 4217 ad
1514 4172 1637 4238 papam
1653 4173 1727 4238 per-

359 4277 482 4323 sonam
508 4255 713 4321 sufficienter
740 4258 938 4322 instructam
964 4256 1007 4321 ad
1033 4255 1255 4336 laborandum
1281 4255 1469 4319 liberationi
1499 4254 1727 4337 Mathehudis,

362 4360 559 4448 principisse
575 4360 726 4445 Achaye,
743 4360 944 4427 consobrine
961 4381 1029 4426 sue.

409 4535 426 4575 <r
445 4510 561 4577 Nobili
578 4511 649 4575 viro
671 4509 861 4590 Guillelmo,
878 4513 994 4577 comiti
1020 4513 1163 4578 Anonie.
1181 4513 1341 4599 Benigne,
1365 4514 1410 4577 fili
1425 4524 1449 4593 ⁶,
1465 4515 1648 4581 nobilitatis
1670 4526 1728 4581 tue

361 4616 551 4702 recepimus
575 4615 702 4680 litteras
725 4637 807 4700 quas
834 4638 894 4701 pro
919 4616 1116 4682 liberatione
1138 4618 1263 4683 ¹dilecte
1295 4617 1362 4681 filie
1393 4617 1491 4683 nobis
1521 4618 1553 4682 in
1585 4618 1727 4701 Christo,

361 4720 485 4787 nobilis
510 4718 656 4784 mulieris
673 4718 902 4800 Mathehudis,
930 4721 1124 4806 principisse
1151 4723 1278 4805 Acaye‚
1304 4722 1504 4788 consobrine
1536 4732 1605 4803 tue,
1633 4725 1729 4790 nobis

359 4823 496 4890 noviter
514 4822 699 4888 destinasti.
717 4823 802 4887 Sane
819 4845 917 4909 super
933 4825 998 4890 hoc
1021 4825 1096 4905 tuis,
1115 4826 1171 4904 fili,
1188 4827 1322 4910 placere
1347 4826 1520 4892 affectibus
1547 4829 1728 4914 cupientes,

361 4926 571 4993 carissimum
587 4925 621 4989 in
638 4926 771 4991 Christo
789 4928 893 4993 filiurn
909 4938 1062 4994 nostrum
1082 4932 1279 5010 Robertum‚
1296 4950 1408 5015 regem
1426 4931 1538 4996 Sicilie
1555 4932 1728 5015 illustrem,

399 5152 424 5182 n.
439 5135 491 5182 filie
504 5149 556 5197 req.

420 5251 525 5291 Analecta
533 5250 728 5302 vaticano-belgica.
742 5252 771 5290 11.
