4409 6017
890 460 1047 528 Deuxilme
1069 460 1171 527 annea.

403 616 505 701 Digne
520 635 659 700 agere...

402 719 473 784 Dat.
489 718 587 783 Asin.
606 723 623 782 6
639 717 705 782 kal.
722 716 801 780 maii
817 735 906 780 anno
925 735 953 778 2.

402 821 435 886 ln
451 844 479 887 e.
496 844 538 886 m.
556 822 587 887 S.
611 820 751 885 Auberti
769 817 1022 883 Cameracensis
1038 824 1073 881 et
1088 815 1308 897 Viconiensis,
1318 817 1553 883 Atrebatensis
1563 816 1713 894 diocesis,

363 926 632 990 monasteriorum
648 924 824 989 abbatibus
839 944 879 988 ac
896 921 1108 1007 Neapoleoni
1125 921 1167 986 de
1181 919 1378 1003 Romangia,
1395 920 1630 986 archidiacono
1649 922 1713 982 Re-

362 1048 468 1094 mensi.

389 1174 443 1236 aeg.
457 1176 507 1223 nv.
521 1176 544 1232 o,
557 1174 578 1223 r.
593 1175 652 1221 loov
664 1190 669 1230 ;
680 1172 738 1221 rat..
751 1174 789 1231 aa,
802 1174 821 1220 r.
836 1174 900 1229 nov,
914 1186 939 1218 n.
950 1173 1019 1218 1455.

309 1358 311 1391 *
396 1343 511 1427 570·
953 1394 955 1399 v
1404 1356 1500 1435 1318,
1516 1356 1558 1417 26
1575 1354 1672 1418 avril.

395 1460 541 1537 Johanni
569 1460 683 1525 Alardi
708 1460 750 1525 de
783 1457 963 1523 Linsemial
996 1457 1165 1523 confertur
1191 1466 1352 1543 perpetua
1385 1458 1571 1544 capellania
1601 1458 1717 1522 altaris

358 1568 389 1630 S.
408 1566 550 1649 Remigii
568 1566 602 1629 in
628 1565 769 1630 ecclesia
794 1563 825 1626 S.
851 1560 1015 1638 Johannis
1041 1560 1257 1645 Evangeliste
1283 1560 1489 1642 Leodiensis,
1513 1581 1637 1627 vacans
1659 1582 1718 1646 per

356 1670 482 1733 obitum
500 1668 662 1753 Gregorii,
679 1667 768 1753 apud
785 1666 905 1730 Sedem
921 1666 1141 1750 apostolicam
1158 1665 1316 1730 defuncti.

395 1773 596 1858 Apostolice
612 1769 884 1836 munificentie...

397 1877 477 1941 Dat.
494 1875 596 1940 Avin.
615 1879 632 1938 6
649 1874 715 1939 kal.
728 1872 806 1937 maii
824 1892 913 1936 anno
932 1892 960 1936 2.

397 1980 436 2044 In
454 2002 482 2044 e.
499 2002 545 2045 m.
562 1981 721 2063 magistro
737 1977 847 2042 Bindo
862 1976 905 2041 de
921 1975 1025 2057 Senis,
1041 1977 1214 2061 preposito
1230 1975 1450 2056 Coloniensis,
1466 1996 1553 2061 pape
1578 1974 1719 2052 notario,

350 2090 386 2145 et
403 2082 518 2146 abbati
534 2081 690 2146 secularis
709 2079 884 2163 Eykensis,
903 2078 1097 2145 Leodiensis
1123 2079 1277 2162 diocesin,
1305 2101 1344 2146 ac
1369 2080 1547 2146 scolastico
1571 2079 1601 2142 S.
1627 2076 1720 2140 Pauli

352 2184 555 2250 Leodiensis
570 2184 797 2250 ecclesiarum.

389 2331 452 2389 neg.
464 2334 513 2382 av.
528 2333 550 2387 o,
563 2331 582 2379 f.
595 2332 659 2381 rio:
673 2329 731 2378 vat
744 2332 782 2389 os,
795 2331 813 2379 l.
828 2332 892 2387 mov,
906 2345 931 2377 n.
946 2332 1014 2378 law.
1081 2323 1083 2328 '

402 2504 512 2587 571.
1415 2522 1508 2602 1318,
1524 2523 1567 2583 26
1583 2523 1681 2587 avril.

404 2622 507 2687 Petro
524 2620 634 2702 Fabri,
645 2621 767 2687 clerico
778 2620 1022 2703 Cameracensi‚
1037 2629 1225 2686 reservatur
1236 2620 1437 2686 beneficium
1453 2624 1724 2704 ecclesiasticum,

356 2725 432 2789 sine
451 2744 529 2789 cura
547 2724 607 2807 (40
623 2724 679 2788 lib.
705 2724 831 2809 paris),
853 2726 895 2790 ad
922 2728 1138 2792 collationem
1163 2726 1310 2811 episcopi
1339 2725 1599 2807 Cameracensis,
1620 2728 1728 2793 consi·

356 2828 536 2893 deratione
559 2825 726 2906 Johanne,
751 2829 920 2893 comitisse
946 2828 1139 2908 Hannonie,
1162 2849 1230 2893 non
1253 2832 1409 2894 obstante
1425 2830 1515 2913 quod
1530 2839 1725 2915 perpetuam

359 2931 522 2996 vicariam
539 2932 572 2994 in
589 2932 730 2997 ecclesia
747 2930 979 2996 Cameracensi
997 2933 1129 2997 obtinet
1145 2940 1180 2997 et
1202 2932 1291 3015 quod
1311 2933 1487 3018 episcopus
1509 2932 1727 2998 Cameracen-

357 3037 405 3101 sis
421 3036 452 3098 ei
469 3035 614 3100 contulit
630 3034 864 3098 canonicatum
880 3042 915 3098 et
930 3036 1135 3120 prebendam
1152 3035 1292 3099 ecclesie
1314 3033 1351 3099 B.
1370 3033 1476 3098 Marie
1492 3038 1726 3120 Antwerpien-

358 3141 415 3218 sis,
434 3137 684 3203 Cameracensis
699 3137 851 3218 diocesis,
868 3160 951 3221 quos
966 3139 1136 3203 dimittere
1152 3140 1330 3204 tenebitur.

408 3243 608 3327 Apostolice
625 3242 760 3306 Sedis...

410 3347 490 3411 Dat.
506 3346 606 3410 Aviu.
622 3351 639 3409 6
655 3346 721 3411 kal.
738 3346 814 3410 maii
832 3368 922 3412 anno
940 3368 968 3411 2.

412 3450 453 3515 In
470 3471 499 3513 e.
516 3471 560 3514 m.
578 3449 609 3514 S.
625 3450 764 3515 Auberti
782 3450 1031 3515 Cameracensis
1047 3463 1081 3515 et
1098 3450 1316 3532 Viconiensis,
1332 3452 1563 3517 Atrebatensis
1578 3453 1730 3532 diocesis,

366 3551 650 3618 monasteriorum
665 3553 840 3618 abbatibus
855 3573 894 3618 ac
911 3552 1124 3639 Neapoleoni
1140 3553 1182 3618 de
1200 3552 1395 3639 Romangia,
1416 3555 1651 3620 archidiacono
1674 3558 1733 3620 mi-

366 3656 443 3721 nori
460 3657 493 3719 in
510 3655 652 3720 ecclesia
670 3654 839 3721 Remensi.

404 3809 466 3868 Reg,
479 3809 527 3854 Ar.
542 3808 579 3863 10,
592 3807 609 3854 f.
623 3809 657 3863 lv,
669 3821 695 3854 n.
710 3808 772 3854 1456
784 3823 789 3855 ι
802 3807 861 3854 l'at.
874 3811 913 3864 ou,
927 3809 943 3854 l.
958 3810 1011 3856 llo.
1026 3823 1049 3856 n.
1063 3810 1135 3855 22⁸8.

416 3986 529 4071 572.
1408 4004 1502 4083 1318,
1528 4019 1570 4084 27
1593 4003 1690 4066 avril.
1790 4057 1793 4062 .

418 4106 597 4170 Francisco
613 4105 745 4169 Colardi
768 4105 937 4169 confertur
960 4106 1177 4169 canonicatus
1199 4106 1339 4171 ecclesie
1356 4106 1386 4170 S.
1405 4106 1586 4170 Salvatoris
1604 4104 1736 4171 Meten-

373 4213 428 4290 siS,
444 4213 505 4275 sub
523 4210 758 4294 expectatione
780 4210 958 4295 prebende,
982 4210 1249 4274 consideratione
1273 4209 1292 4286 J
1296 4212 1440 4290 ohanne,
1457 4211 1625 4276 comitisse
1643 4211 1738 4275 Han-

376 4315 487 4379 nonie.

421 4417 641 4503 Suffragantia
656 4418 757 4481 tibi...

423 4521 500 4585 Dat.
516 4520 615 4583 Avin.
635 4541 650 4604 5
668 4521 734 4585 kal.
752 4522 828 4585 maii
847 4542 936 4585 anno
954 4542 982 4585 2.

424 4622 463 4688 In
479 4646 508 4689 e.
525 4646 569 4689 m.
586 4626 698 4689 abbati
715 4626 906 4690 monasterii
924 4626 954 4690 S.
972 4624 1138 4689 Vincentii
1155 4634 1189 4689 et
1211 4625 1340 4691 decano
1358 4625 1522 4692 Metensis
1548 4646 1587 4690 ac
1614 4625 1742 4701 Jacobo

387 4727 423 4790 de
439 4727 581 4808 Mutina,
597 4730 760 4794 canonico
776 4727 1025 4794 Cameracensis
1038 4729 1265 4794 ecclesiarum.

419 4876 475 4937 ltug.
488 4882 535 4926 Ar.
551 4881 572 4932 ll,
586 4878 604 4924 f,
617 4879 664 4923 348
678 4892 683 4931 ;
698 4876 754 4923 l'nt.
767 4880 804 4930 dn',
819 4878 836 4923 l.
850 4879 914 4935 lldv,
930 4891 954 4924 n.
973 4878 1040 4923 11511.
