4409 6017
896 715 1044 780 Premi‘ere
1064 714 1167 780 annea.
1680 719 1716 784 15

347 852 531 942 prebende,
560 877 629 922 non
656 861 812 926 obstante
837 864 926 946 quod
959 864 992 928 in
1018 863 1218 941 Patraeensi,
1250 862 1458 943 Carnotensi,
1478 863 1715 945 suessionensi,

350 951 470 1021 Pisana
482 967 518 1024 et
528 959 560 1025 S.
571 960 745 1047 Gaugeriei
758 964 1006 1033 Cameracensis
1022 968 1167 1033 ecclesiis
1188 966 1383 1053 prebendas,
1399 976 1433 1032 et
1450 967 1482 1032 in
1500 968 1546 1033 eis
1562 988 1601 1034 ac
1616 970 1715 1054 plebe

352 1056 382 1123 S.
398 1058 561 1146 Stephani
577 1064 621 1129 de
637 1065 748 1149 Prato,
766 1068 973 1137 Pistorieusis
989 1071 1141 1151 diocesis,
1157 1071 1372 1136 canonicatus
1389 1071 1530 1138 obtinet.

394 1164 595 1249 Apostolice
612 1168 714 1237 Sedis.
725 1223 748 1238 ..

395 1266 475 1334 Dat.
493 1268 647 1356 Lugduni
666 1293 684 1357 7
701 1274 744 1341 id.
760 1279 957 1363 septembris
973 1300 1063 1344 anno
1085 1300 1110 1345 1.

395 1369 435 1436 In
462 1395 492 1440 e.
515 1396 559 1441 m.
585 1376 616 1442 S.
633 1378 803 1464 Sepulchri
830 1389 864 1446 et
892 1382 923 1448 S.
946 1383 1085 1447 Auberti
1118 1381 1408 1448 Cameracensium
1438 1382 1716 1448 monasteriorum

357 1477 532 1546 abbatibus
548 1489 584 1546 et
600 1479 778 1549 Franciseo
792 1485 835 1550 de
852 1483 1015 1567 Moliano,
1032 1486 1195 1552 canonico
1211 1485 1434 1553 Laudunensi.

387 1608 449 1669 Bag.
463 1611 512 1659 Ar.
525 1612 579 1671 1,1.
592 1615 623 1660 54
637 1629 643 1670 ;
656 1612 877 1677 11111.63,1.229’,
891 1632 916 1665 11.
929 1619 984 1665 712.

394 1749 481 1833 49.
1294 1770 1389 1853 1316,
1408 1788 1426 1853 7
1442 1772 1629 1858 septembre.

400 1868 577 1955 Stephano
594 1870 770 1938 Villatonis
785 1874 828 1939 de
846 1872 997 1956 Mimate,
1014 1874 1125 1958 legum
1151 1872 1290 1953 doctori,
1307 1874 1480 1960 capellano
1504 1884 1538 1939 et
1567 1874 1715 1950 familiari

358 1970 447 2037 Petri
472 1973 516 2039 de
540 1974 739 2063 Columpna,
766 1977 896 2043 diaconi
921 1978 1104 2059 cardinalis,
1135 1978 1302 2044 confertur
1332 1978 1547 2043 canonicatus
1577 1979 1716 2043 ecclesie

355 2075 386 2141 S.
407 2075 585 2163 Gaugeriei
614 2079 871 2162 Cameracensis
898 2084 958 2147 sub
986 2082 1220 2168 expectatione
1250 2082 1429 2167 prebende,
1460 2102 1528 2146 non
1560 2083 1716 2148 obstante

355 2180 450 2264 quod
464 2182 498 2247 in
516 2181 711 2250 Mimateusi
728 2187 866 2251 ecclesia
881 2186 1018 2252 clericus
1033 2186 1125 2251 chori
1142 2185 1358 2251 beneficiatus
1374 2194 1434 2251 est.

396 2284 472 2350 Tue
487 2286 704 2371 probitatis..

398 2388 479 2455 Dat.
498 2389 650 2475 Lugduni
669 2412 686 2476 7
704 2392 746 2457 id.
762 2393 959 2478 septembris
974 2414 1064 2457 anno
1084 2413 1110 2458 1.

399 2491 442 2557 In
459 2515 489 2560 e.
504 2515 550 2560 m.
566 2496 736 2582 preposito
753 2495 951 2561 Massiliensi
974 2504 1008 2560 et
1023 2497 1257 2562 archidiacono
1288 2495 1558 2576 Ostrevandensi,
1575 2497 1715 2561 Atreba-

353 2598 473 2679 tensiS,
490 2619 529 2664 ae
544 2600 731 2685 precentori
748 2598 959 2666 Mimatensis
975 2601 1196 2666 ecclesiarum.

387 2728 452 2788 neg.
466 2730 515 2776 av.
527 2730 550 2787 a,
562 2729 581 2776 1.
593 2730 652 2777 aarv
665 2745 670 2780 ;
683 2729 742 2778 Vat.
754 2732 793 2789 m,
806 2731 823 2778 1,
836 2732 901 2787 aar,
914 2746 939 2779 n,
953 2732 1006 2777 rra.

398 2875 486 2959 50.
1335 2891 1429 2971 1316,
1447 2909 1467 2974 7
1483 2893 1670 2977 septembre.

399 2993 549 3060 Matthie
564 2994 682 3072 Jacobi
699 2995 741 3060 de
757 2994 930 3073 GuarsinO,
946 2996 1120 3081 capellano
1137 2994 1312 3076 Francisei,
1329 2994 1360 3059 S.
1373 2992 1479 3058 Marie
1489 2996 1520 3057 in
1536 2994 1716 3060 Cosmedin

352 3098 490 3164 diaconi
522 3099 704 3176 cardinalis
743 3098 909 3163 confertur
948 3099 1163 3164 canonicatus
1202 3097 1340 3164 ecclesie
1384 3095 1622 3178 Laudunensis,
1656 3101 1715 3162 sub

354 3202 594 3287 expectatione
609 3202 788 3287 prebende,
800 3223 868 3266 non
885 3205 1040 3267 obstante
1051 3202 1141 3285 quod
1151 3203 1183 3266 in
1195 3201 1333 3267 ecclesia
1344 3200 1509 3285 Hoyensi,
1522 3199 1717 3266 Leodiensis

353 3306 509 3383 diocesis,
525 3306 759 3371 canonicatum
775 3315 810 3370 et
825 3307 1029 3391 prebendam
1045 3307 1186 3371 obtinet.

399 3409 520 3494 Nuper
535 3413 579 3474 ob
595 3418 694 3475 tue...

400 3513 480 3578 Dat.
498 3512 650 3597 Lugduni
668 3533 686 3596 7
703 3513 746 3578 id.
762 3514 960 3598 septembris
976 3534 1065 3578 anno
1087 3535 1112 3578 1.

399 3621 440 3686 In
469 3642 497 3685 e.
524 3641 569 3684 m.
596 3620 725 3684 decano
752 3619 782 3683 S.
801 3619 888 3684 Petri
916 3620 948 3682 in
967 3618 1054 3683 Foro
1072 3618 1282 3696 Laudunensi
1300 3627 1334 3682 et
1350 3618 1512 3700 magistris
1530 3617 1653 3682 Busolo
1675 3617 1717 3681 de

357 3726 488 3804 Panna,
505 3723 735 3800 Tomacensis,
757 3726 930 3808 capellano
948 3743 1044 3807 pape,
1061 3744 1098 3788 ae
1109 3721 1238 3799 Jacobo
1250 3721 1292 3786 de
1303 3720 1455 3802 BrueriiS,
1469 3721 1714 3786 Suessionensis

355 3827 527 3895 canonicis
539 3827 761 3892 ecclesiarum.

389 3958 452 4019 ch.
466 3960 513 4004 Av.
525 3960 548 4014 3,
561 3958 578 4005 f.
591 3959 635 4004 381
651 3972 656 4012 ;
670 3956 728 4004 l'at.
741 3959 780 4013 (33,
793 3957 810 4004 f.
823 3957 879 4013 all,
893 3971 918 4003 n.
931 3958 986 4003 151.

399 4098 478 4181 51.
1342 4110 1436 4192 1316,
1456 4110 1674 4195 7seplembre.

401 4214 568 4292 Jacobino
593 4214 636 4279 de
653 4213 876 4295 Villaravario,
895 4211 1150 4293 Mediolanensi,
1170 4212 1289 4277 clerico
1315 4220 1348 4276 et
1375 4212 1523 4279 familiari
1540 4212 1718 4292 Guillelmi,

359 4321 391 4385 S.
408 4318 543 4384 Nicolai
569 4318 602 4381 in
624 4317 764 4383 Carcere
780 4316 934 4381 Tulliano
957 4316 1086 4381 diaconi
1112 4316 1294 4397 cardinalis,
1316 4316 1484 4381 confertur
1504 4316 1720 4381 canonicatus

360 4423 501 4489 ecclesie
516 4422 548 4487 S.
564 4420 583 4498 J
587 4421 729 4485 ohannis
745 4419 949 4500 Leodiensis,
960 4423 1019 4485 sub
1036 4421 1270 4506 expectatione
1285 4420 1464 4505 prebende,
1476 4441 1543 4484 non
1565 4422 1720 4484 obstante

362 4527 454 4611 quod
485 4527 517 4590 iu
550 4525 689 4591 ecclesia
720 4525 750 4589 S.
768 4524 900 4608 Georgii
931 4525 964 4588 in
995 4525 1119 4610 palatio
1146 4522 1390 4590 Mediolanensi
1420 4524 1654 4589 canonicatum
1686 4531 1720 4589 et

360 4630 566 4715 prebendam
583 4629 724 4693 obtinet.

405 4733 585 4798 Probitatis
601 4742 702 4797 tue...

405 4838 485 4902 Dat.
501 4836 654 4921 Lugduni
673 4855 690 4919 7
708 4835 750 4900 id.
762 4834 958 4921 septembris
973 4856 1063 4900 anno
1083 4855 1110 4900 1.

405 4940 445 5005 In
476 4962 505 5006 e.
537 4961 581 5005 m.
614 4938 814 5022 Maguntine
845 4948 878 5002 et
910 4938 940 5002 S.
957 4938 1090 5022 Georgii
1116 4937 1377 5003 Mediolanensis
1393 4938 1567 5023 prepositis
1590 4960 1628 5003 ac
1651 4958 1722 5002 sco-

366 5044 481 5110 lastico
498 5044 530 5109 S.
547 5043 640 5108 Pauli
657 5042 852 5107 Leodiensis
869 5043 1092 5108 ecclesiarum.

398 5174 458 5234 Reg.
470 5176 518 5222 Aa.
532 5175 554 5232 3,
568 5173 585 5219 f.
598 5175 656 5220 250¹
669 5188 674 5222 :
688 5172 746 5220 l'at.
759 5175 798 5230 63,
810 5172 828 5219 f.
842 5173 907 5228 247¹,
919 5187 945 5218 11.
959 5174 1012 5219 172.
