<?xml version="1.0" encoding="UTF-8"?>
<!DOCTYPE html PUBLIC "-//W3C//DTD XHTML 1.0 Transitional//EN"
    "http://www.w3.org/TR/xhtml1/DTD/xhtml1-transitional.dtd">
<html xmlns="http://www.w3.org/1999/xhtml" xml:lang="en" lang="en">
 <head>
  <title>
</title>
<meta http-equiv="Content-Type" content="text/html;charset=utf-8" />
  <meta name='ocr-system' content='tesseract 3.04.00' />
  <meta name='ocr-capabilities' content='ocr_page ocr_carea ocr_par ocr_line ocrx_word'/>
</head>
<body>
  <div class='ocr_page' id='page_1' title='image "./lettresdejeanxx00xxiigoog_0547.png"; bbox 0 0 4409 6017; ppageno 0'>
   <div class='ocr_carea' id='block_1_1' title="bbox 799 704 1668 777">
    <p class='ocr_par' dir='ltr' id='par_1_1' title="bbox 799 704 1668 777">
     <span class='ocr_line' id='line_1_1' title="bbox 799 704 1668 777; baseline 0.005 -7"><span class='ocrx_word' id='word_1_1' title='bbox 799 766 801 770; x_wconf 87' lang='lat'>.</span> <span class='ocrx_word' id='word_1_2' title='bbox 852 709 1000 777; x_wconf 73' lang='lat' dir='ltr'>Huitibme</span> <span class='ocrx_word' id='word_1_3' title='bbox 1020 711 1122 776; x_wconf 66' lang='lat' dir='ltr'>annea.</span> <span class='ocrx_word' id='word_1_4' title='bbox 1612 704 1668 775; x_wconf 79' lang='lat'>461</span> 
     </span>
    </p>
   </div>
   <div class='ocr_carea' id='block_1_2' title="bbox 308 856 1668 1463">
    <p class='ocr_par' dir='ltr' id='par_1_2' title="bbox 309 856 1668 1051">
     <span class='ocr_line' id='line_1_2' title="bbox 309 856 1668 945; baseline -0.002 -20"><span class='ocrx_word' id='word_1_5' title='bbox 309 866 468 938; x_wconf 65' lang='lat' dir='ltr'>{neantes</span> <span class='ocrx_word' id='word_1_6' title='bbox 491 879 552 945; x_wconf 89' lang='lat' dir='ltr'>per</span> <span class='ocrx_word' id='word_1_7' title='bbox 576 861 821 926; x_wconf 84' lang='lat' dir='ltr'>assecutionem</span> <span class='ocrx_word' id='word_1_8' title='bbox 848 861 972 927; x_wconf 85' lang='lat' dir='ltr'>factam</span> <span class='ocrx_word' id='word_1_9' title='bbox 994 882 1014 926; x_wconf 94' lang='lat' dir='ltr'>a</span> <span class='ocrx_word' id='word_1_10' title='bbox 1035 860 1196 945; x_wconf 85' lang='lat' dir='ltr'>magistro</span> <span class='ocrx_word' id='word_1_11' title='bbox 1211 857 1390 944; x_wconf 89' lang='lat' dir='ltr'>Raynaldo</span> <span class='ocrx_word' id='word_1_12' title='bbox 1416 858 1458 932; x_wconf 96' lang='lat' dir='ltr'>de</span> <span class='ocrx_word' id='word_1_13' title='bbox 1485 857 1561 924; x_wconf 88' lang='lat' dir='ltr'>filiis</span> <span class='ocrx_word' id='word_1_14' title='bbox 1579 856 1668 938; x_wconf 88' lang='lat' dir='ltr'>Ursi,</span> 
     </span>
     <span class='ocr_line' id='line_1_3' title="bbox 309 961 1568 1051; baseline -0.003 -21"><span class='ocrx_word' id='word_1_15' title='bbox 309 964 441 1030; x_wconf 69' lang='lat' dir='ltr'>notario</span> <span class='ocrx_word' id='word_1_16' title='bbox 457 984 554 1049; x_wconf 87' lang='lat' dir='ltr'>pape,</span> <span class='ocrx_word' id='word_1_17' title='bbox 569 963 611 1029; x_wconf 92' lang='lat' dir='ltr'>de</span> <span class='ocrx_word' id='word_1_18' title='bbox 627 965 901 1032; x_wconf 83' lang='lat' dir='ltr'>archidiaconatu</span> <span class='ocrx_word' id='word_1_19' title='bbox 916 965 958 1031; x_wconf 94' lang='lat' dir='ltr'>de</span> <span class='ocrx_word' id='word_1_20' title='bbox 974 964 1153 1051; x_wconf 87' lang='lat' dir='ltr'>Campinia</span> <span class='ocrx_word' id='word_1_21' title='bbox 1168 964 1202 1029; x_wconf 93' lang='lat' dir='ltr'>in</span> <span class='ocrx_word' id='word_1_22' title='bbox 1218 963 1361 1029; x_wconf 87' lang='lat' dir='ltr'>ecclesia</span> <span class='ocrx_word' id='word_1_23' title='bbox 1379 961 1568 1029; x_wconf 91' lang='lat' dir='ltr'>Leodiensi.</span> 
     </span>
    </p>

    <p class='ocr_par' dir='ltr' id='par_1_3' title="bbox 350 1067 817 1152">
     <span class='ocr_line' id='line_1_4' title="bbox 350 1067 817 1152; baseline 0.004 -21"><span class='ocrx_word' id='word_1_24' title='bbox 350 1068 551 1152; x_wconf 84' lang='lat' dir='ltr'>Apostolice</span> <span class='ocrx_word' id='word_1_25' title='bbox 567 1067 817 1136; x_wconf 84' lang='lat' dir='ltr'>liberalitatis...</span> 
     </span>
    </p>

    <p class='ocr_par' dir='ltr' id='par_1_4' title="bbox 351 1171 982 1258">
     <span class='ocr_line' id='line_1_5' title="bbox 351 1171 982 1258; baseline 0 -22"><span class='ocrx_word' id='word_1_26' title='bbox 351 1171 433 1237; x_wconf 90' lang='lat' dir='ltr'>Dat.</span> <span class='ocrx_word' id='word_1_27' title='bbox 448 1173 549 1238; x_wconf 87' lang='lat' dir='ltr'>Avin.</span> <span class='ocrx_word' id='word_1_28' title='bbox 565 1196 584 1258; x_wconf 90' lang='lat'>4</span> <span class='ocrx_word' id='word_1_29' title='bbox 600 1172 667 1239; x_wconf 91' lang='lat' dir='ltr'>kal.</span> <span class='ocrx_word' id='word_1_30' title='bbox 683 1173 831 1240; x_wconf 90' lang='lat' dir='ltr'>octobris</span> <span class='ocrx_word' id='word_1_31' title='bbox 845 1193 936 1239; x_wconf 89' lang='lat' dir='ltr'>anno</span> <span class='ocrx_word' id='word_1_32' title='bbox 952 1174 982 1237; x_wconf 91' lang='lat'>8.</span> 
     </span>
    </p>

    <p class='ocr_par' dir='ltr' id='par_1_5' title="bbox 308 1270 1666 1463">
     <span class='ocr_line' id='line_1_6' title="bbox 351 1270 1666 1360; baseline -0.002 -20"><span class='ocrx_word' id='word_1_33' title='bbox 351 1274 392 1341; x_wconf 92' lang='lat' dir='ltr'>In</span> <span class='ocrx_word' id='word_1_34' title='bbox 409 1298 438 1341; x_wconf 92' lang='lat' dir='ltr'>e.</span> <span class='ocrx_word' id='word_1_35' title='bbox 455 1298 500 1343; x_wconf 86' lang='lat' dir='ltr'>m.</span> <span class='ocrx_word' id='word_1_36' title='bbox 516 1275 658 1343; x_wconf 92' lang='lat' dir='ltr'>Bobono</span> <span class='ocrx_word' id='word_1_37' title='bbox 679 1276 844 1355; x_wconf 89' lang='lat' dir='ltr'>Johannis</span> <span class='ocrx_word' id='word_1_38' title='bbox 865 1274 1015 1343; x_wconf 92' lang='lat' dir='ltr'>Bobonis</span> <span class='ocrx_word' id='word_1_39' title='bbox 1029 1282 1064 1339; x_wconf 90' lang='lat' dir='ltr'>et</span> <span class='ocrx_word' id='word_1_40' title='bbox 1080 1274 1252 1360; x_wconf 92' lang='lat' dir='ltr'>Stephano</span> <span class='ocrx_word' id='word_1_41' title='bbox 1267 1272 1310 1338; x_wconf 91' lang='lat' dir='ltr'>de</span> <span class='ocrx_word' id='word_1_42' title='bbox 1334 1272 1448 1339; x_wconf 89' lang='lat' dir='ltr'>Insula</span> <span class='ocrx_word' id='word_1_43' title='bbox 1463 1292 1504 1338; x_wconf 93' lang='lat' dir='ltr'>ac</span> <span class='ocrx_word' id='word_1_44' title='bbox 1519 1270 1537 1349; x_wconf 95' lang='lat' dir='ltr'>J</span> <span class='ocrx_word' id='word_1_45' title='bbox 1542 1272 1666 1337; x_wconf 92' lang='lat' dir='ltr'>ohanni</span> 
     </span>
     <span class='ocr_line' id='line_1_7' title="bbox 308 1375 1462 1463; baseline -0.006 -17"><span class='ocrx_word' id='word_1_46' title='bbox 308 1376 349 1446; x_wconf 80' lang='lat' dir='ltr'>le</span> <span class='ocrx_word' id='word_1_47' title='bbox 366 1377 518 1461; x_wconf 86' lang='lat' dir='ltr'>Flaiano,</span> <span class='ocrx_word' id='word_1_48' title='bbox 535 1381 706 1447; x_wconf 89' lang='lat' dir='ltr'>canonicis</span> <span class='ocrx_word' id='word_1_49' title='bbox 720 1380 857 1446; x_wconf 89' lang='lat' dir='ltr'>basilice</span> <span class='ocrx_word' id='word_1_50' title='bbox 874 1378 1037 1463; x_wconf 89' lang='lat' dir='ltr'>Principis</span> <span class='ocrx_word' id='word_1_51' title='bbox 1051 1379 1282 1463; x_wconf 88' lang='lat' dir='ltr'>apostolorum</span> <span class='ocrx_word' id='word_1_52' title='bbox 1297 1376 1340 1442; x_wconf 89' lang='lat' dir='ltr'>de</span> <span class='ocrx_word' id='word_1_53' title='bbox 1357 1375 1462 1442; x_wconf 88' lang='lat' dir='ltr'>Urbe.</span> 
     </span>
    </p>
   </div>
   <div class='ocr_carea' id='block_1_3' title="bbox 339 1548 958 1611">
    <p class='ocr_par' dir='ltr' id='par_1_6' title="bbox 339 1548 958 1611">
     <span class='ocr_line' id='line_1_8' title="bbox 339 1548 958 1611; baseline -0.002 -14"><span class='ocrx_word' id='word_1_54' title='bbox 339 1548 403 1611; x_wconf 84' lang='lat' dir='ltr'>Beg.</span> <span class='ocrx_word' id='word_1_55' title='bbox 418 1554 466 1598; x_wconf 80' lang='lat' dir='ltr'>Ar.</span> <span class='ocrx_word' id='word_1_56' title='bbox 481 1553 520 1609; x_wconf 79' lang='lat'>20,</span> <span class='ocrx_word' id='word_1_57' title='bbox 531 1551 548 1598; x_wconf 87' lang='lat' dir='ltr'>i.</span> <span class='ocrx_word' id='word_1_58' title='bbox 558 1553 620 1606; x_wconf 60' lang='lat'>20&amp;</span> <span class='ocrx_word' id='word_1_59' title='bbox 634 1551 693 1600; x_wconf 82' lang='lat' dir='ltr'>Vat.</span> <span class='ocrx_word' id='word_1_60' title='bbox 708 1553 748 1609; x_wconf 75' lang='lat'>76,</span> <span class='ocrx_word' id='word_1_61' title='bbox 762 1551 780 1600; x_wconf 80' lang='lat' dir='ltr'>f.</span> <span class='ocrx_word' id='word_1_62' title='bbox 796 1552 847 1608; x_wconf 77' lang='lat' dir='ltr'>lot,</span> <span class='ocrx_word' id='word_1_63' title='bbox 861 1564 887 1599; x_wconf 91' lang='lat' dir='ltr'>n.</span> <span class='ocrx_word' id='word_1_64' title='bbox 902 1551 958 1597; x_wconf 75' lang='lat'>294.</span> 
     </span>
    </p>
   </div>
   <div class='ocr_carea' id='block_1_4' title="bbox 308 1755 1673 2792">
    <p class='ocr_par' dir='ltr' id='par_1_7' title="bbox 351 1755 1624 1859">
     <span class='ocr_line' id='line_1_9' title="bbox 351 1755 1624 1859; baseline -0.001 -24"><span class='ocrx_word' id='word_1_65' title='bbox 351 1755 495 1839; x_wconf 81' lang='grc'>1238.</span> <span class='ocrx_word' id='word_1_66' title='bbox 1262 1793 1359 1858; x_wconf 76' lang='lat'><em>1323,</em></span> <span class='ocrx_word' id='word_1_67' title='bbox 1375 1774 1422 1838; x_wconf 87' lang='lat'>28</span> <span class='ocrx_word' id='word_1_68' title='bbox 1434 1774 1624 1859; x_wconf 80' lang='lat' dir='ltr'>septembre.</span> 
     </span>
    </p>

    <p class='ocr_par' dir='ltr' id='par_1_8' title="bbox 308 1870 1671 2264">
     <span class='ocr_line' id='line_1_10' title="bbox 347 1870 1671 1952; baseline -0.001 -13"><span class='ocrx_word' id='word_1_69' title='bbox 347 1872 483 1952; x_wconf 87' lang='lat' dir='ltr'>Jacobo</span> <span class='ocrx_word' id='word_1_70' title='bbox 512 1872 605 1938; x_wconf 90' lang='lat' dir='ltr'>dicto</span> <span class='ocrx_word' id='word_1_71' title='bbox 631 1870 767 1938; x_wconf 88' lang='lat' dir='ltr'>Groune</span> <span class='ocrx_word' id='word_1_72' title='bbox 805 1872 976 1938; x_wconf 86' lang='lat' dir='ltr'>confertur</span> <span class='ocrx_word' id='word_1_73' title='bbox 1010 1875 1227 1941; x_wconf 89' lang='lat' dir='ltr'>canonicatus</span> <span class='ocrx_word' id='word_1_74' title='bbox 1255 1876 1397 1942; x_wconf 89' lang='lat' dir='ltr'>ecclesie</span> <span class='ocrx_word' id='word_1_75' title='bbox 1427 1875 1458 1940; x_wconf 89' lang='lat' dir='ltr'>S.</span> <span class='ocrx_word' id='word_1_76' title='bbox 1490 1874 1671 1940; x_wconf 89' lang='lat' dir='ltr'>Salvatoris</span> 
     </span>
     <span class='ocr_line' id='line_1_11' title="bbox 308 1973 1670 2065; baseline -0.001 -21"><span class='ocrx_word' id='word_1_77' title='bbox 308 1973 600 2056; x_wconf 84' lang='lat' dir='ltr'>Harlebeccensis,</span> <span class='ocrx_word' id='word_1_78' title='bbox 627 1975 850 2043; x_wconf 88' lang='lat' dir='ltr'>Tomacensis</span> <span class='ocrx_word' id='word_1_79' title='bbox 876 1976 1029 2058; x_wconf 89' lang='lat' dir='ltr'>diocesis,</span> <span class='ocrx_word' id='word_1_80' title='bbox 1056 1981 1118 2044; x_wconf 93' lang='lat' dir='ltr'>sub</span> <span class='ocrx_word' id='word_1_81' title='bbox 1140 1980 1378 2065; x_wconf 84' lang='lat' dir='ltr'>expectatione</span> <span class='ocrx_word' id='word_1_82' title='bbox 1405 1978 1585 2065; x_wconf 84' lang='lat' dir='ltr'>prebende,</span> <span class='ocrx_word' id='word_1_83' title='bbox 1601 1999 1670 2043; x_wconf 92' lang='lat' dir='ltr'>non</span> 
     </span>
     <span class='ocr_line' id='line_1_12' title="bbox 308 2080 1671 2166; baseline -0.001 -17"><span class='ocrx_word' id='word_1_84' title='bbox 308 2082 466 2150; x_wconf 78' lang='lat' dir='ltr'>obstante</span> <span class='ocrx_word' id='word_1_85' title='bbox 481 2080 572 2165; x_wconf 93' lang='lat' dir='ltr'>quod</span> <span class='ocrx_word' id='word_1_86' title='bbox 587 2080 823 2146; x_wconf 91' lang='lat' dir='ltr'>canonicatum</span> <span class='ocrx_word' id='word_1_87' title='bbox 849 2088 885 2145; x_wconf 90' lang='lat' dir='ltr'>et</span> <span class='ocrx_word' id='word_1_88' title='bbox 905 2081 1111 2166; x_wconf 89' lang='lat' dir='ltr'>prebendam</span> <span class='ocrx_word' id='word_1_89' title='bbox 1126 2083 1270 2149; x_wconf 91' lang='lat' dir='ltr'>ecclesie</span> <span class='ocrx_word' id='word_1_90' title='bbox 1288 2084 1320 2149; x_wconf 92' lang='lat' dir='ltr'>S.</span> <span class='ocrx_word' id='word_1_91' title='bbox 1345 2084 1434 2149; x_wconf 91' lang='lat' dir='ltr'>Petri</span> <span class='ocrx_word' id='word_1_92' title='bbox 1459 2081 1671 2164; x_wconf 88' lang='lat' dir='ltr'>Casletcnsis,</span> 
     </span>
     <span class='ocr_line' id='line_1_13' title="bbox 308 2183 842 2264; baseline -0.009 -10"><span class='ocrx_word' id='word_1_93' title='bbox 308 2183 515 2254; x_wconf 87' lang='lat' dir='ltr'>Morinensis</span> <span class='ocrx_word' id='word_1_94' title='bbox 530 2183 683 2264; x_wconf 84' lang='lat' dir='ltr'>diocesis,</span> <span class='ocrx_word' id='word_1_95' title='bbox 700 2183 842 2249; x_wconf 88' lang='lat' dir='ltr'>obtinet.</span> 
     </span>
    </p>

    <p class='ocr_par' dir='ltr' id='par_1_9' title="bbox 349 2287 825 2356">
     <span class='ocr_line' id='line_1_14' title="bbox 349 2287 825 2356; baseline -0.008 0"><span class='ocrx_word' id='word_1_96' title='bbox 349 2290 536 2356; x_wconf 89' lang='lat' dir='ltr'>Laudabile</span> <span class='ocrx_word' id='word_1_97' title='bbox 551 2287 825 2354; x_wconf 90' lang='lat' dir='ltr'>testimonium...</span> 
     </span>
    </p>

    <p class='ocr_par' dir='ltr' id='par_1_10' title="bbox 349 2375 982 2476">
     <span class='ocr_line' id='line_1_15' title="bbox 349 2375 982 2476; baseline -0.003 -17"><span class='ocrx_word' id='word_1_98' title='bbox 349 2375 433 2459; x_wconf 78' lang='lat' dir='ltr'>Dat.</span> <span class='ocrx_word' id='word_1_99' title='bbox 449 2392 548 2458; x_wconf 77' lang='lat' dir='ltr'>Avin.</span> <span class='ocrx_word' id='word_1_100' title='bbox 564 2414 584 2476; x_wconf 90' lang='lat'>4</span> <span class='ocrx_word' id='word_1_101' title='bbox 600 2390 667 2457; x_wconf 88' lang='lat' dir='ltr'>kal.</span> <span class='ocrx_word' id='word_1_102' title='bbox 684 2391 830 2457; x_wconf 87' lang='lat' dir='ltr'>octobris</span> <span class='ocrx_word' id='word_1_103' title='bbox 845 2412 936 2457; x_wconf 89' lang='lat' dir='ltr'>anno</span> <span class='ocrx_word' id='word_1_104' title='bbox 952 2394 982 2457; x_wconf 90' lang='lat'>8.</span> 
     </span>
    </p>

    <p class='ocr_par' dir='ltr' id='par_1_11' title="bbox 308 2493 1673 2792">
     <span class='ocr_line' id='line_1_16' title="bbox 350 2493 1673 2584; baseline 0.001 -21"><span class='ocrx_word' id='word_1_105' title='bbox 350 2496 395 2563; x_wconf 91' lang='lat' dir='ltr'>In</span> <span class='ocrx_word' id='word_1_106' title='bbox 411 2518 440 2561; x_wconf 91' lang='lat' dir='ltr'>e.</span> <span class='ocrx_word' id='word_1_107' title='bbox 456 2517 501 2562; x_wconf 92' lang='lat' dir='ltr'>m.</span> <span class='ocrx_word' id='word_1_108' title='bbox 517 2495 647 2562; x_wconf 90' lang='lat' dir='ltr'>decano</span> <span class='ocrx_word' id='word_1_109' title='bbox 661 2493 815 2561; x_wconf 88' lang='lat' dir='ltr'>B.Marie</span> <span class='ocrx_word' id='word_1_110' title='bbox 831 2494 1060 2563; x_wconf 87' lang='lat' dir='ltr'>Curtracensis</span> <span class='ocrx_word' id='word_1_111' title='bbox 1075 2504 1111 2562; x_wconf 89' lang='lat' dir='ltr'>et</span> <span class='ocrx_word' id='word_1_112' title='bbox 1123 2496 1301 2563; x_wconf 87' lang='lat' dir='ltr'>scolastico</span> <span class='ocrx_word' id='word_1_113' title='bbox 1318 2496 1356 2563; x_wconf 92' lang='lat' dir='ltr'>B.</span> <span class='ocrx_word' id='word_1_114' title='bbox 1365 2496 1473 2563; x_wconf 89' lang='lat' dir='ltr'>Marie</span> <span class='ocrx_word' id='word_1_115' title='bbox 1484 2496 1673 2584; x_wconf 89' lang='lat' dir='ltr'>Brugensis,</span> 
     </span>
     <span class='ocr_line' id='line_1_17' title="bbox 308 2599 1670 2689; baseline 0 -20"><span class='ocrx_word' id='word_1_116' title='bbox 308 2600 532 2669; x_wconf 67' lang='lat' dir='ltr'>tornacensis</span> <span class='ocrx_word' id='word_1_117' title='bbox 555 2600 707 2681; x_wconf 83' lang='lat' dir='ltr'>diocesis,</span> <span class='ocrx_word' id='word_1_118' title='bbox 731 2621 771 2665; x_wconf 92' lang='lat' dir='ltr'>ac</span> <span class='ocrx_word' id='word_1_119' title='bbox 795 2599 942 2677; x_wconf 88' lang='lat' dir='ltr'>Johanni</span> <span class='ocrx_word' id='word_1_120' title='bbox 968 2600 1010 2666; x_wconf 97' lang='lat' dir='ltr'>de</span> <span class='ocrx_word' id='word_1_121' title='bbox 1035 2600 1160 2683; x_wconf 92' lang='lat' dir='ltr'>Rocca‚</span> <span class='ocrx_word' id='word_1_122' title='bbox 1186 2602 1364 2688; x_wconf 91' lang='lat' dir='ltr'>capellano</span> <span class='ocrx_word' id='word_1_123' title='bbox 1391 2622 1489 2689; x_wconf 88' lang='lat' dir='ltr'>pape,</span> <span class='ocrx_word' id='word_1_124' title='bbox 1506 2604 1670 2669; x_wconf 93' lang='lat' dir='ltr'>canonico</span> 
     </span>
     <span class='ocr_line' id='line_1_18' title="bbox 308 2704 783 2792; baseline -0.008 -19"><span class='ocrx_word' id='word_1_125' title='bbox 308 2705 540 2792; x_wconf 89' lang='lat' dir='ltr'>Neapolitane</span> <span class='ocrx_word' id='word_1_126' title='bbox 556 2704 783 2771; x_wconf 89' lang='lat' dir='ltr'>ecclesiarum.</span> 
     </span>
    </p>
   </div>
   <div class='ocr_carea' id='block_1_5' title="bbox 340 2868 984 2929">
    <p class='ocr_par' dir='ltr' id='par_1_12' title="bbox 340 2868 984 2929">
     <span class='ocr_line' id='line_1_19' title="bbox 340 2868 984 2929; baseline -0.002 -11"><span class='ocrx_word' id='word_1_127' title='bbox 340 2872 406 2929; x_wconf 77' lang='lat' dir='ltr'>Beg.</span> <span class='ocrx_word' id='word_1_128' title='bbox 421 2872 470 2919; x_wconf 82' lang='lat' dir='ltr'>Av.</span> <span class='ocrx_word' id='word_1_129' title='bbox 484 2872 524 2927; x_wconf 78' lang='lat'>20,</span> <span class='ocrx_word' id='word_1_130' title='bbox 538 2870 556 2918; x_wconf 83' lang='lat' dir='ltr'>f.</span> <span class='ocrx_word' id='word_1_131' title='bbox 569 2872 615 2917; x_wconf 75' lang='lat'>417</span> <span class='ocrx_word' id='word_1_132' title='bbox 629 2885 635 2925; x_wconf 87' lang='lat'>;</span> <span class='ocrx_word' id='word_1_133' title='bbox 650 2869 707 2917; x_wconf 82' lang='lat' dir='ltr'>Vat.</span> <span class='ocrx_word' id='word_1_134' title='bbox 721 2870 760 2928; x_wconf 76' lang='lat'>76,</span> <span class='ocrx_word' id='word_1_135' title='bbox 774 2868 792 2917; x_wconf 85' lang='lat' dir='ltr'>f.</span> <span class='ocrx_word' id='word_1_136' title='bbox 810 2868 878 2925; x_wconf 78' lang='lat'>282&#39;,</span> <span class='ocrx_word' id='word_1_137' title='bbox 891 2881 916 2915; x_wconf 90' lang='lat' dir='ltr'>n.</span> <span class='ocrx_word' id='word_1_138' title='bbox 928 2868 984 2917; x_wconf 85' lang='lat'>860.</span> 
     </span>
    </p>
   </div>
   <div class='ocr_carea' id='block_1_6' title="bbox 308 3088 1677 3898">
    <p class='ocr_par' dir='ltr' id='par_1_13' title="bbox 358 3088 1631 3194">
     <span class='ocr_line' id='line_1_20' title="bbox 358 3088 1631 3194; baseline 0.002 -24"><span class='ocrx_word' id='word_1_139' title='bbox 358 3088 501 3173; x_wconf 87' lang='grc'>1239.</span> <span class='ocrx_word' id='word_1_140' title='bbox 1348 3130 1442 3194; x_wconf 77' lang='lat'><em>1323,</em></span> <span class='ocrx_word' id='word_1_141' title='bbox 1458 3111 1631 3175; x_wconf 84' lang='lat' dir='ltr'>8octobre.</span> 
     </span>
    </p>

    <p class='ocr_par' dir='ltr' id='par_1_14' title="bbox 308 3207 1675 3398">
     <span class='ocr_line' id='line_1_21' title="bbox 353 3207 1675 3280; baseline 0.002 -5"><span class='ocrx_word' id='word_1_142' title='bbox 353 3208 390 3275; x_wconf 96' lang='lat' dir='ltr'>N</span> <span class='ocrx_word' id='word_1_143' title='bbox 392 3210 502 3276; x_wconf 92' lang='lat' dir='ltr'>icolao</span> <span class='ocrx_word' id='word_1_144' title='bbox 518 3209 678 3275; x_wconf 88' lang='lat' dir='ltr'>Warnerii</span> <span class='ocrx_word' id='word_1_145' title='bbox 694 3209 787 3275; x_wconf 92' lang='lat' dir='ltr'>dicto</span> <span class='ocrx_word' id='word_1_146' title='bbox 802 3207 894 3275; x_wconf 83' lang='lat' dir='ltr'>Briso</span> <span class='ocrx_word' id='word_1_147' title='bbox 909 3210 1080 3276; x_wconf 84' lang='lat' dir='ltr'>confertur</span> <span class='ocrx_word' id='word_1_148' title='bbox 1095 3213 1314 3279; x_wconf 90' lang='lat' dir='ltr'>canonicatus</span> <span class='ocrx_word' id='word_1_149' title='bbox 1334 3214 1476 3280; x_wconf 89' lang='lat' dir='ltr'>ecclesie</span> <span class='ocrx_word' id='word_1_150' title='bbox 1493 3215 1524 3279; x_wconf 88' lang='lat' dir='ltr'>S.</span> <span class='ocrx_word' id='word_1_151' title='bbox 1537 3212 1675 3278; x_wconf 90' lang='lat' dir='ltr'>Martini</span> 
     </span>
     <span class='ocr_line' id='line_1_22' title="bbox 308 3312 1543 3398; baseline -0.001 -19"><span class='ocrx_word' id='word_1_152' title='bbox 308 3312 511 3379; x_wconf 89' lang='lat' dir='ltr'>Leodiensis</span> <span class='ocrx_word' id='word_1_153' title='bbox 526 3315 586 3379; x_wconf 92' lang='lat' dir='ltr'>sub</span> <span class='ocrx_word' id='word_1_154' title='bbox 602 3312 840 3397; x_wconf 84' lang='lat' dir='ltr'>expectatione</span> <span class='ocrx_word' id='word_1_155' title='bbox 857 3314 1037 3398; x_wconf 89' lang='lat' dir='ltr'>prebende.</span> <span class='ocrx_word' id='word_1_156' title='bbox 1537 3332 1543 3342; x_wconf 86' lang='lat'><strong>·</strong></span> 
     </span>
    </p>

    <p class='ocr_par' dir='ltr' id='par_1_15' title="bbox 355 3416 653 3483">
     <span class='ocr_line' id='line_1_23' title="bbox 355 3416 653 3483; baseline -0.007 -1"><span class='ocrx_word' id='word_1_157' title='bbox 355 3416 538 3483; x_wconf 90' lang='lat' dir='ltr'>Probitatis</span> <span class='ocrx_word' id='word_1_158' title='bbox 554 3425 653 3482; x_wconf 91' lang='lat' dir='ltr'>tue...</span> 
     </span>
    </p>

    <p class='ocr_par' dir='ltr' id='par_1_16' title="bbox 356 3519 964 3587">
     <span class='ocr_line' id='line_1_24' title="bbox 356 3519 964 3587; baseline 0 -1"><span class='ocrx_word' id='word_1_159' title='bbox 356 3521 437 3586; x_wconf 89' lang='lat' dir='ltr'>Dat.</span> <span class='ocrx_word' id='word_1_160' title='bbox 453 3521 552 3586; x_wconf 84' lang='lat' dir='ltr'>Avin.</span> <span class='ocrx_word' id='word_1_161' title='bbox 570 3523 588 3587; x_wconf 93' lang='lat'>8</span> <span class='ocrx_word' id='word_1_162' title='bbox 605 3521 649 3586; x_wconf 92' lang='lat' dir='ltr'>id.</span> <span class='ocrx_word' id='word_1_163' title='bbox 666 3519 812 3585; x_wconf 87' lang='lat' dir='ltr'>octobris</span> <span class='ocrx_word' id='word_1_164' title='bbox 827 3539 917 3586; x_wconf 93' lang='lat' dir='ltr'>anno</span> <span class='ocrx_word' id='word_1_165' title='bbox 934 3522 964 3586; x_wconf 92' lang='lat'>8.</span> 
     </span>
    </p>

    <p class='ocr_par' dir='ltr' id='par_1_17' title="bbox 308 3622 1677 3898">
     <span class='ocr_line' id='line_1_25' title="bbox 355 3622 1677 3712; baseline 0.005 -24"><span class='ocrx_word' id='word_1_166' title='bbox 355 3623 440 3688; x_wconf 91' lang='lat' dir='ltr'>Ine.</span> <span class='ocrx_word' id='word_1_167' title='bbox 456 3644 501 3687; x_wconf 91' lang='lat' dir='ltr'>rn.</span> <span class='ocrx_word' id='word_1_168' title='bbox 517 3622 712 3688; x_wconf 90' lang='lat' dir='ltr'>monasterii</span> <span class='ocrx_word' id='word_1_169' title='bbox 728 3623 759 3687; x_wconf 92' lang='lat' dir='ltr'>S.</span> <span class='ocrx_word' id='word_1_170' title='bbox 770 3622 887 3700; x_wconf 91' lang='lat' dir='ltr'>Jacobi</span> <span class='ocrx_word' id='word_1_171' title='bbox 906 3622 1100 3690; x_wconf 90' lang='lat' dir='ltr'>Leodiensis</span> <span class='ocrx_word' id='word_1_172' title='bbox 1116 3632 1151 3689; x_wconf 90' lang='lat' dir='ltr'>et</span> <span class='ocrx_word' id='word_1_173' title='bbox 1167 3625 1323 3691; x_wconf 90' lang='lat' dir='ltr'>secularis</span> <span class='ocrx_word' id='word_1_174' title='bbox 1340 3627 1480 3692; x_wconf 88' lang='lat' dir='ltr'>ecclesie</span> <span class='ocrx_word' id='word_1_175' title='bbox 1498 3628 1677 3712; x_wconf 86' lang='lat' dir='ltr'>Eykensis,</span> 
     </span>
     <span class='ocr_line' id='line_1_26' title="bbox 308 3726 1677 3807; baseline 0.004 -14"><span class='ocrx_word' id='word_1_176' title='bbox 308 3726 512 3793; x_wconf 89' lang='lat' dir='ltr'>Leodiensis</span> <span class='ocrx_word' id='word_1_177' title='bbox 526 3726 679 3807; x_wconf 83' lang='lat' dir='ltr'>diocesis,</span> <span class='ocrx_word' id='word_1_178' title='bbox 695 3728 870 3793; x_wconf 87' lang='lat' dir='ltr'>abbatibus</span> <span class='ocrx_word' id='word_1_179' title='bbox 886 3748 927 3793; x_wconf 91' lang='lat' dir='ltr'>ac</span> <span class='ocrx_word' id='word_1_180' title='bbox 943 3727 1131 3794; x_wconf 88' lang='lat' dir='ltr'>Bertrando</span> <span class='ocrx_word' id='word_1_181' title='bbox 1146 3728 1287 3807; x_wconf 88' lang='lat' dir='ltr'>Grimar,</span> <span class='ocrx_word' id='word_1_182' title='bbox 1314 3729 1550 3797; x_wconf 90' lang='lat' dir='ltr'>archidiacono</span> <span class='ocrx_word' id='word_1_183' title='bbox 1570 3732 1677 3798; x_wconf 88' lang='lat' dir='ltr'>Vasti·</span> 
     </span>
     <span class='ocr_line' id='line_1_27' title="bbox 308 3829 830 3898; baseline -0.004 0"><span class='ocrx_word' id='word_1_184' title='bbox 308 3830 409 3898; x_wconf 87' lang='lat' dir='ltr'>uensi</span> <span class='ocrx_word' id='word_1_185' title='bbox 425 3829 460 3895; x_wconf 91' lang='lat' dir='ltr'>in</span> <span class='ocrx_word' id='word_1_186' title='bbox 476 3830 619 3896; x_wconf 88' lang='lat' dir='ltr'>ecclesia</span> <span class='ocrx_word' id='word_1_187' title='bbox 635 3832 830 3896; x_wconf 89' lang='lat' dir='ltr'>Senonensi.</span> 
     </span>
    </p>
   </div>
   <div class='ocr_carea' id='block_1_7' title="bbox 343 4005 1009 4065">
    <p class='ocr_par' dir='ltr' id='par_1_18' title="bbox 343 4005 1009 4065">
     <span class='ocr_line' id='line_1_28' title="bbox 343 4005 1009 4065; baseline 0.003 -13"><span class='ocrx_word' id='word_1_188' title='bbox 343 4005 408 4065; x_wconf 67' lang='lat' dir='ltr'>neg.</span> <span class='ocrx_word' id='word_1_189' title='bbox 421 4008 469 4055; x_wconf 74' lang='lat' dir='ltr'>nv.</span> <span class='ocrx_word' id='word_1_190' title='bbox 484 4009 524 4064; x_wconf 80' lang='lat'>21,</span> <span class='ocrx_word' id='word_1_191' title='bbox 539 4006 556 4055; x_wconf 79' lang='lat' dir='ltr'>t.</span> <span class='ocrx_word' id='word_1_192' title='bbox 572 4008 631 4051; x_wconf 65' lang='lat'><strong>330»-</strong></span> <span class='ocrx_word' id='word_1_193' title='bbox 644 4022 649 4054; x_wconf 83' lang='grc'>;</span> <span class='ocrx_word' id='word_1_194' title='bbox 661 4005 718 4054; x_wconf 73' lang='lat' dir='ltr'>rat.</span> <span class='ocrx_word' id='word_1_195' title='bbox 735 4009 772 4061; x_wconf 75' lang='lat' dir='ltr'>rr,</span> <span class='ocrx_word' id='word_1_196' title='bbox 786 4007 804 4052; x_wconf 81' lang='lat' dir='ltr'>f.</span> <span class='ocrx_word' id='word_1_197' title='bbox 817 4008 883 4061; x_wconf 73' lang='lat' dir='ltr'>rosv,</span> <span class='ocrx_word' id='word_1_198' title='bbox 898 4020 922 4054; x_wconf 83' lang='lat' dir='ltr'>n.</span> <span class='ocrx_word' id='word_1_199' title='bbox 940 4007 1009 4054; x_wconf 71' lang='lat' dir='ltr'>runa.</span> 
     </span>
    </p>
   </div>
   <div class='ocr_carea' id='block_1_8' title="bbox 312 4211 1680 5033">
    <p class='ocr_par' dir='ltr' id='par_1_19' title="bbox 361 4211 1634 4308">
     <span class='ocr_line' id='line_1_29' title="bbox 361 4211 1634 4308; baseline -0.002 -19"><span class='ocrx_word' id='word_1_200' title='bbox 361 4211 504 4290; x_wconf 82' lang='grc'>1240.</span> <span class='ocrx_word' id='word_1_201' title='bbox 1350 4245 1444 4306; x_wconf 71' lang='lat'><em>1323,</em></span> <span class='ocrx_word' id='word_1_202' title='bbox 1461 4245 1481 4308; x_wconf 79' lang='lat'><em>9</em></span> <span class='ocrx_word' id='word_1_203' title='bbox 1498 4226 1634 4288; x_wconf 82' lang='lat' dir='ltr'>octobre.</span> 
     </span>
    </p>

    <p class='ocr_par' dir='ltr' id='par_1_20' title="bbox 312 4327 1680 4829">
     <span class='ocr_line' id='line_1_30' title="bbox 356 4327 1680 4414; baseline 0.001 -22"><span class='ocrx_word' id='word_1_204' title='bbox 356 4329 624 4414; x_wconf 77' lang='lat' dir='ltr'>Archiepiscopo</span> <span class='ocrx_word' id='word_1_205' title='bbox 641 4327 833 4392; x_wconf 88' lang='lat' dir='ltr'>Coloniensi</span> <span class='ocrx_word' id='word_1_206' title='bbox 851 4327 987 4410; x_wconf 86' lang='lat' dir='ltr'>ejusque</span> <span class='ocrx_word' id='word_1_207' title='bbox 1003 4327 1219 4412; x_wconf 84' lang='lat' dir='ltr'>suffraganeis</span> <span class='ocrx_word' id='word_1_208' title='bbox 1236 4328 1474 4394; x_wconf 89' lang='lat' dir='ltr'>transmittitur</span> <span class='ocrx_word' id='word_1_209' title='bbox 1489 4336 1589 4393; x_wconf 87' lang='lat' dir='ltr'>tenor</span> <span class='ocrx_word' id='word_1_210' title='bbox 1604 4348 1680 4413; x_wconf 91' lang='lat' dir='ltr'>pro·</span> 
     </span>
     <span class='ocr_line' id='line_1_31' title="bbox 312 4430 1678 4518; baseline -0.002 -20"><span class='ocrx_word' id='word_1_211' title='bbox 312 4454 428 4499; x_wconf 88' lang='lat' dir='ltr'>cessus</span> <span class='ocrx_word' id='word_1_212' title='bbox 453 4453 520 4516; x_wconf 92' lang='lat' dir='ltr'>quo</span> <span class='ocrx_word' id='word_1_213' title='bbox 544 4453 630 4518; x_wconf 91' lang='lat' dir='ltr'>papa</span> <span class='ocrx_word' id='word_1_214' title='bbox 647 4431 856 4497; x_wconf 90' lang='lat' dir='ltr'>Ludovicum</span> <span class='ocrx_word' id='word_1_215' title='bbox 877 4431 919 4495; x_wconf 94' lang='lat' dir='ltr'>de</span> <span class='ocrx_word' id='word_1_216' title='bbox 944 4430 1084 4496; x_wconf 88' lang='lat' dir='ltr'>Bavaria</span> <span class='ocrx_word' id='word_1_217' title='bbox 1110 4433 1196 4496; x_wconf 89' lang='lat' dir='ltr'>intra</span> <span class='ocrx_word' id='word_1_218' title='bbox 1221 4432 1364 4517; x_wconf 90' lang='lat' dir='ltr'>spatium</span> <span class='ocrx_word' id='word_1_219' title='bbox 1390 4431 1490 4495; x_wconf 90' lang='lat' dir='ltr'>trium</span> <span class='ocrx_word' id='word_1_220' title='bbox 1514 4432 1678 4497; x_wconf 90' lang='lat' dir='ltr'>mensium</span> 
     </span>
     <span class='ocr_line' id='line_1_32' title="bbox 313 4534 1679 4621; baseline 0 -20"><span class='ocrx_word' id='word_1_221' title='bbox 313 4556 430 4601; x_wconf 86' lang='lat' dir='ltr'>coram</span> <span class='ocrx_word' id='word_1_222' title='bbox 447 4556 482 4600; x_wconf 89' lang='lat' dir='ltr'>se</span> <span class='ocrx_word' id='word_1_223' title='bbox 498 4536 615 4601; x_wconf 90' lang='lat' dir='ltr'>citavit</span> <span class='ocrx_word' id='word_1_224' title='bbox 627 4536 802 4621; x_wconf 90' lang='lat' dir='ltr'>ipsumque</span> <span class='ocrx_word' id='word_1_225' title='bbox 819 4557 861 4598; x_wconf 92' lang='lat' dir='ltr'>ne</span> <span class='ocrx_word' id='word_1_226' title='bbox 877 4534 1158 4600; x_wconf 86' lang='lat' dir='ltr'>administrationi</span> <span class='ocrx_word' id='word_1_227' title='bbox 1178 4535 1307 4621; x_wconf 87' lang='lat' dir='ltr'>imperii</span> <span class='ocrx_word' id='word_1_228' title='bbox 1335 4536 1472 4600; x_wconf 91' lang='lat' dir='ltr'>ulterius</span> <span class='ocrx_word' id='word_1_229' title='bbox 1488 4557 1524 4601; x_wconf 90' lang='lat' dir='ltr'>se</span> <span class='ocrx_word' id='word_1_230' title='bbox 1540 4534 1679 4621; x_wconf 84' lang='lat' dir='ltr'>ingerat,</span> 
     </span>
     <span class='ocr_line' id='line_1_33' title="bbox 313 4637 1679 4728; baseline -0.001 -23"><span class='ocrx_word' id='word_1_231' title='bbox 313 4640 488 4728; x_wconf 91' lang='lat' dir='ltr'>prohibuit</span> <span class='ocrx_word' id='word_1_232' title='bbox 501 4663 509 4718; x_wconf 93' lang='lat'>;</span> <span class='ocrx_word' id='word_1_233' title='bbox 535 4639 614 4726; x_wconf 88' lang='lat' dir='ltr'>ipsis</span> <span class='ocrx_word' id='word_1_234' title='bbox 638 4639 892 4725; x_wconf 89' lang='lat' dir='ltr'>archiepiscopo</span> <span class='ocrx_word' id='word_1_235' title='bbox 916 4647 950 4702; x_wconf 91' lang='lat' dir='ltr'>et</span> <span class='ocrx_word' id='word_1_236' title='bbox 975 4637 1193 4723; x_wconf 85' lang='lat' dir='ltr'>suffraganeis</span> <span class='ocrx_word' id='word_1_237' title='bbox 1216 4639 1395 4704; x_wconf 88' lang='lat' dir='ltr'>mandatur</span> <span class='ocrx_word' id='word_1_238' title='bbox 1410 4647 1447 4703; x_wconf 93' lang='lat' dir='ltr'>ut</span> <span class='ocrx_word' id='word_1_239' title='bbox 1459 4639 1587 4705; x_wconf 90' lang='lat' dir='ltr'>dictum</span> <span class='ocrx_word' id='word_1_240' title='bbox 1604 4659 1679 4725; x_wconf 91' lang='lat' dir='ltr'>pro-</span> 
     </span>
     <span class='ocr_line' id='line_1_34' title="bbox 314 4741 1679 4829; baseline -0.001 -18"><span class='ocrx_word' id='word_1_241' title='bbox 314 4764 449 4811; x_wconf 90' lang='lat' dir='ltr'>cessum</span> <span class='ocrx_word' id='word_1_242' title='bbox 465 4743 498 4807; x_wconf 96' lang='lat' dir='ltr'>in</span> <span class='ocrx_word' id='word_1_243' title='bbox 514 4743 664 4809; x_wconf 86' lang='lat' dir='ltr'>ecclesiis</span> <span class='ocrx_word' id='word_1_244' title='bbox 680 4751 714 4806; x_wconf 89' lang='lat' dir='ltr'>et</span> <span class='ocrx_word' id='word_1_245' title='bbox 731 4742 813 4807; x_wconf 89' lang='lat' dir='ltr'>locis</span> <span class='ocrx_word' id='word_1_246' title='bbox 829 4763 964 4806; x_wconf 87' lang='lat' dir='ltr'>suarum</span> <span class='ocrx_word' id='word_1_247' title='bbox 980 4741 1152 4807; x_wconf 90' lang='lat' dir='ltr'>diocesum</span> <span class='ocrx_word' id='word_1_248' title='bbox 1163 4744 1358 4807; x_wconf 89' lang='lat' dir='ltr'>solemniter</span> <span class='ocrx_word' id='word_1_249' title='bbox 1368 4744 1527 4829; x_wconf 87' lang='lat' dir='ltr'>publicari</span> <span class='ocrx_word' id='word_1_250' title='bbox 1544 4745 1679 4811; x_wconf 84' lang='lat' dir='ltr'>saciant.</span> 
     </span>
    </p>

    <p class='ocr_par' dir='ltr' id='par_1_21' title="bbox 359 4846 735 4929">
     <span class='ocr_line' id='line_1_35' title="bbox 359 4846 735 4929; baseline -0.011 -17"><span class='ocrx_word' id='word_1_251' title='bbox 359 4847 591 4912; x_wconf 81' lang='lat' dir='ltr'>Attendentes</span> <span class='ocrx_word' id='word_1_252' title='bbox 606 4846 706 4929; x_wconf 93' lang='lat' dir='ltr'>quod.</span> <span class='ocrx_word' id='word_1_253' title='bbox 716 4897 735 4908; x_wconf 94' lang='lat'>..</span> 
     </span>
    </p>

    <p class='ocr_par' dir='ltr' id='par_1_22' title="bbox 361 4950 970 5033">
     <span class='ocr_line' id='line_1_36' title="bbox 361 4950 970 5033; baseline -0.003 -17"><span class='ocrx_word' id='word_1_254' title='bbox 361 4954 441 5018; x_wconf 90' lang='lat' dir='ltr'>Dat.</span> <span class='ocrx_word' id='word_1_255' title='bbox 457 4951 558 5015; x_wconf 80' lang='lat' dir='ltr'>Avin.</span> <span class='ocrx_word' id='word_1_256' title='bbox 576 4970 593 5033; x_wconf 91' lang='lat'><em>7</em></span> <span class='ocrx_word' id='word_1_257' title='bbox 611 4951 653 5015; x_wconf 88' lang='lat' dir='ltr'>id.</span> <span class='ocrx_word' id='word_1_258' title='bbox 671 4950 818 5016; x_wconf 91' lang='lat' dir='ltr'>octobris</span> <span class='ocrx_word' id='word_1_259' title='bbox 833 4970 922 5014; x_wconf 91' lang='lat' dir='ltr'>anno</span> <span class='ocrx_word' id='word_1_260' title='bbox 941 4952 970 5014; x_wconf 88' lang='lat'>8.</span> 
     </span>
    </p>
   </div>
   <div class='ocr_carea' id='block_1_9' title="bbox 350 5127 1485 5194">
    <p class='ocr_par' dir='ltr' id='par_1_23' title="bbox 350 5127 1485 5194">
     <span class='ocr_line' id='line_1_37' title="bbox 350 5127 1485 5194; baseline 0.001 -19"><span class='ocrx_word' id='word_1_261' title='bbox 350 5133 430 5194; x_wconf 81' lang='lat' dir='ltr'>Copie</span> <span class='ocrx_word' id='word_1_262' title='bbox 441 5145 494 5178; x_wconf 83' lang='lat' dir='ltr'>aux</span> <span class='ocrx_word' id='word_1_263' title='bbox 507 5129 630 5178; x_wconf 73' lang='lat' dir='ltr'>Archives</span> <span class='ocrx_word' id='word_1_264' title='bbox 641 5129 673 5176; x_wconf 81' lang='lat' dir='ltr'>dc</span> <span class='ocrx_word' id='word_1_265' title='bbox 685 5129 710 5175; x_wconf 82' lang='lat' dir='ltr'>la</span> <span class='ocrx_word' id='word_1_266' title='bbox 723 5129 784 5175; x_wconf 78' lang='lat' dir='ltr'>villo</span> <span class='ocrx_word' id='word_1_267' title='bbox 795 5127 942 5187; x_wconf 74' lang='lat' dir='ltr'>d‘lltreclrt,</span> <span class='ocrx_word' id='word_1_268' title='bbox 959 5128 986 5175; x_wconf 80' lang='lat' dir='ltr'>B.</span> <span class='ocrx_word' id='word_1_269' title='bbox 1001 5141 1026 5176; x_wconf 90' lang='lat' dir='ltr'>n.</span> <span class='ocrx_word' id='word_1_270' title='bbox 1041 5129 1095 5176; x_wconf 75' lang='lat'>135.</span> <span class='ocrx_word' id='word_1_271' title='bbox 1111 5155 1142 5164; x_wconf 94' lang='lat'>-</span> <span class='ocrx_word' id='word_1_272' title='bbox 1157 5128 1239 5180; x_wconf 77' lang='lat' dir='ltr'>llronr.</span> <span class='ocrx_word' id='word_1_273' title='bbox 1250 5142 1274 5174; x_wconf 89' lang='lat' dir='ltr'>n.</span> <span class='ocrx_word' id='word_1_274' title='bbox 1288 5128 1335 5175; x_wconf 78' lang='lat'>628</span> <span class='ocrx_word' id='word_1_275' title='bbox 1348 5128 1485 5190; x_wconf 79' lang='lat' dir='ltr'>(analyse).</span> 
     </span>
    </p>
   </div>
   <div class='ocr_carea' id='block_1_10' title="bbox 0 0 2220 6017">
    <p class='ocr_par' dir='ltr' id='par_1_24' title="bbox 0 0 2220 6017">
     <span class='ocr_line' id='line_1_38' title="bbox 0 0 2220 6017; baseline 0 0"><span class='ocrx_word' id='word_1_276' title='bbox 0 0 2220 6017; x_wconf 95' lang='lat' dir='ltr'> </span> 
     </span>
    </p>
   </div>
  </div>
 </body>
</html>
