4409 6017
865 741 1021 809 Troisieme
1041 745 1144 811 annes.
1627 752 1688 816 273

365 936 486 1020 687.
1364 979 1517 1045 1311119
1540 980 1642 1024 urere.

368 1054 516 1133 Johanni
543 1057 677 1124 Bronne
699 1061 746 1142 (ί)
768 1059 939 1125 confertur
965 1062 1064 1127 tertia
1089 1082 1166 1148 pars
1180 1062 1398 1148 parrochialis
1414 1064 1555 1129 ecclesie
1582 1064 1613 1129 S.
1630 1062 1687 1141 Jo-

328 1158 445 1226 hannis
459 1160 658 1245 Gandensis,
672 1185 736 1249 que
752 1185 812 1251 per
827 1173 895 1230 tres
910 1174 1056 1231 rectores
1072 1166 1248 1233 consuevit
1263 1167 1449 1252 gubernari,
1465 1166 1688 1232 Tornacensis

333 1262 467 1332 diocesis
495 1267 554 1351 (70
580 1267 635 1333 lib.
666 1268 791 1353 paris),
818 1289 943 1335 vacans
978 1289 1036 1354 per
1066 1271 1197 1336 obitum
1227 1271 1374 1354 magistri
1406 1270 1577 1336 Godefridi
1606 1272 1687 1338 dicti

336 1364 431 1450 Wert,
441 1369 475 1434 in
492 1371 641 1456 partibus
657 1371 720 1437 illis
735 1372 972 1451 defuncti,non
985 1376 1142 1439 obstante
1155 1375 1245 1460 quod
1255 1374 1497 1460 parrochialem
1511 1377 1687 1441 ecclesiam

339 1469 374 1537 de
386 1472 541 1556 Lathem,
557 1476 707 1560 ejusdem
723 1476 874 1556 diocesis,
892 1478 1034 1558 obtinet,
1051 1500 1152 1563 quarn
1164 1480 1333 1546 dimittere
1349 1480 1527 1546 tenebitur.

376 1576 554 1644 Probitatis
569 1588 669 1645 tue...

377 1679 449 1749 bat.
465 1682 566 1749 Avin.
588 1704 624 1767 14
640 1694 653 1719 ⁰
669 1682 736 1749 kal.
752 1684 864 1770 aprilis
879 1705 969 1750 anno
987 1706 1015 1770 3.

378 1783 412 1849 ln
436 1807 465 1851 e.
497 1807 543 1851 m.
574 1786 705 1853 decano
739 1787 777 1853 Β.
806 1787 916 1854 Marie
954 1788 1193 1870 Curtracensis,
1216 1790 1438 1857 Tornacensis
1472 1791 1624 1869 diocesis,
1653 1803 1686 1857 et

346 1883 452 1954 Busolo
467 1890 510 1956 de
528 1891 656 1972 Parma,
673 1891 907 1973 Tornacensis
923 1894 1098 1979 capellano
1114 1914 1211 1980 pape,
1227 1915 1267 1960 ac
1284 1893 1465 1960 Guillelmo
1481 1895 1523 1961 de
1540 1894 1686 1972 Bastida,

347 1986 545 2077 legionensis
559 1995 774 2062 ecclesiarum
791 1997 973 2064 canonicis.

369 2130 419 2194 lleg.
431 2136 480 2182 Av.
494 2136 532 2183 ll.
543 2135 562 2183 i.
574 2136 639 2185 auti:
653 2135 710 2184 Vnt.
724 2139 763 2185 titt.
776 2137 793 2185 l.
809 2139 862 2188 llll.
875 2152 899 2185 n.
914 2140 968 2184 rut.

375 2336 487 2419 688.
1370 2374 1464 2439 1319,
1481 2374 1523 2418 20
1540 2376 1643 2420 111113.

373 2452 582 2535 Gaucelmus,
601 2456 658 2520 SS.
676 2453 864 2521 Marcellini
878 2464 912 2520 et
930 2456 1018 2520 Petri
1029 2456 1192 2542 presbiter
1204 2456 1389 2532 cardinalis,
1401 2458 1537 2522 nuntius
1554 2469 1688 2544 aposto-

340 2552 407 2624 licus
420 2557 555 2645 eligitur
570 2568 607 2625 ut
622 2560 782 2626 comitem
800 2567 834 2624 et
846 2561 1071 2626 comunitates
1097 2558 1254 2625 Flandrie
1271 2558 1313 2624 ad
1328 2561 1574 2645 acceptandum
1596 2584 1688 2628 secu-

337 2657 442 2729 ritates
469 2683 488 2728 a
514 2684 592 2749 rege
617 2663 758 2730 Francie
785 2668 914 2731 oblatas
939 2664 1085 2745 inducat,
1102 2663 1247 2748 alioquin
1274 2663 1631 2731 excommunicationis
1655 2677 1689 2732 et

336 2757 493 2834 interdicti
510 2768 694 2835 sententias
710 2776 826 2835 contra
842 2790 901 2834 eos
915 2767 1122 2854 pronuntiet.

372 2953 389 2993 e
407 2931 543 2998 Dilecto
568 2932 637 2998 lilio
662 2932 857 3014 Gaucelmo,
873 2932 960 2997 tituli
977 2932 1176 2997 Sanctorum
1202 2929 1390 2997 Marcellini
1408 2939 1442 2996 et
1459 2931 1547 2997 Petri
1565 2936 1688 3019 presbi-

334 3040 399 3100 tero
413 3035 583 3118 cardinali,
599 3036 783 3122 apostolice
799 3036 892 3102 Sedis
907 3035 1053 3102 nuntiet
1069 3036 1101 3100 Si
1118 3057 1159 3101 ex
1183 3035 1366 3121 apostolice
1382 3035 1551 3102 servitutis
1567 3029 1688 3116 ollici0,

334 3155 393 3219 quo
416 3141 507 3207 vices
533 3140 628 3223 illius,
655 3141 732 3207 licet
759 3139 913 3221 inmeriti,
931 3139 963 3203 in
988 3139 1084 3205 terris
1110 3139 1263 3222 gerimus,
1286 3139 1341 3224 qui
1366 3139 1429 3218 via,
1445 3139 1567 3206 veritas
1588 3152 1688 3225 atque

335 3243 405 3324 vita,
429 3266 549 3331 pacem
570 3244 695 3324 docuit,
720 3244 840 3310 servari
858 3243 1031 3309 mandavit
1058 3251 1092 3309 et
1129 3264 1203 3308 eam
1229 3242 1262 3307 in
1289 3251 1494 3309 testamento
1519 3245 1688 3331 discipulis

335 3342 509 3435 dereliquit,
525 3359 562 3414 ut
590 3348 738 3414 officium
769 3348 866 3414 nobis
892 3347 1092 3433 impleamus
1116 3347 1289 3427 indictum,
1306 3356 1460 3411 tenemur
1483 3346 1526 3412 ad
1549 3369 1687 3414 concor-

337 3446 415 3517 diam
441 3474 600 3519 revocare
630 3452 809 3532 discordes,
839 3453 948 3517 multo
978 3451 1084 3535 magis
1116 3450 1263 3535 injuncte
1291 3450 1508 3517 solicitudinis
1534 3452 1685 3517 debiturn

337 3567 388 3620 nos
400 3565 555 3642 perurget
578 3566 615 3622 ut
642 3578 760 3643 pacem
785 3555 902 3621 initam
926 3563 1054 3620 temere
1079 3554 1245 3619 violantes
1271 3563 1306 3619 et
1329 3554 1459 3620 firmata
1475 3556 1587 3621 federa
1600 3558 1686 3641 jura-

339 3668 441 3726 nento
464 3660 589 3726 vallata
616 3660 897 3745 transgredientes
927 3659 1038 3745 ipsius,
1064 3658 1107 3724 ad
1137 3658 1287 3743 ejusdem
1318 3658 1408 3742 pacis
1437 3660 1686 3726 observantiam

339 3766 574 3851 compellamus.
590 3764 676 3830 Sane
699 3764 826 3830 dudum
851 3765 936 3829 inter
963 3763 1168 3829 carissimum
1193 3762 1226 3827 in
1243 3761 1377 3827 Christo
1402 3763 1505 3827 filium
1536 3773 1686 3829 nostrum

341 3856 524 3954 Philippum,
539 3888 652 3954 regern
678 3868 815 3935 Francie
840 3877 875 3933 et
899 3868 1049 3934 Navarre
1070 3867 1241 3943 illustrem,
1259 3873 1340 3932 tunc
1365 3867 1466 3952 ipsius
1489 3867 1627 3935 Francie
1653 3877 1687 3933 et

342 3960 474 4038 Navarre
489 3993 592 4059 regna
607 3984 790 4057 regentem,
807 3995 848 4038 ex
864 3993 929 4037 una
944 3982 1050 4058 parte,
1066 3981 1100 4036 et
1113 3971 1272 4037 dilectum
1290 3971 1394 4036 lilium
1412 3971 1560 4036 nobilem
1580 3972 1685 4038 virum

342 4064 519 4156 hubertum,
535 4077 695 4143 comitem
712 4086 746 4144 et
771 4077 993 4143 comunitates
1019 4074 1183 4154 Flandrie,
1199 4095 1297 4159 super
1321 4074 1517 4159 quibusdam
1541 4076 1687 4142 articulis

342 4178 414 4256 pacis
436 4180 518 4247 olim
543 4180 631 4245 inter
657 4182 743 4247 clare
771 4180 931 4245 memorie
958 4179 1159 4264 Philippum,
1183 4199 1294 4262 regern
1325 4178 1473 4256 Francie,
1497 4178 1576 4244 dicti
1602 4181 1687 4262 regis

343 4286 519 4364 genitorem,
535 4284 616 4351 dum
640 4283 749 4351 adhuc
773 4284 912 4362 viveret,
937 4282 1097 4348 comitem
1123 4291 1157 4346 et
1185 4281 1407 4346 comunitates
1433 4281 1522 4367 ipsos
1547 4281 1628 4346 inite
1652 4291 1687 4347 et

341 4378 511 4459 juramento
527 4388 660 4469 vallate,
671 4409 712 4452 ex
729 4389 843 4468 altera,
852 4386 951 4452 certis
967 4384 1247 4451 conventionibus
1258 4383 1390 4463 habitis,
1401 4393 1513 4470 partes
1529 4385 1609 4470 ipse,
1627 4406 1687 4470 pro

345 4493 605 4558 conventionibus
631 4490 840 4576 complendis
866 4488 992 4555 eisdem
1016 4498 1050 4554 et
1066 4486 1301 4552 inviolabiliter
1316 4488 1542 4569 observandis
1558 4489 1635 4553 dare
1652 4500 1686 4555 et

345 4605 470 4671 prestare
485 4598 572 4662 tales
588 4595 731 4660 invicem
748 4592 934 4660 securitatis
950 4592 1077 4657 litteras
1094 4612 1159 4676 que
1179 4591 1342 4656 deberent
1358 4588 1509 4655 sufficere
1526 4592 1687 4675 promise-

371 4778 389 4810 1.
404 4768 429 4813 Η
442 4782 550 4831 infraque
559 4781 609 4830 rep.
628 4767 680 4814 l'ur.
697 4795 728 4800 —
741 4767 760 4814 l.
774 4767 982 4826 nuntiorumque
994 4781 1043 4825 regi.

351 4903 773 4922 χ---.-.-...--.,-.
784 4915 796 4918 -
821 4915 825 4918 .
841 4915 872 4918 -..

375 5004 390 5051 ¹·
405 5009 466 5058 Cet
478 5010 606 5074 peut-etro
618 5024 647 5058 re
659 5024 816 5073 porsennam>
827 5010 872 5068 qui
885 5015 918 5055 ost
935 5006 985 5053 riti·
998 5022 1055 5052 sons
1066 5006 1090 5053 lu
1102 5020 1160 5052 nour
1173 5006 1205 5053 de
1218 5006 1335 5068 unipialm·
1346 5006 1475 5053 ,1111111111
1489 5005 1572 5052 1111111
1585 5006 1687 5080 Illumne,

352 5088 452 5139 turudum
462 5092 597 5157 presbyter
616 5088 1110 5138 1111111111(1111111111111111
1132 5088 1222 5135 o'umvi
1244 5087 1377 5136 ,11111111
1393 5086 1529 5149 ,l'irrulupr‘
1540 5086 1571 5133 111
1583 5086 1682 5144 l‘lrllliu

353 5162 478 5222 *riudam
488 5174 684 5237 (Sirini-Barna
692 5176 702 5229 l
717 5172 731 5218 d
750 5158 937 5233 (lurulsprrhlid
949 5186 995 5233 par·
1007 5170 1038 5218 N.
1051 5169 1082 5215 do
1097 5170 1182 5217 l'auvv.
1196 5184 1219 5230 p.
1233 5173 1271 5217 :ta

391 5289 482 5333 Analecta
490 5287 686 5339 raticanobelglca.
699 5288 730 5327 ll.
