4409 6017
418 741 452 816 ‘L‘
482 745 483 748 ’
1009 735 1192 813 Firmulaire

462 896 691 951 Contradictores
708 897 875 950 auctoritate
890 906 985 949 nostra
1001 906 1055 951 etc.

463 976 571 1032 Datum
591 988 620 1031 ut
640 995 734 1043 supra.

1082 1173 1130 1252 4.

720 1424 948 1476 corearron
974 1403 1066 1473 n’uv
1092 1397 1290 1474 savarres
1315 1422 1490 1478 vacant.

990 1571 995 1579 ·
1050 1539 1087 1601 (n.
1110 1542 1180 1603 616).

464 1669 576 1723 Dilecto
600 1666 661 1721 filio
686 1667 838 1720 Guillelmo
863 1667 974 1721 Thome
997 1666 1065 1719 dicti
1088 1668 1128 1720 de
1147 1666 1292 1731 Verduno‚
1323 1677 1462 1732 perpetuo
1492 1668 1642 1731 capellano
1671 1667 1756 1722 ecclesi

429 1749 465 1802 de
489 1749 670 1813 Lovignoliis,
695 1747 859 1802 Leodiensis
882 1748 1010 1809 diocesis,
1034 1748 1158 1800 salutem
1180 1758 1232 1801 etc.

463 1830 590 1895 Exigunt
610 1831 756 1897 probitatis
776 1842 825 1885 tue
844 1831 945 1885 merita
965 1848 1050 1894 super
1069 1830 1173 1894 quibus
1200 1830 1344 1884 laudabile
1370 1830 1419 1884 tibi
1446 1830 1638 1886 testimonium
1662 1830 1756 1898 perhibe

428 1925 480 1977 tur,
503 1923 534 1966 ut
557 1931 609 1967 nos
632 1931 784 1978 personam
807 1923 884 1966 tuam
908 1912 1038 1975 specialis
1060 1912 1159 1965 lavore
1182 1912 1273 1976 gratie
1299 1930 1511 1976 prosequamur.

464 1997 538 2049 Cum
562 1996 657 2061 itaque
684 2007 820 2061 perpetua
846 1996 1004 2059 capellania
1030 1995 1152 2049 ecclesie
1181 1996 1219 2049 de
1251 1997 1432 2061 Lovignoliis,
1465 1996 1631 2051 Leodiensis
1660 1996 1756 2051 diocesis

428 2078 606 2144 prepositura
637 2078 705 2132 inibi
735 2078 889 2140 vulgariter
918 2087 1088 2141 nuncupata,
1110 2094 1162 2141 per
1178 2076 1297 2131 liberam
1315 2062 1538 2141 resignationem
1555 2079 1650 2132 dilecti
1666 2078 1756 2131 iiliinta

427 2159 509 2223 gistri
524 2160 658 2222 Symonis
676 2160 712 2212 de
733 2159 951 2224 Marvilla,juris
969 2159 1056 2213 civilis
1074 2160 1252 2226 professoris
1279 2160 1419 2224 capellani
1446 2160 1542 2226 nostri,
1568 2171 1637 2213 tunc
1662 2158 1756 2223 ejusden

429 2241 548 2295 ecclesie
572 2241 702 2304 perpetui
727 2240 875 2304 capellani,
900 2240 1005 2292 iactam
1031 2240 1108 2304 apud
1129 2241 1234 2293 Sedent
1257 2240 1443 2306 apostolicam
1466 2259 1518 2305 per
1541 2242 1674 2295 dilectum
1696 2241 1756 2295 liliutr

428 2322 596 2388 magistrum
620 2322 794 2374 Herbertum
816 2322 853 2373 de
876 2322 997 2384 Amella,
1020 2334 1234 2387 procuratorem
1249 2339 1339 2386 suum,
1356 2322 1394 2375 ad
1407 2323 1461 2375 hoc
1475 2323 1512 2375 ab
1528 2340 1563 2376 eo
1577 2323 1697 2388 speciale
1709 2336 1756 2376 nau

427 2404 531 2458 datum·
554 2404 717 2467 habentem,
747 2403 775 2456 in
802 2403 934 2455 inanibus
963 2403 1057 2456 dilecti
1086 2403 1141 2457 lilii
1161 2403 1248 2457 nostri
1268 2403 1419 2466 Guillelmi,
1440 2403 1602 2459 S.,Nicolai
1622 2405 1649 2457 in
1668 2403 1756 2455 Carccr

427 2486 560 2540 Tulliano
587 2486 700 2539 diaconi
728 2485 887 2549 cardinalis,
915 2484 1139 2547 resignationem
1155 2484 1319 2547 hujusmodi
1336 2486 1373 2539 de
1390 2486 1526 2539 mandato
1542 2495 1640 2539 nostro
1658 2483 1756 2547 recipiet

428 2571 471 2635 tis,
488 2568 565 2635 apud
581 2569 687 2622 Sedern
701 2567 792 2631 ipsam
806 2584 908 2620 vacare
924 2577 1057 2620 noscatur
1071 2567 1108 2619 ad
1129 2584 1254 2631 presens,
1281 2567 1431 2632 nullusque
1457 2577 1553 2631 preter
1576 2585 1629 2621 nos
1654 2568 1688 2621 de
1711 2565 1756 2620 dict

429 2653 587 2719 capellania
604 2653 755 2715 disponere
773 2652 861 2715 possit
877 2668 928 2715 pro
946 2669 980 2704 eo
997 2651 1074 2715 quod
1089 2668 1143 2703 nos
1164 2651 1212 2703 diu
1231 2661 1298 2703 ante
1317 2652 1494 2717 vacationem
1514 2651 1676 2714 huiusmodi
1694 2647 1756 2704 onitu

356 2799 359 2805 ¹
429 2729 571 2782 beneiicia
591 2731 783 2785 ecclesiastica
803 2742 871 2785 tunc
889 2732 967 2797 apud
986 2732 1090 2785 Sedem
1112 2731 1202 2795 ipsam
1223 2732 1352 2785 vacantia
1376 2743 1402 2784 et
1424 2734 1451 2785 in
1473 2742 1557 2785 antea
1578 2744 1708 2786 vacatura
1724 2745 1756 2794 ur(

430 2809 530 2864 visioni
552 2822 647 2865 nostre
669 2813 799 2865 durdmus
822 2814 1000 2874 reservanda,
1023 2812 1205 2866 decernendo
1232 2823 1334 2867 extunc
1362 2812 1470 2866 irritum
1496 2823 1523 2865 et
1549 2813 1635 2866 inane
1661 2813 1683 2865 si
1706 2824 1756 2863 secu

429 2910 515 2958 super
530 2894 583 2947 hiis
601 2912 618 2947 a
636 2912 781 2959 quoquam
796 2896 895 2958 quavis
911 2896 1078 2948 auctoritate
1095 2895 1220 2948 scienter
1237 2896 1282 2947 vel
1300 2896 1463 2958 ignoranter
1481 2895 1659 2959 contingeret
1676 2904 1756 2954 atterat

426 2972 487 3035 tan',
1342 3018 1344 3022 .
1395 3018 1398 3023 .

464 3072 517 3122 nos
540 3055 667 3109 volentes
688 3056 738 3108 tibi
760 3055 952 3122 predictorum
973 3056 1141 3109 meritorum
1158 3060 1259 3110 intuitu
1280 3072 1307 3109 et
1325 3056 1454 3119 ejusdem
1472 3058 1612 3121 Symonis,
1632 3076 1682 3125 pro
1698 3069 1723 3110 te
1736 3071 1756 3107 ru

430 3147 497 3202 pote
519 3154 579 3203 suo,
602 3137 684 3191 nobis
708 3154 793 3201 super
814 3138 869 3190 hoc
890 3138 1033 3191 humiliter
1056 3138 1250 3203 supplicantis,
1270 3139 1427 3193 devotionis
1446 3141 1573 3206 obtentu,
1592 3136 1756 3205 apostolice}

428 3218 584 3273 beralitatis
605 3220 722 3281 januam
743 3221 861 3284 aperire,
882 3220 1070 3285 capellaniam
1090 3221 1249 3284 predictam
1267 3221 1308 3275 sic
1324 3232 1473 3275 vacantem
1499 3239 1566 3275 cum
1581 3223 1710 3276 omnibus
1724 3220 1756 3283 jur

428 3301 482 3355 bus
501 3311 528 3354 et
547 3301 723 3365 pertinentiis
740 3303 797 3355 suis
815 3300 971 3364 apostolica
989 3301 1039 3355 tibi
1056 3302 1224 3356 auctoritate
1247 3304 1420 3357 conferimus
1445 3314 1472 3357 et
1494 3305 1530 3357 de
1554 3305 1602 3358 illa
1625 3306 1709 3359 etiam
1727 3317 1756 3366 pr*

427 3383 565 3447 videmus,
584 3384 778 3448 decernentes,
798 3393 881 3446 prout
898 3390 948 3444 est,
962 3381 1071 3435 irritum
1092 3392 1119 3435 et
1143 3383 1234 3444 inane,
1264 3384 1288 3437 si
1313 3401 1394 3437 secus
1421 3401 1507 3449 super
1531 3384 1587 3437 hoc
1612 3402 1630 3437 a
1649 3396 1756 3449 quoquo

430 3466 529 3532 quavis
560 3466 727 3519 auctoritate
765 3474 962 3529 attemptatum
993 3466 1090 3519 forsan
1113 3477 1153 3519 est
1184 3466 1321 3519 hactenus
1350 3466 1395 3518 vel
1426 3466 1576 3530 contigerit
1606 3466 1756 3531 impostertu

428 3549 598 3615 attemptari,
1362 3586 1365 3592 ·
1399 3584 1402 3591 ·

464 3649 523 3685 non
540 3632 719 3685 obstantibus
737 3632 760 3684 si
780 3630 866 3694 aliqui
884 3647 970 3695 super
985 3628 1194 3694 provisionibus
1215 3630 1269 3683 sibi
1291 3629 1428 3684 iaciendis
1449 3632 1485 3684 de
1507 3632 1651 3696 perpetuis
1673 3630 1756 3695 capell

429 3712 482 3766 niis
503 3714 547 3766 vel
571 3714 633 3767 aliis
654 3713 801 3766 beneficiis
825 3712 1021 3765 ecclesiasticis
1044 3712 1074 3765 in
1094 3712 1207 3765 civitate
1226 3731 1259 3766 ac
1280 3713 1385 3767 diocesi
1405 3714 1556 3767 Leodiensi
1574 3715 1719 3780 speciales,
1735 3729 1756 3765 se

428 3797 458 3850 in
479 3797 533 3851 illis
557 3797 683 3861 partibus
705 3796 855 3858 generales
876 3804 987 3847 nostras
1009 3796 1054 3847 vel
1075 3795 1313 3858 predecessorum
1332 3806 1492 3849 nostrorum
1512 3797 1705 3851 Romanorum
1722 3811 1756 3863 po

428 3879 539 3933 tilicum
554 3879 613 3932 sive
628 3879 786 3941 legatorum
800 3876 887 3941 ipsius
903 3877 984 3931 Sedis
1000 3877 1107 3930 litteras
1129 3878 1312 3942 impetrarint,
1337 3880 1423 3931 etiam
1444 3880 1468 3933 si
1489 3896 1541 3942 per
1564 3897 1612 3933 eas
1636 3881 1674 3933 ad
1693 3879 1756 3934 inhil

429 3962 544 4025 tionem,
566 3962 787 4015 reservationem
809 3970 836 4013 et
858 3959 1003 4013 decretum
1025 3960 1068 4011 vel
1092 3956 1171 4012 alias
1189 3960 1404 4024 quomodolibet
1429 3961 1464 4014 sit
1491 3961 1756 4028 processum-quib

427 4042 561 4096 omnibus
586 4052 614 4095 te
640 4042 668 4094 in
693 4041 871 4093 assecutione
896 4040 971 4093 dicte
996 4040 1155 4106 capellanie
1171 4041 1302 4095 volumus
1319 4043 1462 4107 anteferri,
1478 4043 1530 4097 sed
1545 4043 1655 4098 nullum
1671 4060 1720 4109 per
1732 4042 1756 4094 hr

428 4126 468 4180 eis
489 4124 585 4190 quoad
606 4123 814 4175 assecutionem
835 4132 1034 4186 perpetuarum
1054 4118 1279 4186 capellaniarum
1296 4135 1324 4177 et
1342 4124 1548 4179 beneficiorum
1565 4126 1685 4181 aliorum
1701 4126 1754 4192 prej

428 4200 533 4255 dicium
551 4205 690 4267 generari,
710 4221 761 4256 seu
779 4206 801 4258 si
819 4203 974 4257 venerabili
993 4203 1073 4257 iratri
1089 4214 1189 4261 nostro
1209 4253 1232 4263 ,,
1254 4208 1388 4271 episcopo
1409 4209 1560 4263 Leodiensi
1581 4212 1626 4264 vel
1647 4212 1756 4276 quibust

428 4285 490 4339 aliis
510 4286 698 4339 communiter
714 4286 759 4339 vel
778 4286 888 4340 divisim
917 4287 953 4339 ab
973 4288 1074 4339 eadem
1094 4287 1221 4341 sitSede
1239 4290 1379 4343 indultum
1394 4290 1470 4355 quod
1485 4293 1523 4345 ad
1538 4296 1728 4359 receptionem
1740 4311 1755 4344 v

428 4363 618 4425 provisionem
644 4366 763 4431 alicujus
789 4367 905 4422 minime
931 4371 1080 4421 teneantur
1111 4378 1138 4421 et
1153 4369 1191 4422 ad
1208 4370 1235 4424 id
1251 4372 1383 4436 compelli
1398 4389 1456 4426 non
1472 4374 1581 4437 possint
1604 4376 1756 4440 quodque<

427 4447 571 4510 perpetuis
588 4449 753 4512 capellaniis
770 4449 815 4502 vel
832 4448 893 4503 aliis
910 4449 1056 4503 beneficiis
1074 4451 1274 4507 ecelesiasticis
1315 4454 1353 4506 ad
1394 4471 1492 4509 eorum
1531 4456 1712 4511 collationem
1741 4473 1756 4507 v

427 4531 556 4594 quamvis
572 4533 659 4586 aliam
675 4533 889 4598 dispositionem
904 4532 1076 4596 conjunctim
1091 4535 1135 4587 vel
1154 4527 1307 4600 separatim
1324 4538 1517 4601 spectantibus
1533 4540 1603 4595 nulli
1619 4542 1712 4594 valeat
1728 4557 1756 4604 pr

427 4610 516 4666 videri
538 4631 589 4678 per
612 4614 719 4668 litteras
741 4615 911 4679 apostolicas
934 4633 991 4669 non
1014 4615 1153 4670 iacientes
1172 4618 1288 4681 plenam
1308 4629 1336 4672 et
1356 4637 1519 4685 expressam
1537 4612 1571 4675 ac
1592 4623 1628 4677 de
1646 4623 1732 4677 verbo
1749 4636 1756 4672 ε

427 4698 546 4771 verbum
563 4697 599 4748 dc
619 4696 728 4749 indulto
745 4696 908 4758 hujusmodi
924 4698 1106 4761 mentionem,
1129 4707 1158 4752 et
1179 4698 1307 4770 qualibet
1330 4700 1386 4754 alia
1409 4701 1484 4756 dicte
1508 4702 1598 4770 Sedis.
1609 4704 1757 4768 indulgent

426 4778 555 4843 generali
584 4780 628 4831 vel
659 4779 776 4844 speciali
806 4779 1009 4843 cujuscumque
1039 4780 1147 4834 tenoris
1167 4773 1283 4840 existat,
1297 4798 1349 4847 per
1366 4800 1453 4848 quam
1472 4775 1652 4848 presentibus
1672 4802 1756 4841 none

426 4879 554 4927 pressam
576 4863 621 4915 vel
646 4861 770 4916 totaliter
792 4879 848 4915 non
873 4862 1007 4916 insertam
1031 4862 1154 4916 effectus
1173 4863 1335 4925 hujusmodi
1354 4868 1445 4929 gratie
1463 4867 1594 4933 impediri
1612 4868 1705 4922 valeat
1723 4883 1756 4933 qu

426 4943 583 4998 modolibet
595 4944 642 4997 vel
656 4943 766 4998 differri
790 4952 817 4995 et
830 4945 866 4996 de
881 4961 937 5007 qua
950 4944 1087 5008 cuiusque
1108 4954 1168 4998 toto
1189 4955 1287 4999 tenore
1309 4946 1373 5001 fieri
1392 4948 1497 5001 debeat
1518 4949 1548 5004 in
1569 4951 1672 5005 nostris
1692 4950 1756 5004 linet

425 5026 533 5096 mentio
551 5027 690 5094 specialis.
1225 5052 1229 5061 ·
1743 5056 1746 5060 .

410 5147 421 5169 .·
463 5108 543 5164 Nulli
559 5119 610 5163 etc.
628 5118 723 5162 nostre
739 5108 904 5170 collationis,
920 5107 1087 5172 provisionis
1109 5117 1137 5159 et
1153 5108 1360 5165 constitutionis
1378 5122 1430 5167 etc.

463 5192 572 5247 Datum
598 5190 737 5244 Avinione
767 5190 793 5242 ll
821 5189 859 5242 id.
885 5188 946 5244 iulii
972 5206 1048 5243 anno
1074 5192 1208 5245 secundo.
1247 5213 1249 5220 ⁴
