4409 6017
419 718 476 785 314
949 723 1118 799 Quatri'eme
1139 721 1240 788 annte.

419 869 573 938 habilitat
588 883 622 940 et
635 872 782 953 inclinat,
799 874 995 940 exhibemus
1009 874 1132 959 gratias
1147 893 1230 958 quas
1244 873 1404 938 valemus.
1421 872 1517 955 Sane,
1534 871 1592 953 fili,
1608 872 1690 957 quia
1715 874 1782 939 sola

420 975 506 1043 inter
520 979 661 1046 virtutes
675 991 822 1047 meretur
837 980 1084 1068 perseverantia
1100 980 1259 1058 coronari,
1276 980 1448 1043 hortamur
1463 986 1498 1043 te
1521 978 1553 1042 in
1581 978 1736 1044 Domino
1750 987 1783 1044 et

417 1087 560 1166 patemo
574 1103 731 1168 rogamus
745 1084 869 1151 affectu
884 1091 1059 1170 quatenus,
1076 1084 1162 1149 intra
1178 1083 1285 1150 cordis
1300 1082 1446 1148 archana
1461 1081 1606 1148 comoda
1629 1083 1781 1167 cogitans

418 1190 454 1249 et
467 1186 655 1272 recogitans
669 1187 845 1274 diligenter
860 1209 924 1273 que
940 1210 981 1254 ex
997 1188 1148 1274 predicta
1163 1187 1254 1273 pacis
1269 1185 1526 1271 perseverantia,
1542 1193 1578 1250 et
1601 1185 1780 1251 incomoda

420 1307 485 1372 que
501 1311 542 1354 ex
558 1291 628 1376 ejus
643 1302 780 1378 possent
796 1293 1025 1371 dissolutione,
1042 1314 1142 1377 quam
1154 1298 1286 1357 avertat
1302 1290 1478 1374 Dominus,
1494 1289 1683 1375 provenire,
1695 1289 1778 1356 circa

419 1392 490 1476 ejus
504 1394 768 1462 stabilimentum
784 1405 818 1462 et
834 1397 1064 1463 fulcimentum
1087 1396 1210 1462 instare
1226 1394 1341 1462 sedule
1363 1413 1433 1458 non
1456 1393 1628 1474 obmittas,
1650 1413 1778 1479 queque

420 1495 463 1561 ad
478 1496 542 1564 hec
556 1500 728 1586 profutura
742 1502 950 1588 amplectens
976 1500 1074 1566 avide
1097 1508 1133 1565 et
1156 1499 1310 1565 obfutura
1342 1505 1536 1564 constanter
1559 1517 1723 1583 respuens
1746 1507 1777 1561 et

420 1601 595 1687 repellens,
606 1603 649 1669 ad
659 1626 724 1689 que
740 1606 854 1691 utique
870 1605 1057 1693 promptius
1072 1604 1270 1689 exequenda
1284 1624 1353 1669 non
1369 1601 1475 1668 deerit
1491 1601 1671 1668 solicitudo
1686 1621 1776 1687 apos·

420 1704 534 1788 tolica,
550 1707 609 1774 sed
624 1716 790 1797 prompte,
807 1710 909 1776 dante
926 1708 1086 1788 Domino,
1103 1707 1220 1790 aderit,
1236 1709 1262 1774 si
1279 1715 1314 1773 et
1330 1707 1485 1793 quotiens
1500 1726 1587 1792 opus
1610 1705 1685 1771 erit.
1702 1705 1774 1771 Dat.

420 1809 519 1877 Avin.
537 1831 554 1896 3
570 1822 584 1846 ⁶
599 1812 642 1878 id.
658 1813 857 1899 septembris
871 1834 962 1879 auno
977 1835 1008 1898 4.
1025 1835 1043 1876 r

453 1946 570 2009 original
581 1964 634 1997 aux
646 1951 769 2000 Archivee
778 1951 811 2000 de
822 1937 905 1999 l'dtat
916 1954 932 1999 d
944 1950 1027 2009 Gaud,
1040 1950 1142 1999 chartea
1152 1950 1197 2000 dee
1208 1954 1306 1999 comtes
1316 1948 1349 1997 de
1361 1948 1482 2007 Flaudre,
1492 1961 1519 1997 n.
1530 1948 1601 1997 1367.
1612 1974 1647 1983 -
1658 1946 1772 2010 Begl'at.

421 2030 542 2093 110,pars
554 2031 576 2091 1,
589 2032 607 2081 t.
622 2034 672 2090 dlv,
686 2048 711 2082 n.
720 2036 775 2083 212.
787 2062 819 2069 -
829 2033 862 2082 de
874 2030 999 2096 Lirnburg
1011 2034 1116 2093 Stirum,
1133 2032 1216 2082 arder
1233 2031 1414 2096 diplomaticus
1432 2029 1586 2090 Flaadriae,
1603 2035 1624 2079 t.
1644 2030 1678 2091 11,
1691 2044 1716 2094 p.
1732 2030 1771 2077 3³3

420 2111 526 2174 (texte).
537 2139 570 2149 -
582 2115 689 2175 Coulon,
703 2130 728 2166 n.
744 2116 791 2165 935
802 2117 907 2179 (texte).

464 2277 576 2361 762.
1376 2314 1473 2380 1319,
1489 2313 1531 2359 rr
1547 2293 1735 2380 septembre.

462 2394 768 2466 Communitatibus
781 2399 936 2467 villarum
952 2398 1139 2485 Brugensis,
1152 2396 1393 2479 Gandavensis,
1409 2395 1568 2484 Yprensis
1588 2402 1624 2462 et
1640 2394 1769 2462 Dlxmu·

421 2498 532 2567 densis
549 2502 595 2586 (¹)
611 2503 763 2572 scribitur
777 2501 815 2571 ut
830 2524 949 2590 pacem
965 2524 1166 2570 conservare
1182 2503 1352 2570 studeant.

466 2673 642 2742 «Dilectis
666 2675 741 2743 filiis
767 2676 1000 2744 communitati
1027 2677 1106 2742 ville
1133 2676 1310 2761 Brugensis
1325 2675 1345 2742 ⁶.
1370 2674 1461 2742 Sicut
1479 2694 1541 2741 vos
1565 2682 1601 2740 et
1616 2674 1768 2759 reliquum

422 2773 661 2844 Flandrensem
672 2781 835 2866 populum
846 2780 956 2846 Deum
968 2782 1087 2846 timere
1097 2788 1132 2845 et
1143 2787 1390 2846 sacrosanctam
1398 2777 1589 2844 Romanam
1602 2776 1769 2844 ecclesiam

420 2882 561 2947 revereri
577 2884 687 2969 sepius
702 2905 764 2951 nos
778 2884 942 2952 audivisse
957 2884 1180 2965 meminimus,
1193 2884 1240 2951 sic
1255 2883 1409 2971 profecto
1424 2884 1458 2949 in
1474 2882 1559 2950 libro
1574 2878 1769 2969 experientie

420 2993 535 3072 aperte
550 2987 691 3073 legimus
706 2988 769 3054 hiis
783 2989 910 3070 diebus,
926 2988 1060 3074 quando
1075 3008 1147 3070 vos,
1162 2988 1295 3055 excludi
1322 3009 1342 3054 a
1357 2986 1576 3074 perceptione
1591 3003 1769 3053 sacramen-

420 3099 532 3157 torum
547 3099 582 3157 et
598 3092 836 3160 communione
852 3092 1000 3159 fidelium
1023 3112 1082 3179 per
1104 3100 1235 3159 nostras
1260 3091 1445 3159 sententias
1469 3090 1698 3172 formidantes,
1714 3099 1771 3155 stu·

420 3194 538 3261 duistis
560 3205 716 3284 prompte
740 3197 833 3284 pacis
859 3197 971 3263 federa
997 3196 1124 3263 dudum
1148 3196 1235 3262 inter
1251 3196 1457 3264 carissimum
1473 3195 1507 3261 in
1524 3194 1662 3262 Christo
1677 3194 1771 3260 filium

422 3310 572 3366 nostrum
590 3286 790 3388 Philippum,
806 3302 968 3368 illustrem
983 3322 1096 3386 regem
1110 3299 1250 3368 Francie
1267 3310 1301 3367 et
1318 3299 1480 3381 Navarre,
1495 3307 1578 3365 tunc
1592 3319 1696 3385 regna
1711 3316 1772 3384 pre·

421 3404 512 3471 dicta
526 3415 708 3489 regentem,
724 3415 759 3472 et
775 3428 836 3473 vos
852 3406 943 3487 inita,
960 3405 1047 3471 datis
1063 3413 1096 3470 et
1113 3406 1256 3491 receptis
1275 3405 1374 3470 certis
1389 3405 1468 3470 hinc
1495 3403 1574 3468 inde
1595 3400 1772 3469 securitati·

422 3512 492 3586 bus,
508 3513 672 3576 roborare.
691 3510 767 3576 Hec
794 3510 957 3596 profecto,
974 3510 1042 3589 filii,
1059 3510 1185 3594 angelis
1211 3509 1335 3575 cedunt
1362 3508 1404 3574 ad
1431 3507 1602 3593 gaudium,
1618 3506 1714 3572 vobis
1739 3502 1772 3569 ad

422 3614 588 3694 meritum,
612 3614 731 3680 ceteris
755 3613 797 3679 ad
822 3615 1025 3699 exemplum.
1053 3612 1129 3679 Hec
1154 3634 1216 3678 nos
1237 3614 1333 3678 vobis
1355 3621 1389 3678 et
1414 3631 1623 3678 successores
1649 3620 1773 3676 nostros

423 3717 565 3782 reddunt
582 3719 744 3783 obnoxios
761 3726 796 3783 ut
812 3718 931 3782 vestris
947 3717 1155 3798 utilitatibus
1173 3718 1329 3801 quotiens
1355 3737 1406 3782 res
1430 3716 1574 3800 exigent,
1594 3715 1774 3802 promptius

424 3822 646 3887 intendamus.
664 3821 728 3886 Pro
744 3822 807 3886 hiis
837 3832 951 3887 autem
980 3820 1198 3886 devotionem
1224 3829 1368 3886 vestram
1394 3819 1625 3905 multipliciter
1649 3836 1774 3884 comen·

424 3924 552 4005 dantes,
565 3925 669 3990 actori
685 3925 777 4011 pacis
792 3935 826 3990 et
841 3925 951 4010 gracie
967 3924 1113 4008 largitori
1126 3924 1248 4007 gratias
1264 3923 1468 3989 exsolvimus
1479 3920 1659 3986 humiliato
1669 3919 1775 4006 spiritu

423 4050 505 4114 quas
531 4030 690 4094 valemus.
707 4029 792 4093 Sane
816 4029 893 4114 quia
918 4048 1036 4113 parum
1061 4036 1113 4092 est
1137 4030 1223 4092 bene
1251 4027 1359 4093 facere
1386 4027 1554 4105 inchoare,
1579 4024 1645 4089 nisi
1662 4024 1776 4089 faciens

424 4132 577 4218 inceptis
593 4131 707 4197 sedule
723 4132 856 4198 studeat
872 4132 1060 4217 perdurare,
1068 4152 1145 4196 cum
1161 4131 1222 4195 soli
1236 4130 1482 4216 perseverantie
1493 4148 1618 4194 corona
1630 4135 1777 4193 noscatur

424 4238 528 4320 glorie
543 4237 751 4322 repromissa,
768 4237 942 4301 caritatem
957 4244 1103 4300 vestram
1120 4235 1292 4300 hortamur
1309 4235 1341 4298 in
1358 4234 1509 4300 Domino
1524 4242 1560 4297 et
1571 4235 1776 4297 obsecramur

425 4361 483 4426 per
508 4342 633 4406 iiscera
657 4339 881 4404 misericordie
906 4338 1010 4416 Jhesu
1035 4338 1159 4403 Christi
1186 4348 1350 4423 quatenus
1378 4339 1465 4405 circa
1487 4335 1724 4401 stabiliendam
1748 4342 1775 4395 et

424 4443 660 4509 inviolabiliter
704 4442 947 4508 observandam
985 4462 1104 4527 pacem
1138 4442 1339 4526 hujusmodi,
1385 4441 1501 4525 utique
1536 4439 1613 4505 Deo
1645 4448 1774 4524 gratam

424 4546 574 4631 partibus
598 4553 799 4631 oportunam
834 4553 868 4608 et
896 4544 958 4610 toti
983 4544 1110 4610 mundo
1140 4544 1329 4630 perutilem,
1360 4564 1399 4609 ac
1429 4542 1619 4628 specialiter
1646 4540 1776 4627 negocio

424 4649 525 4714 Terre
551 4651 682 4730 Sancte,
700 4649 849 4734 vigilanti
866 4649 977 4714 studio
994 4648 1186 4729 intendatis
1202 4656 1399 4734 respuentes
1415 4667 1545 4731 queque
1562 4646 1609 4710 illi
1633 4646 1775 4711 obfutura

457 4840 481 4872 a.
494 4824 518 4870 le
531 4840 580 4888 req.
591 4840 606 4870 u
620 4826 633 4871 l
646 4823 691 4880 id.;
702 4823 791 4883 ilfurt
799 4820 919 4885 prrfse'rer
931 4821 956 4867 la
970 4820 1030 4868 drale
1041 4819 1072 4867 de.
1085 4819 1222 4882 l'oripinrd.
1236 4848 1266 4854 —
1279 4820 1300 4869 b.
1318 4820 1454 4880 Burgensix
1467 4833 1516 4881 req.

462 5089 481 5133 l.
497 5086 536 5131 On
549 5091 639 5132 trouve
650 5085 714 5132 daus
727 5086 750 5132 lc
762 5100 811 5144 reg.
829 5085 886 5133 l'at.
900 5086 951 5140 110,
961 5100 1020 5147 pam
1033 5085 1051 5143 l,
1060 5086 1078 5132 l.
1093 5086 1131 5139 tta,
1145 5097 1170 5131 n.
1186 5084 1240 5140 rit,
1254 5082 1277 5129 lc
1289 5081 1399 5130 textede
1411 5080 1436 5131 la
1449 5080 1525 5130 lettre
1535 5077 1653 5129 adress&
1663 5081 1679 5127 a
1691 5079 1715 5127 ln
1727 5074 1775 5123 villi·

428 5167 460 5215 do
477 5168 609 5225 llixnnnlc,
622 5169 665 5228 qni
681 5165 771 5212 diffluo
783 5169 796 5212 h
811 5168 886 5228 peine
897 5166 929 5213 do
940 5166 1004 5214 celle
1016 5168 1061 5228 qui
1074 5170 1113 5213 cst
1126 5163 1320 5227 reproduiteici.
