4409 6017
879 733 1048 811 Quatrilne
1069 731 1171 797 anne'e.
1646 732 1708 797 333

387 914 505 997 824.
933 909 937 918 ’
1405 941 1499 1004 1320,
1525 942 1665 1005 100101.

387 1032 561 1097 Willelmo
587 1032 630 1097 de
655 1030 851 1097 Petershem
885 1027 1056 1094 confertur
1088 1026 1306 1092 canonicatus
1341 1024 1481 1090 ecclesie
1511 1025 1543 1091 S.
1569 1026 1709 1091 Servatii

340 1135 579 1219 Trajectensis,
596 1133 791 1200 Leodiensis
805 1132 957 1213 diocesis,
969 1132 1030 1196 sub
1046 1128 1283 1216 expectatione
1299 1127 1479 1215 prebende.

389 1240 489 1305 Circa
504 1259 714 1325 personam...

388 1344 470 1409 Dat.
485 1343 587 1407 Avin.
609 1363 645 1426 14
661 1342 728 1408 kal.
741 1341 823 1427 junii
839 1351 852 1376 ⁰
868 1360 958 1405 anno
974 1362 1005 1423 4.

387 1447 430 1512 In
447 1468 476 1513 e.
493 1469 537 1512 m.
554 1446 685 1513 decano
699 1445 737 1510 B.
749 1444 857 1511 Marie
869 1442 1103 1529 Trajecteusis
1115 1441 1311 1508 Leodiensis
1320 1441 1472 1522 diocesis,
1490 1449 1524 1507 et
1540 1444 1710 1529 preposito

341 1552 373 1618 S.
392 1550 533 1617 Martini
558 1549 753 1617 Leodiensis
778 1570 817 1615 ac
832 1547 1004 1613 Willelmo
1030 1547 1073 1613 de
1098 1545 1304 1627 Brunshom,
1326 1546 1489 1612 canonico
1515 1544 1711 1612 Leodierrsis

342 1656 574 1723 ecclesiarum.

377 1795 439 1850 Bega.
452 1795 500 1841 Ar.
515 1795 550 1852 13,
563 1793 582 1840 1.
597 1793 644 1839 556
655 1807 661 1847 ;
673 1790 733 1840 vat.
746 1793 785 1850 tu,
797 1791 815 1839 1.
828 1791 895 1850 1801,
908 1805 935 1841 11.
951 1791 1022 1837 litu.

390 1977 505 2062 825·
1420 2004 1516 2066 1320,
1531 2004 1552 2047 2
1549 2005 1575 2067 3
1591 1986 1668 2050 01111.

389 2096 539 2176 Johanni
567 2096 660 2162 dicto
687 2094 825 2174 Feloris,
855 2092 1041 2180 presbitero
1072 2089 1260 2170 Leodiensi,
1295 2097 1483 2155 reservatur
1511 2089 1712 2155 beneficium

345 2201 612 2269 ecclesiasticum
629 2199 671 2264 ad
687 2199 903 2264 collationem
920 2196 1068 2281 episcopi
1085 2193 1341 2274 Suessionensis,
1357 2213 1426 2258 non
1446 2196 1602 2258 obstante
1623 2193 1713 2278 quod

345 2306 549 2372 beneficium
565 2304 607 2370 ad
623 2303 839 2369 collationem
864 2300 982 2367 decani
1007 2298 1150 2365 ecclesie
1172 2295 1210 2363 B.
1228 2296 1337 2363 Marie
1352 2297 1530 2382 Aquensis,
1547 2295 1712 2363 Leodien-

345 2411 390 2476 sis
406 2409 559 2489 diocesis,
576 2417 744 2493 expectat.

391 2514 487 2578 Sedis
502 2511 727 2597 apostolice...

392 2616 473 2681 Dat.
490 2614 590 2679 Avin.
610 2634 648 2679 ro
660 2613 726 2679 kal.
739 2612 822 2699 junii
838 2632 929 2688 anno
944 2636 975 2697 4.

395 2718 436 2784 In
454 2739 484 2784 e.
500 2740 545 2783 m.
561 2718 673 2783 abbati
689 2716 884 2783 monasterii
911 2716 942 2780 S.
960 2714 1114 2781 Medardi
1142 2723 1237 2780 extra
1260 2735 1373 2781 muros
1399 2715 1654 2781 Suessionenses
1677 2724 1712 2780 et

348 2821 539 2888 Bertrando
554 2822 596 2888 de
614 2820 821 2902 Mediolano,
839 2819 1044 2901 Leodiensis,
1065 2839 1105 2884 ac
1120 2817 1270 2883 Oliverio
1296 2819 1338 2882 de
1365 2818 1559 2905 Compellis,
1586 2818 1712 2885 Novio-

348 2926 475 2991 mensis
491 2927 662 2992 canonicis
682 2925 908 2991 ecclesiarum.
1707 2949 1708 2953 ¹

383 3065 444 3123 11011.
460 3064 663 3119 1’111..70.1.111,
677 3078 701 3111 n.
715 3064 770 3111 9111.

394 3246 511 3329 826.
1236 3261 1453 3348 [0001111121
1471 3284 1537 3327 mm
1554 3264 1668 3349 132⁰]-

393 3364 582 3430 Gauceluro
597 3364 753 3428 cardinali
770 3364 923 3429 scribitur
939 3374 1104 3448 quatenus
1118 3365 1161 3431 ad
1176 3366 1268 3451 pacis
1300 3363 1511 3431 Flandrensis
1538 3366 1713 3432 confirma·

349 3470 481 3535 tionem
497 3467 644 3532 studium
656 3467 824 3533 adhibeat.
1152 3482 1154 3486 ’

398 3676 415 3716 1
431 3651 568 3717 Dilecto
580 3652 613 3715 in
626 3650 761 3716 Christo
778 3651 846 3716 filio
856 3649 1052 3732 Gaucelmo,
1062 3652 1150 3717 tituli
1164 3653 1363 3719 Sanctorum
1374 3651 1561 3718 Marcellini
1575 3663 1609 3718 et
1624 3652 1714 3718 Petri

354 3756 542 3842 presbitero
567 3755 737 3820 cardinali.
755 3753 860 3820 Misse
888 3777 994 3841 nuper
1019 3764 1076 3821 tue
1100 3756 1271 3843 duplicate
1297 3758 1406 3822 littere
1433 3758 1626 3840 homagium
1656 3778 1716 3843 per

355 3860 518 3925 dilectum
547 3859 650 3922 tilium
678 3859 824 3923 nobilem
846 3860 952 3924 virum
977 3859 1173 3940 Robertum‚
1190 3861 1348 3926 comitem
1367 3860 1531 3938 Flandrie,
1548 3862 1717 3944 carissimo

356 3964 425 4027 lilio
437 3976 552 4027 nostro
564 3962 729 4047 Philippo,
742 3963 858 4027 illustri
870 3964 937 4047 regi
952 3963 1091 4028 Francie
1101 3974 1136 4028 et
1150 3964 1310 4043 Navarre,
1323 3966 1499 4050 prestitum
1512 3966 1716 4045 nuntiantes

356 4089 414 4134 cor
430 4078 583 4132 nostrum
598 4066 722 4150 gaudio
739 4075 772 4131 et
789 4067 936 4149 linguam
953 4088 1020 4132 11011
1038 4068 1171 4151 indigne
1184 4070 1291 4152 jubilo
1313 4071 1529 4154 repleverunt
1545 4092 1553 4149 ;
1570 4090 1629 4153 per
1652 4070 1717 4134 1100

355 4171 446 4236 enim
463 4170 536 4255 paci
554 4169 802 4254 interpretatos
818 4171 983 4256 principes
999 4170 1151 4236 ordinate
1167 4172 1444 4237 roburcredinrus
1462 4173 1548 4237 adici
1571 4183 1606 4238 et
1629 4173 1717 4237 viam

354 4276 398 4341 ad
422 4273 657 4358 extirpandum
679 4274 760 4337 vitia
785 4281 819 4337 et
846 4274 1034 4339 vacandum
1060 4274 1194 4340 liberius
1220 4276 1375 4361 operibus
1399 4276 1496 4340 bonis
1523 4276 1718 4341 estimamus

354 4378 582 4466 probabiliter,
604 4376 760 4462 precipue
788 4376 821 4440 111
848 4398 952 4462 regno
980 4377 1132 4460 Francia,
1156 4380 1336 4465 preparari.
1363 4379 1449 4444 Sane
1476 4380 1553 4463 quia
1577 4379 1718 4444 dilatum

354 4482 556 4547 desiderium
573 4480 792 4545 desiderantis
804 4480 954 4545 animum
965 4481 1110 4566 allligere
1123 4484 1307 4564 consuevit,
1318 4483 1577 4569 procrastinatio
1587 4483 1719 4548 illorum

355 4609 420 4671 que
436 4585 480 4651 ad
497 4584 685 4650 uberiorem
700 4584 791 4669 pacis
807 4584 957 4671 predicte
974 4585 1179 4650 soliditatem
1195 4595 1339 4653 tractata
1356 4588 1487 4651 fuerant
1514 4608 1582 4652 non
1600 4588 1719 4652 leviter

357 4713 419 4755 nos
446 4689 570 4755 cruciat
597 4696 632 4752 et
656 4687 782 4772 affligit,
810 4688 852 4753 ad
879 4710 1021 4773 quorum
1046 4691 1325 4768 accelerationem
1350 4701 1383 4756 te
1406 4701 1537 4757 attente
1564 4700 1720 4777 optamus

358 4793 531 4858 intendere
548 4802 582 4855 et
606 4792 788 4856 studiosam
807 4815 943 4878 operam
971 4793 1140 4858 adhibere.
1158 4794 1320 4860 Cedulam
1346 4816 1478 4879 quoque
1506 4796 1668 4861 inclusam
1686 4796 1718 4860 in

357 4897 507 4963 secundo
524 4896 630 4960 missis
647 4896 766 4961 litteris
782 4899 934 4975 vidimus,
951 4904 1060 4963 certos
1077 4899 1309 4963 continentem
1326 4900 1481 4963 articulos
1508 4920 1606 4983 super
1627 4910 1721 4965 certo

357 5002 498 5085 negotio
511 5011 567 5063 tue
592 5002 772 5065 commisso
799 5001 976 5085 prudentie
993 4990 1224 5083 concordatos,
1241 5025 1323 5088 quos
1339 5004 1400 5069 tibi
1417 5003 1628 5082 remittimus
1645 5006 1720 5068 sub-

389 5182 414 5213 a.
432 5165 491 5227 julii
507 5178 556 5224 rep.
580 5163 632 5210 l'nt.
