<?xml version="1.0" encoding="UTF-8"?>
<!DOCTYPE html PUBLIC "-//W3C//DTD XHTML 1.0 Transitional//EN"
    "http://www.w3.org/TR/xhtml1/DTD/xhtml1-transitional.dtd">
<html xmlns="http://www.w3.org/1999/xhtml" xml:lang="en" lang="en">
 <head>
  <title>
</title>
<meta http-equiv="Content-Type" content="text/html;charset=utf-8" />
  <meta name='ocr-system' content='tesseract 3.04.00' />
  <meta name='ocr-capabilities' content='ocr_page ocr_carea ocr_par ocr_line ocrx_word'/>
</head>
<body>
  <div class='ocr_page' id='page_1' title='image "./lettresdejeanxx00xxiigoog_0504.png"; bbox 0 0 4409 6017; ppageno 0'>
   <div class='ocr_carea' id='block_1_1' title="bbox 509 689 1321 773">
    <p class='ocr_par' dir='ltr' id='par_1_1' title="bbox 509 689 1321 773">
     <span class='ocr_line' id='line_1_1' title="bbox 509 689 1321 773; baseline 0.012 -21"><span class='ocrx_word' id='word_1_1' title='bbox 509 689 567 753; x_wconf 78' lang='lat'>418</span> <span class='ocrx_word' id='word_1_2' title='bbox 1052 689 1199 773; x_wconf 74' lang='lat' dir='ltr'>Septimo</span> <span class='ocrx_word' id='word_1_3' title='bbox 1219 696 1321 763; x_wconf 76' lang='lat' dir='ltr'>annea.</span> 
     </span>
    </p>
   </div>
   <div class='ocr_carea' id='block_1_2' title="bbox 510 836 1867 1338">
    <p class='ocr_par' dir='ltr' id='par_1_2' title="bbox 510 836 1865 1029">
     <span class='ocr_line' id='line_1_2' title="bbox 512 836 1865 929; baseline 0.006 -29"><span class='ocrx_word' id='word_1_4' title='bbox 512 857 622 902; x_wconf 90' lang='lat' dir='ltr'>rarum</span> <span class='ocrx_word' id='word_1_5' title='bbox 653 836 848 918; x_wconf 84' lang='lat' dir='ltr'>insistendo,</span> <span class='ocrx_word' id='word_1_6' title='bbox 875 838 1000 904; x_wconf 84' lang='lat' dir='ltr'>fructus</span> <span class='ocrx_word' id='word_1_7' title='bbox 1029 843 1270 911; x_wconf 90' lang='lat' dir='ltr'>beneficiorum</span> <span class='ocrx_word' id='word_1_8' title='bbox 1303 866 1439 912; x_wconf 91' lang='lat' dir='ltr'>suorum</span> <span class='ocrx_word' id='word_1_9' title='bbox 1468 846 1511 911; x_wconf 91' lang='lat' dir='ltr'>ad</span> <span class='ocrx_word' id='word_1_10' title='bbox 1541 846 1734 912; x_wconf 86' lang='lat' dir='ltr'>triennium</span> <span class='ocrx_word' id='word_1_11' title='bbox 1758 847 1865 929; x_wconf 84' lang='lat' dir='ltr'>absque</span> 
     </span>
     <span class='ocr_line' id='line_1_3' title="bbox 510 941 1017 1029; baseline 0.01 -25"><span class='ocrx_word' id='word_1_12' title='bbox 510 941 692 1007; x_wconf 88' lang='lat' dir='ltr'>residentia</span> <span class='ocrx_word' id='word_1_13' title='bbox 707 942 878 1029; x_wconf 87' lang='lat' dir='ltr'>percipere</span> <span class='ocrx_word' id='word_1_14' title='bbox 893 944 1017 1009; x_wconf 91' lang='lat' dir='ltr'>valeat.</span> 
     </span>
    </p>

    <p class='ocr_par' dir='ltr' id='par_1_3' title="bbox 553 1042 807 1111">
     <span class='ocr_line' id='line_1_4' title="bbox 553 1042 807 1111; baseline 0.004 -2"><span class='ocrx_word' id='word_1_15' title='bbox 553 1042 688 1109; x_wconf 90' lang='lat' dir='ltr'>Meritis</span> <span class='ocrx_word' id='word_1_16' title='bbox 704 1051 807 1111; x_wconf 89' lang='lat' dir='ltr'>tue...</span> 
     </span>
    </p>

    <p class='ocr_par' dir='ltr' id='par_1_4' title="bbox 553 1148 1227 1234">
     <span class='ocr_line' id='line_1_5' title="bbox 553 1148 1227 1234; baseline 0.003 -21"><span class='ocrx_word' id='word_1_17' title='bbox 553 1148 633 1215; x_wconf 89' lang='lat' dir='ltr'>Dat.</span> <span class='ocrx_word' id='word_1_18' title='bbox 648 1148 748 1215; x_wconf 86' lang='lat' dir='ltr'>Avin.</span> <span class='ocrx_word' id='word_1_19' title='bbox 766 1170 784 1231; x_wconf 92' lang='lat'>9</span> <span class='ocrx_word' id='word_1_20' title='bbox 801 1148 868 1214; x_wconf 89' lang='lat' dir='ltr'>kal.</span> <span class='ocrx_word' id='word_1_21' title='bbox 883 1148 1070 1214; x_wconf 88' lang='lat' dir='ltr'>decembris</span> <span class='ocrx_word' id='word_1_22' title='bbox 1088 1169 1178 1214; x_wconf 91' lang='lat' dir='ltr'>anno</span> <span class='ocrx_word' id='word_1_23' title='bbox 1198 1167 1227 1234; x_wconf 92' lang='lat'>7.</span> 
     </span>
    </p>

    <p class='ocr_par' dir='ltr' id='par_1_5' title="bbox 554 1250 1867 1338">
     <span class='ocr_line' id='line_1_6' title="bbox 554 1250 1867 1338; baseline 0.001 -20"><span class='ocrx_word' id='word_1_24' title='bbox 554 1252 595 1317; x_wconf 93' lang='lat' dir='ltr'>ln</span> <span class='ocrx_word' id='word_1_25' title='bbox 610 1275 640 1320; x_wconf 91' lang='lat' dir='ltr'>e.</span> <span class='ocrx_word' id='word_1_26' title='bbox 656 1275 701 1322; x_wconf 90' lang='lat' dir='ltr'>m.</span> <span class='ocrx_word' id='word_1_27' title='bbox 716 1253 747 1319; x_wconf 86' lang='lat' dir='ltr'>S.</span> <span class='ocrx_word' id='word_1_28' title='bbox 764 1253 940 1320; x_wconf 86' lang='lat' dir='ltr'>Genovefe</span> <span class='ocrx_word' id='word_1_29' title='bbox 952 1251 1146 1319; x_wconf 89' lang='lat' dir='ltr'>Parisiensis</span> <span class='ocrx_word' id='word_1_30' title='bbox 1161 1261 1196 1319; x_wconf 92' lang='lat' dir='ltr'>et</span> <span class='ocrx_word' id='word_1_31' title='bbox 1211 1252 1242 1320; x_wconf 90' lang='lat' dir='ltr'>S.</span> <span class='ocrx_word' id='word_1_32' title='bbox 1254 1252 1413 1319; x_wconf 88' lang='lat' dir='ltr'>Germani</span> <span class='ocrx_word' id='word_1_33' title='bbox 1430 1252 1473 1318; x_wconf 91' lang='lat' dir='ltr'>de</span> <span class='ocrx_word' id='word_1_34' title='bbox 1491 1250 1600 1317; x_wconf 90' lang='lat' dir='ltr'>Pratis</span> <span class='ocrx_word' id='word_1_35' title='bbox 1612 1252 1718 1338; x_wconf 84' lang='lat' dir='ltr'>juxta</span> <span class='ocrx_word' id='word_1_36' title='bbox 1737 1252 1867 1320; x_wconf 87' lang='lat' dir='ltr'>Parisius</span> 
     </span>
    </p>
   </div>
   <div class='ocr_carea' id='block_1_3' title="bbox 508 1355 1559 1568">
    <p class='ocr_par' dir='ltr' id='par_1_6' title="bbox 508 1355 1559 1568">
     <span class='ocr_line' id='line_1_7' title="bbox 508 1355 1559 1425; baseline -0.002 -2"><span class='ocrx_word' id='word_1_37' title='bbox 508 1358 787 1425; x_wconf 89' lang='lat' dir='ltr'>monasteriorum</span> <span class='ocrx_word' id='word_1_38' title='bbox 802 1357 978 1425; x_wconf 86' lang='lat' dir='ltr'>abbatibus</span> <span class='ocrx_word' id='word_1_39' title='bbox 993 1377 1033 1424; x_wconf 90' lang='lat' dir='ltr'>ac</span> <span class='ocrx_word' id='word_1_40' title='bbox 1048 1357 1180 1425; x_wconf 91' lang='lat' dir='ltr'>decano</span> <span class='ocrx_word' id='word_1_41' title='bbox 1195 1358 1337 1425; x_wconf 87' lang='lat' dir='ltr'>ecclesie</span> <span class='ocrx_word' id='word_1_42' title='bbox 1354 1355 1559 1423; x_wconf 88' lang='lat' dir='ltr'>Parisiensis.</span> 
     </span>
     <span class='ocr_line' id='line_1_8' title="bbox 542 1478 1283 1568; baseline -0.003 -13"><span class='ocrx_word' id='word_1_43' title='bbox 542 1505 603 1568; x_wconf 75' lang='lat' dir='ltr'>aeg.</span> <span class='ocrx_word' id='word_1_44' title='bbox 619 1507 665 1556; x_wconf 80' lang='lat' dir='ltr'>av.</span> <span class='ocrx_word' id='word_1_45' title='bbox 682 1507 721 1566; x_wconf 79' lang='lat' dir='ltr'>ra,</span> <span class='ocrx_word' id='word_1_46' title='bbox 735 1506 754 1558; x_wconf 85' lang='lat' dir='ltr'>f.</span> <span class='ocrx_word' id='word_1_47' title='bbox 771 1508 834 1564; x_wconf 73' lang='lat'>1703</span> <span class='ocrx_word' id='word_1_48' title='bbox 848 1506 906 1555; x_wconf 73' lang='lat' dir='ltr'>vat.</span> <span class='ocrx_word' id='word_1_49' title='bbox 921 1507 961 1565; x_wconf 74' lang='lat' dir='ltr'>rr,</span> <span class='ocrx_word' id='word_1_50' title='bbox 975 1506 993 1554; x_wconf 84' lang='lat' dir='ltr'>r.</span> <span class='ocrx_word' id='word_1_51' title='bbox 1011 1507 1077 1564; x_wconf 78' lang='lat' dir='ltr'>ran,</span> <span class='ocrx_word' id='word_1_52' title='bbox 1093 1521 1118 1555; x_wconf 74' lang='grc' dir='ltr'>ιι.</span> <span class='ocrx_word' id='word_1_53' title='bbox 1135 1508 1190 1555; x_wconf 72' lang='lat' dir='ltr'>aar.</span> <span class='ocrx_word' id='word_1_54' title='bbox 1278 1478 1283 1486; x_wconf 75' lang='grc'><strong>’</strong></span> 
     </span>
    </p>
   </div>
   <div class='ocr_carea' id='block_1_4' title="bbox 506 1721 1907 2546">
    <p class='ocr_par' dir='ltr' id='par_1_7' title="bbox 555 1721 1835 1824">
     <span class='ocr_line' id='line_1_9' title="bbox 555 1721 1835 1824; baseline 0.003 -21"><span class='ocrx_word' id='word_1_55' title='bbox 555 1721 695 1805; x_wconf 89' lang='grc'>1108.</span> <span class='ocrx_word' id='word_1_56' title='bbox 1471 1759 1568 1824; x_wconf 74' lang='lat'><em>1322,</em></span> <span class='ocrx_word' id='word_1_57' title='bbox 1588 1760 1629 1824; x_wconf 78' lang='lat'>23</span> <span class='ocrx_word' id='word_1_58' title='bbox 1647 1741 1835 1808; x_wconf 83' lang='lat' dir='ltr'>novembre.</span> 
     </span>
    </p>

    <p class='ocr_par' dir='ltr' id='par_1_8' title="bbox 506 1837 1867 2136">
     <span class='ocr_line' id='line_1_10' title="bbox 552 1837 1867 1931; baseline 0.002 -25"><span class='ocrx_word' id='word_1_59' title='bbox 552 1840 704 1907; x_wconf 88' lang='lat' dir='ltr'>Roberto</span> <span class='ocrx_word' id='word_1_60' title='bbox 720 1837 842 1905; x_wconf 90' lang='lat' dir='ltr'>Muleti</span> <span class='ocrx_word' id='word_1_61' title='bbox 859 1838 1027 1904; x_wconf 82' lang='lat' dir='ltr'>confertur</span> <span class='ocrx_word' id='word_1_62' title='bbox 1043 1840 1261 1907; x_wconf 90' lang='lat' dir='ltr'>canonicatus</span> <span class='ocrx_word' id='word_1_63' title='bbox 1276 1840 1416 1908; x_wconf 88' lang='lat' dir='ltr'>ecclesie</span> <span class='ocrx_word' id='word_1_64' title='bbox 1435 1840 1660 1911; x_wconf 90' lang='lat' dir='ltr'>Nivemensis</span> <span class='ocrx_word' id='word_1_65' title='bbox 1682 1847 1748 1912; x_wconf 88' lang='lat' dir='ltr'>sub</span> <span class='ocrx_word' id='word_1_66' title='bbox 1759 1863 1867 1931; x_wconf 86' lang='lat' dir='ltr'>expec-</span> 
     </span>
     <span class='ocr_line' id='line_1_11' title="bbox 507 1942 1867 2032; baseline 0 -20"><span class='ocrx_word' id='word_1_67' title='bbox 507 1946 636 2012; x_wconf 88' lang='lat' dir='ltr'>tatione</span> <span class='ocrx_word' id='word_1_68' title='bbox 659 1942 840 2032; x_wconf 91' lang='lat' dir='ltr'>prebende,</span> <span class='ocrx_word' id='word_1_69' title='bbox 855 1963 925 2008; x_wconf 92' lang='lat' dir='ltr'>non</span> <span class='ocrx_word' id='word_1_70' title='bbox 951 1946 1108 2009; x_wconf 91' lang='lat' dir='ltr'>obstante</span> <span class='ocrx_word' id='word_1_71' title='bbox 1132 1945 1221 2030; x_wconf 92' lang='lat' dir='ltr'>quod</span> <span class='ocrx_word' id='word_1_72' title='bbox 1245 1945 1279 2010; x_wconf 95' lang='lat' dir='ltr'>in</span> <span class='ocrx_word' id='word_1_73' title='bbox 1299 1946 1441 2013; x_wconf 88' lang='lat' dir='ltr'>ecclesia</span> <span class='ocrx_word' id='word_1_74' title='bbox 1457 1946 1500 2012; x_wconf 94' lang='lat' dir='ltr'>de</span> <span class='ocrx_word' id='word_1_75' title='bbox 1517 1948 1632 2016; x_wconf 89' lang='lat' dir='ltr'>Insula</span> <span class='ocrx_word' id='word_1_76' title='bbox 1651 1947 1687 2013; x_wconf 91' lang='lat' dir='ltr'>in</span> <span class='ocrx_word' id='word_1_77' title='bbox 1706 1946 1867 2027; x_wconf 83' lang='lat' dir='ltr'>Flandn&#39;a¹</span> 
     </span>
     <span class='ocr_line' id='line_1_12' title="bbox 506 2046 1584 2136; baseline 0.006 -23"><span class='ocrx_word' id='word_1_78' title='bbox 506 2047 729 2114; x_wconf 83' lang='lat' dir='ltr'>Tomacensis</span> <span class='ocrx_word' id='word_1_79' title='bbox 745 2046 898 2128; x_wconf 90' lang='lat' dir='ltr'>diocesis,</span> <span class='ocrx_word' id='word_1_80' title='bbox 913 2048 1149 2114; x_wconf 88' lang='lat' dir='ltr'>canonicatum</span> <span class='ocrx_word' id='word_1_81' title='bbox 1165 2056 1199 2116; x_wconf 92' lang='lat' dir='ltr'>et</span> <span class='ocrx_word' id='word_1_82' title='bbox 1214 2050 1423 2136; x_wconf 89' lang='lat' dir='ltr'>prebendam</span> <span class='ocrx_word' id='word_1_83' title='bbox 1441 2051 1584 2120; x_wconf 91' lang='lat' dir='ltr'>obtinet.</span> 
     </span>
    </p>

    <p class='ocr_par' dir='ltr' id='par_1_9' title="bbox 550 2151 858 2238">
     <span class='ocr_line' id='line_1_13' title="bbox 550 2151 858 2238; baseline -0.013 -20"><span class='ocrx_word' id='word_1_84' title='bbox 550 2152 623 2218; x_wconf 92' lang='lat' dir='ltr'>Tue</span> <span class='ocrx_word' id='word_1_85' title='bbox 638 2151 828 2238; x_wconf 86' lang='lat' dir='ltr'>probitatis.</span> <span class='ocrx_word' id='word_1_86' title='bbox 837 2201 858 2214; x_wconf 95' lang='lat'>..</span> 
     </span>
    </p>

    <p class='ocr_par' dir='ltr' id='par_1_10' title="bbox 550 2252 1216 2338">
     <span class='ocr_line' id='line_1_14' title="bbox 550 2252 1216 2338; baseline -0.003 -17"><span class='ocrx_word' id='word_1_87' title='bbox 550 2256 628 2321; x_wconf 91' lang='lat' dir='ltr'>Dat.</span> <span class='ocrx_word' id='word_1_88' title='bbox 645 2255 744 2321; x_wconf 88' lang='lat' dir='ltr'>Avin.</span> <span class='ocrx_word' id='word_1_89' title='bbox 762 2276 779 2334; x_wconf 91' lang='lat'>9</span> <span class='ocrx_word' id='word_1_90' title='bbox 796 2254 862 2320; x_wconf 88' lang='lat' dir='ltr'>kal.</span> <span class='ocrx_word' id='word_1_91' title='bbox 878 2252 1064 2319; x_wconf 92' lang='lat' dir='ltr'>decembris</span> <span class='ocrx_word' id='word_1_92' title='bbox 1078 2273 1170 2319; x_wconf 91' lang='lat' dir='ltr'>anno</span> <span class='ocrx_word' id='word_1_93' title='bbox 1186 2271 1216 2338; x_wconf 93' lang='lat'>7.</span> 
     </span>
    </p>

    <p class='ocr_par' dir='ltr' id='par_1_11' title="bbox 506 2328 1907 2546">
     <span class='ocr_line' id='line_1_15' title="bbox 551 2328 1907 2448; baseline 0.001 -23"><span class='ocrx_word' id='word_1_94' title='bbox 551 2359 591 2425; x_wconf 90' lang='lat' dir='ltr'>In</span> <span class='ocrx_word' id='word_1_95' title='bbox 607 2381 636 2426; x_wconf 93' lang='lat' dir='ltr'>e.</span> <span class='ocrx_word' id='word_1_96' title='bbox 654 2381 696 2426; x_wconf 90' lang='lat' dir='ltr'>m.</span> <span class='ocrx_word' id='word_1_97' title='bbox 712 2358 813 2447; x_wconf 91' lang='lat' dir='ltr'>priori</span> <span class='ocrx_word' id='word_1_98' title='bbox 828 2358 871 2423; x_wconf 91' lang='lat' dir='ltr'>de</span> <span class='ocrx_word' id='word_1_99' title='bbox 887 2356 1046 2437; x_wconf 88' lang='lat' dir='ltr'>Caritate,</span> <span class='ocrx_word' id='word_1_100' title='bbox 1066 2355 1101 2422; x_wconf 94' lang='lat' dir='ltr'>N</span> <span class='ocrx_word' id='word_1_101' title='bbox 1104 2356 1286 2422; x_wconf 91' lang='lat' dir='ltr'>ivemensis</span> <span class='ocrx_word' id='word_1_102' title='bbox 1302 2356 1452 2440; x_wconf 91' lang='lat' dir='ltr'>diocesis,</span> <span class='ocrx_word' id='word_1_103' title='bbox 1468 2365 1503 2425; x_wconf 93' lang='lat' dir='ltr'>et</span> <span class='ocrx_word' id='word_1_104' title='bbox 1525 2357 1658 2425; x_wconf 91' lang='lat' dir='ltr'>decano</span> <span class='ocrx_word' id='word_1_105' title='bbox 1685 2356 1868 2429; x_wconf 81' lang='lat' dir='ltr'>Meldensis</span> <span class='ocrx_word' id='word_1_106' title='bbox 1905 2328 1907 2448; x_wconf 73' lang='lat' dir='ltr'>i</span> 
     </span>
     <span class='ocr_line' id='line_1_16' title="bbox 506 2460 1534 2546; baseline -0.002 -17"><span class='ocrx_word' id='word_1_107' title='bbox 506 2472 541 2531; x_wconf 93' lang='lat' dir='ltr'>et</span> <span class='ocrx_word' id='word_1_108' title='bbox 556 2463 792 2530; x_wconf 90' lang='lat' dir='ltr'>archidiacono</span> <span class='ocrx_word' id='word_1_109' title='bbox 807 2461 849 2527; x_wconf 95' lang='lat' dir='ltr'>de</span> <span class='ocrx_word' id='word_1_110' title='bbox 865 2460 1030 2546; x_wconf 86' lang='lat' dir='ltr'>Seulyaco</span> <span class='ocrx_word' id='word_1_111' title='bbox 1045 2460 1294 2528; x_wconf 87' lang='lat' dir='ltr'>Aurelianensis</span> <span class='ocrx_word' id='word_1_112' title='bbox 1309 2462 1534 2530; x_wconf 89' lang='lat' dir='ltr'>ecclesiarum.</span> 
     </span>
    </p>
   </div>
   <div class='ocr_carea' id='block_1_5' title="bbox 538 2607 1192 2672">
    <p class='ocr_par' dir='ltr' id='par_1_12' title="bbox 538 2607 1192 2672">
     <span class='ocr_line' id='line_1_17' title="bbox 538 2607 1192 2672; baseline -0.005 -14"><span class='ocrx_word' id='word_1_113' title='bbox 538 2611 600 2672; x_wconf 81' lang='lat' dir='ltr'>Reg.</span> <span class='ocrx_word' id='word_1_114' title='bbox 615 2611 663 2659; x_wconf 80' lang='lat' dir='ltr'>Av.</span> <span class='ocrx_word' id='word_1_115' title='bbox 681 2612 718 2669; x_wconf 77' lang='lat'>18,</span> <span class='ocrx_word' id='word_1_116' title='bbox 732 2610 750 2658; x_wconf 84' lang='lat' dir='ltr'>i.</span> <span class='ocrx_word' id='word_1_117' title='bbox 764 2610 824 2656; x_wconf 67' lang='lat'>410¹</span> <span class='ocrx_word' id='word_1_118' title='bbox 835 2623 841 2665; x_wconf 89' lang='lat'><strong>;</strong></span> <span class='ocrx_word' id='word_1_119' title='bbox 854 2607 915 2657; x_wconf 86' lang='lat' dir='ltr'>Vat.</span> <span class='ocrx_word' id='word_1_120' title='bbox 929 2608 967 2665; x_wconf 78' lang='lat'>74,</span> <span class='ocrx_word' id='word_1_121' title='bbox 980 2607 998 2655; x_wconf 86' lang='lat' dir='ltr'>i.</span> <span class='ocrx_word' id='word_1_122' title='bbox 1015 2608 1081 2667; x_wconf 69' lang='lat'>190&#39;,</span> <span class='ocrx_word' id='word_1_123' title='bbox 1095 2622 1120 2656; x_wconf 90' lang='lat' dir='ltr'>n.</span> <span class='ocrx_word' id='word_1_124' title='bbox 1137 2610 1192 2655; x_wconf 78' lang='lat'>532.</span> 
     </span>
    </p>
   </div>
   <div class='ocr_carea' id='block_1_6' title="bbox 547 2807 1868 3017">
    <p class='ocr_par' dir='ltr' id='par_1_13' title="bbox 547 2807 1868 3017">
     <span class='ocr_line' id='line_1_18' title="bbox 551 2807 1826 2914; baseline 0.007 -27"><span class='ocrx_word' id='word_1_125' title='bbox 551 2807 689 2889; x_wconf 85' lang='grc'>1109.</span> <span class='ocrx_word' id='word_1_126' title='bbox 1491 2848 1586 2913; x_wconf 78' lang='lat'><em>1322,</em></span> <span class='ocrx_word' id='word_1_127' title='bbox 1598 2850 1623 2914; x_wconf 77' lang='lat'><em>3</em></span> <span class='ocrx_word' id='word_1_128' title='bbox 1639 2832 1826 2898; x_wconf 72' lang='lat' dir='ltr'>decembre.</span> 
     </span>
     <span class='ocr_line' id='line_1_19' title="bbox 547 2923 1868 3017; baseline 0.008 -26"><span class='ocrx_word' id='word_1_129' title='bbox 547 2923 678 3003; x_wconf 90' lang='lat' dir='ltr'>Jacobo</span> <span class='ocrx_word' id='word_1_130' title='bbox 693 2924 736 3017; x_wconf 88' lang='lat' dir='ltr'>de</span> <span class='ocrx_word' id='word_1_131' title='bbox 753 2923 875 3006; x_wconf 80' lang='lat' dir='ltr'>Fossis,</span> <span class='ocrx_word' id='word_1_132' title='bbox 891 2923 1075 3011; x_wconf 91' lang='lat' dir='ltr'>presbitero</span> <span class='ocrx_word' id='word_1_133' title='bbox 1090 2924 1286 2995; x_wconf 86' lang='lat' dir='ltr'>Leodiensis</span> <span class='ocrx_word' id='word_1_134' title='bbox 1297 2930 1449 3014; x_wconf 89' lang='lat' dir='ltr'>diocesis,</span> <span class='ocrx_word' id='word_1_135' title='bbox 1460 2943 1647 3001; x_wconf 88' lang='lat' dir='ltr'>reservatur</span> <span class='ocrx_word' id='word_1_136' title='bbox 1662 2936 1868 3004; x_wconf 89' lang='lat' dir='ltr'>beneficium</span> 
     </span>
    </p>
   </div>
   <div class='ocr_carea' id='block_1_7' title="bbox 503 3028 1868 3733">
    <p class='ocr_par' dir='ltr' id='par_1_14' title="bbox 503 3028 1868 3324">
     <span class='ocr_line' id='line_1_20' title="bbox 503 3028 1866 3127; baseline 0.006 -32"><span class='ocrx_word' id='word_1_137' title='bbox 503 3028 826 3097; x_wconf 84' lang='lat' dir='ltr'>ecclesiasticum&#39;ad</span> <span class='ocrx_word' id='word_1_138' title='bbox 842 3029 1059 3096; x_wconf 90' lang='lat' dir='ltr'>collationem</span> <span class='ocrx_word' id='word_1_139' title='bbox 1074 3032 1223 3118; x_wconf 91' lang='lat' dir='ltr'>episcopi</span> <span class='ocrx_word' id='word_1_140' title='bbox 1241 3033 1446 3118; x_wconf 91' lang='lat' dir='ltr'>Leodiensis,</span> <span class='ocrx_word' id='word_1_141' title='bbox 1462 3058 1530 3103; x_wconf 90' lang='lat' dir='ltr'>non</span> <span class='ocrx_word' id='word_1_142' title='bbox 1547 3041 1707 3107; x_wconf 91' lang='lat' dir='ltr'>obstante</span> <span class='ocrx_word' id='word_1_143' title='bbox 1725 3040 1821 3127; x_wconf 91' lang='lat' dir='ltr'>quod</span> <span class='ocrx_word' id='word_1_144' title='bbox 1836 3040 1866 3104; x_wconf 92' lang='lat' dir='ltr'>in</span> 
     </span>
     <span class='ocr_line' id='line_1_21' title="bbox 503 3133 1868 3231; baseline 0.004 -30"><span class='ocrx_word' id='word_1_145' title='bbox 503 3135 644 3201; x_wconf 89' lang='lat' dir='ltr'>ecclesia</span> <span class='ocrx_word' id='word_1_146' title='bbox 656 3135 687 3199; x_wconf 84' lang='lat' dir='ltr'>S.</span> <span class='ocrx_word' id='word_1_147' title='bbox 700 3133 838 3199; x_wconf 86' lang='lat' dir='ltr'>Servatii</span> <span class='ocrx_word' id='word_1_148' title='bbox 852 3133 1083 3219; x_wconf 88' lang='lat' dir='ltr'>Trajectensis,</span> <span class='ocrx_word' id='word_1_149' title='bbox 1095 3135 1186 3203; x_wconf 90' lang='lat' dir='ltr'>dicte</span> <span class='ocrx_word' id='word_1_150' title='bbox 1195 3138 1347 3220; x_wconf 88' lang='lat' dir='ltr'>diocesis,</span> <span class='ocrx_word' id='word_1_151' title='bbox 1358 3141 1418 3204; x_wconf 91' lang='lat' dir='ltr'>sub</span> <span class='ocrx_word' id='word_1_152' title='bbox 1431 3141 1671 3225; x_wconf 86' lang='lat' dir='ltr'>expectatione</span> <span class='ocrx_word' id='word_1_153' title='bbox 1695 3141 1868 3231; x_wconf 88' lang='lat' dir='ltr'>prebende</span> 
     </span>
     <span class='ocr_line' id='line_1_22' title="bbox 503 3240 1002 3324; baseline 0.002 -21"><span class='ocrx_word' id='word_1_154' title='bbox 503 3240 537 3305; x_wconf 90' lang='lat' dir='ltr'>in</span> <span class='ocrx_word' id='word_1_155' title='bbox 553 3240 753 3306; x_wconf 90' lang='lat' dir='ltr'>canonicum</span> <span class='ocrx_word' id='word_1_156' title='bbox 770 3247 821 3303; x_wconf 89' lang='lat' dir='ltr'>est</span> <span class='ocrx_word' id='word_1_157' title='bbox 836 3248 1002 3324; x_wconf 88' lang='lat' dir='ltr'>receptus.</span> 
     </span>
    </p>

    <p class='ocr_par' dir='ltr' id='par_1_15' title="bbox 549 3343 1005 3411">
     <span class='ocr_line' id='line_1_23' title="bbox 549 3343 1005 3411; baseline -0.009 -1"><span class='ocrx_word' id='word_1_158' title='bbox 549 3344 774 3411; x_wconf 88' lang='lat' dir='ltr'>Liberalitatis</span> <span class='ocrx_word' id='word_1_159' title='bbox 792 3343 1005 3409; x_wconf 89' lang='lat' dir='ltr'>dexteram...</span> 
     </span>
    </p>

    <p class='ocr_par' dir='ltr' id='par_1_16' title="bbox 548 3446 1229 3532">
     <span class='ocr_line' id='line_1_24' title="bbox 548 3446 1229 3532; baseline -0.01 -19"><span class='ocrx_word' id='word_1_160' title='bbox 548 3449 626 3515; x_wconf 90' lang='lat' dir='ltr'>Dat.</span> <span class='ocrx_word' id='word_1_161' title='bbox 642 3449 741 3514; x_wconf 89' lang='lat' dir='ltr'>Avin.</span> <span class='ocrx_word' id='word_1_162' title='bbox 759 3469 776 3532; x_wconf 83' lang='lat'>3</span> <span class='ocrx_word' id='word_1_163' title='bbox 795 3469 875 3513; x_wconf 90' lang='lat' dir='ltr'>non.</span> <span class='ocrx_word' id='word_1_164' title='bbox 891 3446 1077 3514; x_wconf 90' lang='lat' dir='ltr'>decembris</span> <span class='ocrx_word' id='word_1_165' title='bbox 1093 3464 1183 3511; x_wconf 91' lang='lat' dir='ltr'>anno</span> <span class='ocrx_word' id='word_1_166' title='bbox 1201 3460 1229 3526; x_wconf 93' lang='lat'>7.</span> 
     </span>
    </p>

    <p class='ocr_par' dir='ltr' id='par_1_17' title="bbox 504 3543 1863 3733">
     <span class='ocr_line' id='line_1_25' title="bbox 547 3543 1863 3632; baseline -0.001 -14"><span class='ocrx_word' id='word_1_167' title='bbox 547 3553 586 3618; x_wconf 92' lang='lat' dir='ltr'>ln</span> <span class='ocrx_word' id='word_1_168' title='bbox 615 3576 643 3619; x_wconf 90' lang='lat' dir='ltr'>e.</span> <span class='ocrx_word' id='word_1_169' title='bbox 660 3575 704 3617; x_wconf 90' lang='lat' dir='ltr'>m.</span> <span class='ocrx_word' id='word_1_170' title='bbox 720 3551 850 3618; x_wconf 92' lang='lat' dir='ltr'>decano</span> <span class='ocrx_word' id='word_1_171' title='bbox 867 3550 1050 3632; x_wconf 88' lang='lat' dir='ltr'>Fossensis,</span> <span class='ocrx_word' id='word_1_172' title='bbox 1066 3545 1264 3614; x_wconf 90' lang='lat' dir='ltr'>Leodiensis</span> <span class='ocrx_word' id='word_1_173' title='bbox 1290 3543 1443 3626; x_wconf 88' lang='lat' dir='ltr'>diocesis,</span> <span class='ocrx_word' id='word_1_174' title='bbox 1461 3553 1495 3609; x_wconf 91' lang='lat' dir='ltr'>et</span> <span class='ocrx_word' id='word_1_175' title='bbox 1522 3543 1766 3615; x_wconf 89' lang='lat' dir='ltr'>archidiacono</span> <span class='ocrx_word' id='word_1_176' title='bbox 1791 3550 1863 3617; x_wconf 91' lang='lat' dir='ltr'>Brie</span> 
     </span>
     <span class='ocr_line' id='line_1_26' title="bbox 504 3643 1717 3733; baseline -0.009 -9"><span class='ocrx_word' id='word_1_177' title='bbox 504 3654 689 3724; x_wconf 89' lang='lat' dir='ltr'>Meldensis</span> <span class='ocrx_word' id='word_1_178' title='bbox 703 3677 743 3722; x_wconf 91' lang='lat' dir='ltr'>ac</span> <span class='ocrx_word' id='word_1_179' title='bbox 761 3656 894 3722; x_wconf 91' lang='lat' dir='ltr'>Thome</span> <span class='ocrx_word' id='word_1_180' title='bbox 910 3654 1008 3733; x_wconf 87' lang='lat' dir='ltr'>Galli,</span> <span class='ocrx_word' id='word_1_181' title='bbox 1025 3648 1189 3717; x_wconf 92' lang='lat' dir='ltr'>canonico</span> <span class='ocrx_word' id='word_1_182' title='bbox 1205 3644 1470 3710; x_wconf 86' lang='lat' dir='ltr'>Cenomanensis</span> <span class='ocrx_word' id='word_1_183' title='bbox 1486 3643 1717 3713; x_wconf 91' lang='lat' dir='ltr'>ecclesiarum.</span> 
     </span>
    </p>
   </div>
   <div class='ocr_carea' id='block_1_8' title="bbox 535 3790 1158 3859">
    <p class='ocr_par' dir='ltr' id='par_1_18' title="bbox 535 3790 1158 3859">
     <span class='ocr_line' id='line_1_27' title="bbox 535 3790 1158 3859; baseline -0.018 -14"><span class='ocrx_word' id='word_1_184' title='bbox 535 3797 596 3859; x_wconf 81' lang='lat' dir='ltr'>Reg.</span> <span class='ocrx_word' id='word_1_185' title='bbox 610 3798 657 3845; x_wconf 80' lang='lat' dir='ltr'>Ar.</span> <span class='ocrx_word' id='word_1_186' title='bbox 671 3798 707 3852; x_wconf 75' lang='lat'>18,</span> <span class='ocrx_word' id='word_1_187' title='bbox 721 3797 738 3843; x_wconf 83' lang='lat' dir='ltr'>f.</span> <span class='ocrx_word' id='word_1_188' title='bbox 754 3798 798 3843; x_wconf 77' lang='grc'>162</span> <span class='ocrx_word' id='word_1_189' title='bbox 810 3812 815 3848; x_wconf 74' lang='grc' dir='ltr'>ς</span> <span class='ocrx_word' id='word_1_190' title='bbox 829 3795 888 3845; x_wconf 76' lang='lat' dir='ltr'>l&#39;at.</span> <span class='ocrx_word' id='word_1_191' title='bbox 901 3795 939 3854; x_wconf 72' lang='lat'>7⁴,</span> <span class='ocrx_word' id='word_1_192' title='bbox 953 3795 970 3842; x_wconf 80' lang='lat' dir='ltr'>f.</span> <span class='ocrx_word' id='word_1_193' title='bbox 985 3793 1050 3851; x_wconf 69' lang='lat'>107¹,</span> <span class='ocrx_word' id='word_1_194' title='bbox 1063 3804 1088 3838; x_wconf 88' lang='lat' dir='ltr'>n.</span> <span class='ocrx_word' id='word_1_195' title='bbox 1103 3790 1158 3836; x_wconf 81' lang='lat'>251.</span> 
     </span>
    </p>
   </div>
   <div class='ocr_carea' id='block_1_9' title="bbox 548 4000 1821 4090">
    <p class='ocr_par' dir='ltr' id='par_1_19' title="bbox 548 4000 1821 4090">
     <span class='ocr_line' id='line_1_28' title="bbox 548 4000 1821 4090; baseline -0.005 -10"><span class='ocrx_word' id='word_1_196' title='bbox 548 4000 681 4081; x_wconf 88' lang='lat' dir='ltr'>lllO.</span> <span class='ocrx_word' id='word_1_197' title='bbox 1488 4025 1584 4089; x_wconf 78' lang='lat'><em>1322,</em></span> <span class='ocrx_word' id='word_1_198' title='bbox 1601 4027 1626 4090; x_wconf 80' lang='lat'><em>3</em></span> <span class='ocrx_word' id='word_1_199' title='bbox 1642 4010 1821 4074; x_wconf 70' lang='lat' dir='ltr'>decembre.</span> 
     </span>
    </p>
   </div>
   <div class='ocr_carea' id='block_1_10' title="bbox 500 4115 1856 4402">
    <p class='ocr_par' dir='ltr' id='par_1_20' title="bbox 500 4115 1856 4402">
     <span class='ocr_line' id='line_1_29' title="bbox 533 4115 1856 4205; baseline 0.001 -15"><span class='ocrx_word' id='word_1_200' title='bbox 533 4126 680 4204; x_wconf 83' lang='lat' dir='ltr'>Jolranni</span> <span class='ocrx_word' id='word_1_201' title='bbox 698 4124 740 4190; x_wconf 92' lang='lat' dir='ltr'>de</span> <span class='ocrx_word' id='word_1_202' title='bbox 759 4122 945 4205; x_wconf 88' lang='lat' dir='ltr'>Warennis,</span> <span class='ocrx_word' id='word_1_203' title='bbox 960 4123 1082 4189; x_wconf 90' lang='lat' dir='ltr'>clerico</span> <span class='ocrx_word' id='word_1_204' title='bbox 1097 4117 1322 4200; x_wconf 85' lang='lat' dir='ltr'>Atrebatensi,</span> <span class='ocrx_word' id='word_1_205' title='bbox 1339 4115 1381 4182; x_wconf 94' lang='lat' dir='ltr'>de</span> <span class='ocrx_word' id='word_1_206' title='bbox 1393 4115 1537 4183; x_wconf 90' lang='lat' dir='ltr'>diacono</span> <span class='ocrx_word' id='word_1_207' title='bbox 1558 4118 1676 4203; x_wconf 89' lang='lat' dir='ltr'>genito</span> <span class='ocrx_word' id='word_1_208' title='bbox 1693 4128 1729 4185; x_wconf 90' lang='lat' dir='ltr'>et</span> <span class='ocrx_word' id='word_1_209' title='bbox 1746 4123 1856 4191; x_wconf 87' lang='lat' dir='ltr'>soluta.</span> 
     </span>
     <span class='ocr_line' id='line_1_30' title="bbox 502 4218 1856 4314; baseline -0.01 -17"><span class='ocrx_word' id='word_1_210' title='bbox 502 4230 697 4298; x_wconf 89' lang='lat' dir='ltr'>conceditur</span> <span class='ocrx_word' id='word_1_211' title='bbox 712 4228 918 4314; x_wconf 90' lang='lat' dir='ltr'>dispensatio</span> <span class='ocrx_word' id='word_1_212' title='bbox 933 4248 1031 4314; x_wconf 89' lang='lat' dir='ltr'>super</span> <span class='ocrx_word' id='word_1_213' title='bbox 1055 4225 1189 4291; x_wconf 81' lang='lat' dir='ltr'>delectu</span> <span class='ocrx_word' id='word_1_214' title='bbox 1215 4221 1379 4288; x_wconf 90' lang='lat' dir='ltr'>natalium</span> <span class='ocrx_word' id='word_1_215' title='bbox 1395 4228 1432 4286; x_wconf 93' lang='lat' dir='ltr'>ut</span> <span class='ocrx_word' id='word_1_216' title='bbox 1447 4218 1490 4285; x_wconf 91' lang='lat' dir='ltr'>ad</span> <span class='ocrx_word' id='word_1_217' title='bbox 1505 4240 1616 4286; x_wconf 91' lang='lat' dir='ltr'>sacros</span> <span class='ocrx_word' id='word_1_218' title='bbox 1633 4221 1769 4288; x_wconf 86' lang='lat' dir='ltr'>ordines</span> <span class='ocrx_word' id='word_1_219' title='bbox 1790 4241 1856 4308; x_wconf 92' lang='lat' dir='ltr'>pro·</span> 
     </span>
     <span class='ocr_line' id='line_1_31' title="bbox 500 4324 1584 4402; baseline -0.011 0"><span class='ocrx_word' id='word_1_220' title='bbox 500 4335 627 4402; x_wconf 90' lang='lat' dir='ltr'>moveri</span> <span class='ocrx_word' id='word_1_221' title='bbox 643 4342 677 4400; x_wconf 92' lang='lat' dir='ltr'>et</span> <span class='ocrx_word' id='word_1_222' title='bbox 692 4332 894 4398; x_wconf 88' lang='lat' dir='ltr'>beneficium</span> <span class='ocrx_word' id='word_1_223' title='bbox 909 4330 1173 4398; x_wconf 88' lang='lat' dir='ltr'>ecclesiasticum</span> <span class='ocrx_word' id='word_1_224' title='bbox 1190 4327 1282 4393; x_wconf 90' lang='lat' dir='ltr'>licite</span> <span class='ocrx_word' id='word_1_225' title='bbox 1300 4324 1444 4391; x_wconf 91' lang='lat' dir='ltr'>retinere</span> <span class='ocrx_word' id='word_1_226' title='bbox 1460 4324 1584 4390; x_wconf 88' lang='lat' dir='ltr'>valeat.</span> 
     </span>
    </p>
   </div>
   <div class='ocr_carea' id='block_1_11' title="bbox 544 4438 1226 4625">
    <p class='ocr_par' dir='ltr' id='par_1_21' title="bbox 544 4438 1226 4625">
     <span class='ocr_line' id='line_1_32' title="bbox 544 4438 914 4525; baseline -0.011 -20"><span class='ocrx_word' id='word_1_227' title='bbox 544 4439 723 4525; x_wconf 87' lang='lat' dir='ltr'>lllegitime</span> <span class='ocrx_word' id='word_1_228' title='bbox 738 4438 914 4523; x_wconf 83' lang='lat' dir='ltr'>genitos...</span> 
     </span>
     <span class='ocr_line' id='line_1_33' title="bbox 544 4537 1226 4625; baseline -0.018 -15"><span class='ocrx_word' id='word_1_229' title='bbox 544 4546 622 4610; x_wconf 92' lang='lat' dir='ltr'>Dat.</span> <span class='ocrx_word' id='word_1_230' title='bbox 638 4543 737 4609; x_wconf 92' lang='lat' dir='ltr'>Avin.</span> <span class='ocrx_word' id='word_1_231' title='bbox 756 4563 773 4625; x_wconf 82' lang='lat'>3</span> <span class='ocrx_word' id='word_1_232' title='bbox 790 4562 871 4607; x_wconf 93' lang='lat' dir='ltr'>non.</span> <span class='ocrx_word' id='word_1_233' title='bbox 886 4537 1072 4607; x_wconf 90' lang='lat' dir='ltr'>decembris</span> <span class='ocrx_word' id='word_1_234' title='bbox 1087 4554 1177 4601; x_wconf 93' lang='lat' dir='ltr'>anno</span> <span class='ocrx_word' id='word_1_235' title='bbox 1197 4552 1226 4618; x_wconf 92' lang='lat'>7.</span> 
     </span>
    </p>
   </div>
   <div class='ocr_carea' id='block_1_12' title="bbox 533 4682 1156 4749">
    <p class='ocr_par' dir='ltr' id='par_1_22' title="bbox 533 4682 1156 4749">
     <span class='ocr_line' id='line_1_34' title="bbox 533 4682 1156 4749; baseline -0.014 -11"><span class='ocrx_word' id='word_1_236' title='bbox 533 4691 594 4749; x_wconf 71' lang='lat' dir='ltr'>ch.</span> <span class='ocrx_word' id='word_1_237' title='bbox 606 4691 653 4737; x_wconf 77' lang='lat' dir='ltr'>Ar.</span> <span class='ocrx_word' id='word_1_238' title='bbox 671 4691 708 4746; x_wconf 73' lang='lat' dir='ltr'>ltl,</span> <span class='ocrx_word' id='word_1_239' title='bbox 723 4688 738 4734; x_wconf 83' lang='lat' dir='ltr'>l.</span> <span class='ocrx_word' id='word_1_240' title='bbox 754 4689 798 4733; x_wconf 76' lang='lat' dir='ltr'>lm</span> <span class='ocrx_word' id='word_1_241' title='bbox 813 4702 817 4733; x_wconf 74' lang='grc' dir='ltr'>ε</span> <span class='ocrx_word' id='word_1_242' title='bbox 830 4686 890 4735; x_wconf 79' lang='lat' dir='ltr'>Vnt.</span> <span class='ocrx_word' id='word_1_243' title='bbox 903 4688 941 4744; x_wconf 72' lang='lat' dir='ltr'>tl,</span> <span class='ocrx_word' id='word_1_244' title='bbox 956 4686 973 4734; x_wconf 79' lang='lat' dir='ltr'>l.</span> <span class='ocrx_word' id='word_1_245' title='bbox 991 4685 1044 4742; x_wconf 81' lang='lat'>108,</span> <span class='ocrx_word' id='word_1_246' title='bbox 1059 4698 1084 4731; x_wconf 91' lang='lat' dir='ltr'>n.</span> <span class='ocrx_word' id='word_1_247' title='bbox 1101 4682 1156 4729; x_wconf 80' lang='lat'><em>253.</em></span> 
     </span>
    </p>
   </div>
   <div class='ocr_carea' id='block_1_13' title="bbox 498 4886 1844 5189">
    <p class='ocr_par' dir='ltr' id='par_1_23' title="bbox 498 4886 1844 5189">
     <span class='ocr_line' id='line_1_35' title="bbox 545 4886 1813 4968; baseline -0.013 -4"><span class='ocrx_word' id='word_1_248' title='bbox 545 4887 669 4965; x_wconf 84' lang='lat' dir='ltr'>llll.</span> <span class='ocrx_word' id='word_1_249' title='bbox 1492 4905 1588 4966; x_wconf 75' lang='lat'><em>1322,</em></span> <span class='ocrx_word' id='word_1_250' title='bbox 1605 4905 1626 4968; x_wconf 84' lang='lat'><em>4</em></span> <span class='ocrx_word' id='word_1_251' title='bbox 1643 4886 1813 4951; x_wconf 71' lang='lat' dir='ltr'>decembre.</span> 
     </span>
     <span class='ocr_line' id='line_1_36' title="bbox 542 4984 1844 5082; baseline -0.015 -13"><span class='ocrx_word' id='word_1_252' title='bbox 542 4999 687 5082; x_wconf 82' lang='lat' dir='ltr'>Jonanni</span> <span class='ocrx_word' id='word_1_253' title='bbox 713 5003 755 5067; x_wconf 87' lang='lat' dir='ltr'>de</span> <span class='ocrx_word' id='word_1_254' title='bbox 771 4998 948 5065; x_wconf 86' lang='lat' dir='ltr'>Warennis</span> <span class='ocrx_word' id='word_1_255' title='bbox 972 4993 1140 5064; x_wconf 83' lang='lat' dir='ltr'>confertur</span> <span class='ocrx_word' id='word_1_256' title='bbox 1161 4991 1378 5060; x_wconf 88' lang='lat' dir='ltr'>canonicatus</span> <span class='ocrx_word' id='word_1_257' title='bbox 1406 4990 1549 5056; x_wconf 89' lang='lat' dir='ltr'>ecclesie</span> <span class='ocrx_word' id='word_1_258' title='bbox 1569 4989 1732 5071; x_wconf 84' lang='lat' dir='ltr'>Ariensis,</span> <span class='ocrx_word' id='word_1_259' title='bbox 1759 4984 1844 5053; x_wconf 88' lang='lat' dir='ltr'>Mori·</span> 
     </span>
     <span class='ocr_line' id='line_1_37' title="bbox 498 5098 1300 5189; baseline -0.014 -16"><span class='ocrx_word' id='word_1_260' title='bbox 498 5109 609 5174; x_wconf 91' lang='lat' dir='ltr'>nensis</span> <span class='ocrx_word' id='word_1_261' title='bbox 626 5107 778 5186; x_wconf 81' lang='lat' dir='ltr'>diocesis,</span> <span class='ocrx_word' id='word_1_262' title='bbox 795 5108 855 5170; x_wconf 92' lang='lat' dir='ltr'>sub</span> <span class='ocrx_word' id='word_1_263' title='bbox 872 5101 1106 5189; x_wconf 86' lang='lat' dir='ltr'>expectatione</span> <span class='ocrx_word' id='word_1_264' title='bbox 1122 5098 1300 5186; x_wconf 88' lang='lat' dir='ltr'>prebende.</span> 
     </span>
    </p>
   </div>
   <div class='ocr_carea' id='block_1_14' title="bbox 0 0 2210 6017">
    <p class='ocr_par' dir='ltr' id='par_1_24' title="bbox 0 0 2210 6017">
     <span class='ocr_line' id='line_1_38' title="bbox 0 0 2210 6017; baseline 0 5"><span class='ocrx_word' id='word_1_265' title='bbox 0 0 2210 6017; x_wconf 95' lang='lat' dir='ltr'> </span> 
     </span>
    </p>
   </div>
  </div>
 </body>
</html>
