4409 6017
925 708 1107 775 Fornulaire

925 896 927 900 ’
973 896 1051 979 29.

701 1082 950 1134 nonrunrtou
975 1064 1065 1135 u'un
1092 1084 1328 1138 rnssaucrou.

946 1204 984 1265 (n.
1004 1206 1078 1265 816).

403 1327 487 1384 >ilecto
507 1328 570 1382 filio
591 1330 716 1393 Johanni
738 1330 813 1384 dicto
836 1331 980 1384 Rombout
1002 1333 1040 1385 de
1062 1331 1133 1394 Lira,
1157 1333 1260 1386 clerico
1283 1335 1496 1389 Cameracensis
1519 1336 1646 1390 diocesis.

403 1409 644 1465 lecontractuum
666 1411 803 1465 memoria
828 1412 970 1477 deperiret
986 1413 1142 1484 ⁸inventum
1157 1427 1197 1468 cst
1214 1417 1413 1471 tabellionatus
1427 1419 1557 1472 officium
1570 1437 1627 1484 quo
1641 1439 1703 1474 con-

403 1502 453 1546 cttts
467 1493 585 1558 legitimi
607 1494 646 1546 ad
666 1494 808 1547 cautelam
828 1493 1004 1560 presentium
1025 1506 1052 1548 et
1069 1497 1235 1550 memoriam
1251 1497 1410 1552 futurorum
1426 1517 1515 1553 manu
1529 1501 1642 1566 publica
1657 1517 1704 1554 no-

403 1584 475 1628 entur.

403 1654 455 1710 line
470 1658 607 1723 estquod
621 1676 674 1712 nos
689 1659 852 1722 hujusmodi
867 1658 994 1712 officium
1010 1660 1070 1725 tibi,
1093 1661 1142 1725 qui
1164 1663 1202 1714 ad
1222 1663 1292 1716 illud
1313 1681 1364 1727 per
1384 1664 1520 1717 dilectum
1541 1665 1633 1718 lilium
1655 1667 1703 1719 Pe-

404 1754 431 1803 m,
443 1740 575 1793 abbatem
590 1740 756 1794 monasterii
773 1741 799 1794 S.
817 1739 961 1794 Satumini
976 1742 1144 1806 Tholosani‚
1164 1744 1271 1797 ordinis
1294 1746 1321 1800 S.
1344 1746 1503 1809 Augustini,
1526 1746 1630 1799 Sancte
1651 1747 1704 1798 Ro

403 1836 433 1873 ne
453 1821 580 1876 Ecclesie
605 1822 876 1884 vicecancellarium,
903 1822 948 1876 cui
972 1834 1052 1877 tuam
1080 1826 1318 1879 examinationem
1346 1828 1544 1892 commisimus,
1574 1838 1702 1893 repertus

403 1902 562 1967 stiydoneus
587 1914 615 1958 et
631 1907 812 1969 postmodum
827 1907 970 1970 prestitisti
985 1909 1021 1961 de
1042 1908 1090 1962 illo
1111 1909 1270 1961 exercendo
1288 1909 1412 1962 fideliter
1431 1909 1460 1963 in
1479 1912 1644 1974 formaque
1664 1927 1704 1963 se-

403 1985 440 2037 lur
458 1986 571 2041 solitum
592 1986 791 2050 ituarnentum,
815 1988 946 2042 duximus
968 1992 1184 2043 concedendum
1206 2002 1236 2043 ut
1255 2001 1286 2044 tu
1307 1991 1383 2044 idem
1402 1992 1531 2045 officium
1549 1993 1704 2058 prudenter

407 2067 515 2126 fideliler
537 2070 688 2135 exequaris
721 2081 748 2124 et
770 2071 807 2124 ad
830 2082 859 2124 te
881 2089 947 2125 cum
968 2089 1087 2126 necesse
1104 2072 1192 2126 luerit
1212 2075 1240 2127 in
1261 2073 1314 2127 hiis
1333 2092 1388 2138 que
1407 2075 1446 2128 ad
1464 2075 1593 2129 officium
1611 2076 1704 2139 ipstmt

403 2150 483 2207 tinent
502 2153 593 2206 libere
613 2165 779 2207 recurratur.
803 2154 935 2209 Formam
956 2166 1052 2211 autem
1070 2157 1225 2218 ¹juramenti
1243 2157 1369 2222 predicti,
1392 2168 1421 2211 ut
1439 2175 1491 2221 per
1510 2174 1574 2210 earn
1593 2157 1704 2220 plenius

403 2234 508 2301 οτωεῐὶε,
529 2236 711 2300 presentibus
730 2237 816 2292 inseri
836 2238 963 2300 fecimus,
984 2256 1040 2302 quc
1060 2240 1123 2293 talis
1139 2251 1195 2294 est:

403 2312 450 2382 ito,
472 2317 618 2380 Johannes
641 2318 734 2372 dictus
761 2318 912 2383 Rombout,
937 2321 1056 2373 clericus
1074 2321 1291 2374 'Cameracensis
1310 2321 1438 2387 diocesis,
1459 2322 1495 2374 ab
1513 2322 1568 2374 hac
1585 2322 1655 2375 hora
1674 2322 1702 2375 in

404 2413 430 2449 lea
445 2397 475 2465 (¹)
484 2397 579 2452 fidelis
598 2417 648 2453 ero
664 2401 750 2453 beato
769 2402 852 2455 Petro
869 2412 899 2455 et
916 2402 1019 2455 Sancte
1043 2403 1173 2456 Romane
1189 2401 1318 2456 Ecclesie
1332 2421 1366 2456 ac
1378 2404 1494 2457 domino
1507 2420 1572 2456 meo
1586 2403 1702 2457 domino

403 2480 464 2533 anni
477 2498 553 2546 pape
569 2482 656 2535 XXII
675 2493 703 2537 et
719 2485 929 2538 successoribus
945 2484 1002 2538 suis
1023 2486 1160 2538 canonice
1181 2486 1358 2541 intrantibus.
1381 2487 1447 2538 Non
1469 2504 1517 2539 ero
1536 2486 1566 2539 in
1586 2486 1703 2540 consilio

416 2562 520 2627 auxilio,
545 2580 686 2617 oonsensu
709 2582 762 2618 seu
784 2567 868 2624 facto.
895 2566 944 2619 ubi
966 2566 1053 2619 vitam
1079 2566 1199 2629 perdant
1225 2577 1273 2620 aut
1297 2567 1457 2620 membrum
1481 2577 1531 2619 aut
1555 2565 1703 2630 capiantur

403 2645 422 2713 lt
437 2646 575 2711 captione.
596 2647 754 2702 Consilium
773 2660 868 2702 autem
886 2650 963 2714 quod
982 2649 1053 2704 mlhi
1074 2667 1125 2713 per
1145 2667 1176 2702 se
1197 2652 1242 2702 vel
1263 2650 1371 2703 litteras
1393 2660 1441 2702 aut
1462 2649 1598 2702 nuncium
1617 2647 1703 2701 mani-

403 2727 494 2794 tabunt
506 2729 552 2784 ad
562 2746 661 2783 eorum
677 2731 833 2795 dampnum
847 2732 970 2785 scienter
982 2731 1090 2786 nemini
1104 2732 1236 2796 pandam.
1253 2732 1282 2785 Si
1296 2749 1363 2784 vero
1376 2731 1483 2795 aliquid
1497 2731 1534 2784 ad
1546 2747 1641 2784 meam
1654 2748 1701 2782 no-

403 2825 436 2863 ttn
452 2810 587 2866 devenire
607 2813 754 2876 contingat
776 2815 853 2878 quod
874 2814 903 2868 in
923 2815 1082 2879 periculum
1110 2815 1232 2868 Romani
1260 2813 1405 2868 Pontificis
1430 2814 1476 2867 vel
1503 2813 1622 2867 ecclesie
1650 2814 1703 2865 Ro-

403 2906 430 2946 ne
448 2907 579 2959 vergeret
601 2912 653 2948 seu
676 2912 763 2959 grave
784 2896 948 2961 dampnum,
972 2897 1044 2949 illud
1057 2914 1111 2961 pro
1128 2914 1212 2960 posse
1231 2896 1392 2960 impediam,
1410 2907 1437 2949 et
1454 2895 1477 2949 si
1494 2896 1549 2948 hoc
1565 2894 1703 2958 impedire

403 2990 535 3040 tpossem,
550 2978 711 3042 procurabo
726 2979 875 3032 bonafide
889 2980 917 3032 id
933 2978 971 3031 ad
983 2979 1115 3032 notitiam
1131 2979 1241 3032 'domini
1257 2996 1331 3043 pape
1350 2978 1476 3042 perferri.
1495 2978 1633 3041 Papatum
1652 2976 1704 3027 Ro-

404 3072 433 3111 tte
449 3060 567 3114 ecclesie
586 3078 620 3114 ac
638 3062 746 3124 regalia
766 3061 862 3115 Sancti
881 3061 957 3115 Petri
976 3070 1003 3114 et
1023 3061 1086 3124 jura
1108 3061 1195 3127 ipsius
1217 3061 1336 3115 ecclesie
1358 3054 1518 3124 specialiter
1538 3060 1562 3113 si
1583 3076 1639 3124 qua
1662 3075 1704 3113 ea-

403 3141 549 3196 aecclesia
569 3143 598 3196 in
619 3142 731 3198 ciuitate
750 3144 795 3197 vel
814 3154 889 3198 terra
910 3146 947 3199 de
966 3160 1023 3209 qua
1043 3160 1107 3196 sum
1123 3143 1260 3198 oriundus
1278 3143 1392 3208 habeat,
1411 3142 1524 3205 adiutor
1542 3143 1582 3195 eis
1601 3159 1649 3194 ero
1668 3141 1705 3194 ad

403 3222 556 3277 'emendum
579 3234 608 3278 et
629 3224 810 3280 retinendum
832 3243 882 3278 scu
904 3225 1132 3290 temperandum
1155 3236 1255 3279 contra
1278 3241 1378 3277 omnes
1404 3223 1540 3277 homines.
1565 3222 1705 3276 Tabellio-

404 3319 431 3357 us
443 3306 574 3362 officium
590 3306 714 3362 fideliter
732 3308 880 3361 exercebo.
900 3308 1069 3361 Contractus
1092 3307 1121 3360 in
1142 3307 1243 3371 quibus
1267 3307 1387 3370 exigitur
1407 3323 1561 3359 consensus
1582 3305 1704 3370 partium

403 3386 467 3441 eliter
483 3387 588 3443 faciam
605 3388 674 3442 nihil
691 3390 825 3443 addendo
843 3391 888 3442 vel
905 3389 1063 3444 minuendo
1085 3390 1146 3442 sine
1168 3390 1311 3442 volontate
1334 3390 1456 3454 partium
1478 3389 1554 3453 quod
1576 3386 1702 3440 substan-

404 3486 420 3524 tt
436 3484 594 3528 contradus
616 3475 753 3528 immutet.
777 3474 806 3527 Si
828 3491 895 3526 vero
917 3473 946 3526 in
968 3472 1149 3526 conficiendo
1162 3472 1278 3535 aliquod
1290 3473 1508 3525 instrumentum
1521 3472 1605 3524 unius
1618 3470 1704 3525 solius

403 3553 435 3607 tis
446 3557 479 3609 sit
492 3555 662 3620 requirenda
676 3556 814 3614 voluntas.
830 3556 883 3608 hoc
897 3554 989 3619 ipsum
1001 3554 1114 3618 faciam,
1132 3566 1163 3609 ut
1180 3555 1286 3608 scilicet
1304 3555 1371 3607 nihil
1390 3555 1495 3607 addam
1514 3554 1557 3608 vel
1574 3554 1700 3606 minuam

404 3635 565 3690 ›dinnnutet
581 3637 649 3689 facti
668 3637 856 3690 substantiam
872 3647 969 3689 contra
985 3637 1163 3689 voluntatem
1189 3636 1284 3700 ipsius.
1313 3637 1532 3688 Instrumentum
1559 3651 1615 3687 non
1642 3651 1703 3686 con-

404 3732 441 3769 am
452 3718 488 3771 de
502 3718 600 3783 aliquo
615 3730 761 3772 contractu
775 3719 803 3772 in
819 3736 875 3782 quo
890 3719 977 3771 sciam
994 3718 1164 3771 intervenire
1181 3719 1224 3770 vel
1242 3718 1416 3770 intercedere
1432 3718 1488 3769 vim
1504 3717 1549 3769 vel
1565 3718 1702 3769 fraudem.

403 3809 511 3854 ntractus
538 3800 565 3853 in
591 3801 787 3864 prothocolum
815 3802 942 3861 redigam
968 3811 1002 3859 ct,
1026 3811 1176 3862 postquam
1199 3801 1228 3851 in
1249 3800 1444 3863 prothocolum
1469 3800 1606 3861 redigero,
1628 3797 1704 3850 mali-

403 3893 494 3933 senon
516 3881 651 3934 differam
674 3892 772 3933 contra
795 3883 969 3934 voluntatem
993 3880 1106 3932 illorum
1134 3882 1178 3933 vel
1206 3880 1287 3942 illius,
1316 3897 1435 3943 quorum
1461 3880 1505 3930 vel
1533 3878 1612 3940 cujus
1642 3894 1703 3929 con-

404 3970 453 4014 clus
479 3974 527 4025 est,
556 3980 642 4027 super
673 3980 707 4014 eo
736 3963 878 4014 conficere
907 3963 1054 4025 publicum
1072 3962 1304 4023 instrumentum;
1323 3965 1402 4015 salvo
1421 3978 1485 4012 meo
1503 3961 1577 4021 justo
1596 3968 1624 4011 et
1642 3974 1705 4010 con·

403 4050 435 4092 tto
446 4044 552 4098 salario.
570 4043 616 4096 Sic
634 4061 680 4096 me
697 4044 776 4095 Deus
793 4043 906 4105 adjuvet
926 4053 952 4095 et
969 4043 1022 4095 hec
1046 4053 1143 4094 sancta
1161 4043 1213 4093 Dei
1231 4043 1397 4103 Evangelia.

403 4118 463 4176 Nulli
481 4137 530 4178 etc.
552 4137 648 4178 nostre
669 4125 859 4177 concessionis
881 4136 932 4181 etc,

404 4196 488 4259 Datum
508 4208 649 4260 Atinione
669 4207 751 4259 nonis
772 4194 838 4258 maii
858 4224 933 4257 anno
953 4216 1063 4268 quarto.

986 4400 1068 4486 30.

681 4578 869 4640 ¹Facturi:
894 4590 945 4639 oa
970 4588 1091 4638 raras
1121 4586 1369 4637 restantem.
1415 4565 1416 4568 ’

943 4708 979 4761 tn.
1003 4708 1090 4766 raas).

415 4823 500 4886 Dilecto
518 4836 575 4889 lilio
595 4836 729 4898 magistro
750 4835 857 4898 Jacobo
876 4835 912 4887 de
933 4834 1053 4895 lllutina,
1074 4834 1212 4886 canonico
1239 4833 1445 4894 Cameracensi,
1472 4832 1621 4896 capellano
1647 4848 1708 4883 nos·

403 4914 550 4971 t0.salute1n.

403 5026 1049 5050 m—

403 5094 434 5180 .¹'
447 5097 580 5154 latornule
598 5108 635 5154 du
654 5112 766 5155 serment
784 5105 817 5155 de
836 5104 933 5154 lidelite
953 5108 992 5152 est
1009 5101 1124 5152 resumes
1140 5104 1205 5152 dans
1218 5104 1241 5151 lc
1252 5106 1358 5164 registro
1369 5118 1416 5165 par
1427 5102 1462 5148 les
1473 5104 1557 5146 mols:
1578 5103 1621 5146 rte.
1640 5101 1668 5144 nt
1682 5100 1706 5144 ln

404 5185 456 5223 'W
464 5194 469 5233 3
477 5182 516 5234 elle
525 5202 549 5236 sa
558 5194 649 5238 trouve
659 5190 687 5236 in
697 5193 799 5237 catomo
809 5188 875 5236 dans
887 5188 910 5235 le
922 5187 1004 5234 meme
1015 5201 1066 5246 reg.
1082 5187 1142 5235 Vat.
1156 5188 1193 5243 tt),
1205 5186 1250 5235 fol.
1265 5187 1330 5243 cmv,
1345 5199 1370 5233 n.
1387 5185 1448 5231 1612
1460 5183 1508 5242 (3).
