4409 6017
845 468 1013 547 Quatrieme
1034 469 1136 535 annee.
1613 467 1675 546 323

332 620 464 701 791.
1347 655 1442 717 1320,
1459 655 1479 719 9
1489 632 1633 715 yomuer.

336 737 519 803 Gaufrido
533 737 576 802 de
591 736 740 823 Jargolio
756 740 813 823 (¹),
829 740 1006 824 capellano
1022 747 1056 803 et
1072 737 1223 803 familiari
1239 737 1359 818 Caroli,
1371 738 1504 804 comitis
1516 735 1676 815 Marchie,

308 851 501 908 eservatur
516 842 717 907 beneficium
734 841 999 907 ecclesiasticum
1010 841 1053 907 ad
1063 841 1282 906 collationem
1292 839 1535 925 archiepiscopi
1548 838 1676 903 Rotlro-

308 945 490 1031 nagensis,
507 965 577 1009 non
593 946 750 1010 obstante
766 945 857 1030 quod
873 947 906 1010 in
923 944 962 1010 B.
979 944 1089 1010 Marie
1106 944 1149 1009 de
1166 945 1324 1010 Condeto
1339 944 1575 1010 canonicatum
1600 965 1675 1009 cum

308 1049 484 1115 ›rebenda
501 1058 535 1114 et
551 1048 584 1113 in
601 1049 698 1115 castri
715 1049 758 1114 de
773 1050 901 1114 Avenis
917 1057 952 1114 et
968 1050 1001 1114 in
1018 1049 1116 1115 castri
1133 1049 1176 1114 de
1193 1049 1303 1116 Encra
1319 1048 1478 1134 quasdam
1499 1057 1677 1133 perpetuus

308 1153 517 1239 apellanias
541 1161 576 1218 et
600 1153 633 1217 in
651 1152 689 1219 B.
705 1152 827 1219 Verani
843 1153 885 1218 de
901 1152 1051 1237 Jargolio
1075 1153 1237 1234 ecclesiis,
1261 1152 1521 1232 Cameracensis,
1542 1154 1677 1217 Ambia-

308 1257 425 1322 1ensis
440 1265 478 1321 et
492 1256 743 1321 Aurelianensis
751 1255 933 1339 diocesum,
944 1256 1182 1323 canonicatum
1192 1259 1252 1322 sub
1262 1257 1500 1344 expectatione
1509 1257 1677 1343 prebende

308 1360 457 1426 obtinet.

350 1465 428 1530 Tue
445 1465 664 1531 laudabilia...

353 1570 436 1635 Dat.
452 1569 550 1634 Avin.
568 1588 585 1654 5
603 1569 647 1635 id.
660 1568 801 1653 januarii
817 1589 907 1641 anno
922 1592 953 1654 4.

354 1672 396 1738 ln
414 1694 444 1739 e.
460 1694 506 1738 rn.
522 1672 672 1738 Tullensi
688 1680 723 1738 et
741 1671 964 1739 Maeloviensi
981 1673 1149 1759 episcopis
1165 1682 1200 1739 et
1214 1673 1327 1740 abbati
1353 1676 1545 1742 monasterii
1563 1677 1594 1743 S.
1611 1677 1677 1743 Ge-

308 1777 437 1844 novefe
455 1776 659 1843 Parisiensis.

346 1920 409 1981 Reg.
422 1922 470 1966 Av.
484 1920 520 1970 13.
534 1918 552 1966 f.
565 1919 612 1965 216
625 1933 630 1973 ;
644 1917 703 1966 Vat.
716 1920 753 1976 70,
767 1918 784 1966 f.
799 1919 852 1976 196,
865 1932 890 1967 n.
903 1920 958 1966 326.

360 2090 475 2174 792.
1144 2126 1148 2133 ’
1347 2122 1441 2184 1320,
1459 2123 1479 2186 9
1489 2100 1633 2184 J'anoier.

358 2208 506 2275 Nicolao
529 2208 572 2274 de
600 2207 735 2293 Fayaco
751 2206 921 2273 confertur
947 2205 1165 2272 canonicatus
1189 2205 1329 2271 ecclesie
1354 2205 1595 2272 Noviomensis
1619 2209 1679 2272 sub

309 2313 555 2399 expectatione
582 2311 762 2397 prebende,
778 2314 922 2376 obtentu
947 2309 1070 2391 Caroli,
1086 2309 1220 2376 comitis
1248 2308 1411 2390 Marclrie,
1428 2330 1495 2375 non
1523 2313 1679 2376 obstante

312 2416 409 2499 quod
436 2416 470 2479 in
498 2415 540 2481 de
564 2413 721 2481 Mauniez
747 2414 926 2499 quemdam
952 2422 1168 2499 personatum
1195 2422 1230 2478 et
1254 2414 1287 2478 in
1312 2414 1354 2480 de
1379 2413 1546 2480 Bethunia
1572 2436 1612 2480 ac
1638 2414 1680 2480 de

315 2516 474 2599 Peronia,
491 2520 732 2612 AtrebatensiS,
748 2518 986 2584 Ambianensis
1010 2527 1045 2583 et
1072 2517 1313 2585 Noviomensis
1339 2519 1521 2600 diocesum,
1545 2519 1680 2584 canoni-

315 2631 417 2687 catus
444 2630 478 2687 et
499 2622 684 2708 prebendas
713 2642 847 2687 necnon
879 2623 911 2685 in
939 2620 1145 2687 Tornacensi
1173 2622 1321 2688 ecclesiis
1351 2622 1584 2688 canonicatum
1620 2625 1680 2687 sub

315 2725 560 2812 expectatione
575 2725 744 2811 prebende
760 2725 901 2792 obtinet.
1630 2728 1632 2733 ’

364 2828 486 2895 Matris
503 2828 694 2895 Ecclesie...

363 2934 446 3000 Dat.
462 2932 561 2998 nnn.
579 2951 596 3017 5
614 2933 657 2998 id.
670 2933 811 3018 januarii
828 2953 918 2999 anno
934 2955 964 3018 4.

362 3036 402 3102 In
419 3059 449 3101 e.
465 3057 510 3101 m.
526 3037 686 3122 episcopo
701 3035 850 3102 Tullensi
867 3045 902 3102 et
917 3038 949 3101 S.
966 3036 1119 3120 Quintini
1135 3036 1169 3100 in
1186 3035 1403 3102 Viromandia
1417 3045 1452 3101 et
1468 3037 1499 3101 S.
1514 3035 1628 3102 Fursei
1639 3037 1681 3102 de

316 3135 461 3220 Perona,
478 3139 719 3205 Noviomensis
734 3140 886 3220 diocesiS,
903 3140 1038 3205 decanis
1053 3141 1281 3205 ecclesiarum.

352 3280 411 3339 fleg.
425 3281 473 3327 Ar.
491 3279 527 3335 13,
540 3278 557 3325 f.
574 3280 648 3327 131':
662 3278 719 3325 llat.
737 3282 775 3335 lu,
787 3279 803 3326 f.
823 3281 874 3335 197,
887 3281 975 3325 9332.

360 3458 476 3540 793.
1347 3492 1442 3553 1320,
1458 3491 1479 3555 9
1489 3469 1637 3551 janvzer.

362 3575 545 3640 Guillelmo
560 3574 602 3640 de
619 3576 734 3639 Alleus
750 3574 919 3639 confertur
934 3574 1152 3640 canonicatus
1168 3574 1310 3639 ecclesie
1328 3574 1359 3639 S.
1377 3574 1465 3639 Petri
1489 3572 1683 3653 Insulensis,

317 3675 543 3744 Tomacensis
557 3677 711 3758 diocesis,
728 3681 787 3743 sub
804 3678 1042 3764 expectatione
1057 3678 1240 3764 prebende,
1256 3680 1399 3743 obtentu
1415 3676 1536 3758 Caroli,
1552 3676 1684 3741 comitis

322 3776 483 3846 Marchie.

364 3883 535 3949 Virtutum
551 3884 711 3948 merita...

367 3988 445 4053 Dat.
461 3988 562 4053 Avin.
585 4007 601 4071 5
620 3987 662 4051 id.
677 3987 816 4072 januarii
832 4009 923 4053 anno
938 4011 969 4073 4.

367 4090 405 4155 ln
424 4111 454 4156 e.
471 4113 515 4155 m.
533 4097 697 4177 utsupra,
717 4114 747 4155 u.
767 4110 837 4173 792.

359 4228 418 4290 lug.
432 4231 481 4276 Av.
496 4231 532 4286 13,
546 4230 563 4276 f.
579 4231 636 4276 1311ν
649 4244 654 4285 ;
667 4228 723 4275 Vat.
738 4231 775 4287 70,
789 4230 806 4276 f.
820 4231 872 4286 179,
887 4244 914 4276 n.
927 4232 982 4277 333.

368 4410 483 4492 794.
1358 4442 1450 4503 1320,
1467 4442 1487 4505 9
1497 4420 1642 4501 saunier.

369 4528 496 4593 Simoni
523 4526 565 4591 de
582 4525 758 4591 Granchiis
783 4525 951 4592 confertur
976 4525 1193 4592 canonicatus
1220 4524 1360 4593 ecclesie
1378 4524 1566 4603 FurnensiS,
1583 4523 1687 4589 Mori-

334 4634 440 4697 nensis
455 4630 609 4713 diocesis,
625 4632 685 4695 sub
702 4629 939 4716 expectatione
955 4630 1135 4717 prebende,
1148 4629 1415 4697 consideratione
1425 4628 1546 4710 Caroli,
1556 4626 1690 4694 comitis

366 4913 386 4958 l.
402 4910 437 4958 lla
450 4910 533 4957 rnbme
545 4923 702 4971 personnage
714 4915 750 4954 est
764 4908 856 4971 appele'
866 4910 934 4956 aussi
950 4906 1098 4967 (luitfridus
1110 4908 1202 4959 noller.
1216 4923 1272 4967 roy.
1286 4922 1311 4955 n.
1327 4909 1409 4954 lutet
1421 4921 1444 4951 9.
1461 4906 1512 4951 196.
