4409 6017
416 731 477 796 422
961 731 1107 813 septime
1127 730 1231 798 annae.

461 877 593 959 1122.
1419 916 1515 981 1323,
1527 915 1578 979 3ο
1595 894 1743 979 sanarer.

464 998 604 1064 Decano
620 998 762 1064 ecclesie
778 997 970 1081 Brielensis,
986 999 1211 1085 Trajectensis
1225 1000 1379 1083 diocesis,
1394 1000 1585 1083 mandatur,
1601 1000 1648 1067 de
1672 1002 1778 1068 utrius

423 1123 488 1189 que
503 1100 609 1188 partis
619 1111 873 1189 procuratorum
888 1125 1035 1186 assensu,
1051 1114 1216 1190 quatenus
1231 1106 1347 1172 audiat
1362 1114 1397 1173 et
1411 1105 1545 1173 decidat
1561 1126 1706 1173 causam
1718 1128 1779 1173 ver·

423 1214 555 1273 tentem
583 1206 670 1271 inter
691 1206 917 1292 Margaretam
942 1209 984 1274 de
1004 1208 1211 1291 Petershem,
1236 1210 1439 1276 abbatissam
1463 1210 1626 1276 secularis
1651 1209 1781 1278 ecclesie

425 1309 617 1391 Thorensis,
634 1310 830 1377 Leodiensis
850 1312 1002 1394 diocesis,
1023 1320 1200 1398 patronam
1222 1314 1364 1380 ecclesie
1387 1313 1517 1381 Montis
1539 1313 1674 1381 Sancte
1688 1313 1782 1380 Gher·

423 1412 539 1496 trudis,
555 1412 646 1480 dicte
661 1414 814 1496 diocesis
839 1437 880 1481 ex
906 1437 971 1482 una
997 1425 1102 1503 parte,
1130 1425 1165 1483 et
1185 1418 1350 1484 decanum
1374 1439 1415 1485 ac
1435 1418 1624 1506 capitulum
1641 1418 1782 1506 ejusdem

428 1516 569 1583 ecclesie
586 1516 717 1584 Montis
733 1518 856 1585 Sancte
872 1519 1078 1603 Ghertrudis,
1094 1524 1268 1606 exaltem,
1284 1543 1383 1610 super
1394 1524 1467 1609 jure
1482 1530 1690 1610 patronatus
1703 1523 1782 1590 dicte

421 1621 563 1688 ecclesie
579 1630 613 1687 et
628 1624 727 1689 rebus
741 1623 824 1689 aliis.
1546 1643 1554 1658 ·
1580 1648 1582 1651 ’
1705 1646 1712 1657 ·

462 1726 655 1811 Conquesta
666 1732 758 1791 est...

467 1831 545 1897 Dat.
562 1832 661 1896 Avin.
680 1852 697 1915 3
714 1830 782 1897 kal.
805 1829 959 1898 februarii
974 1850 1064 1896 anno
1081 1849 1110 1915 7.

456 1970 576 2032 Original
588 1985 640 2019 aux
659 1970 783 2018 Arcbires
802 1970 834 2017 do
851 1954 934 2018 l’l'ltat
944 1971 960 2018 a
972 1968 1134 2019 Maestricht.
1148 1997 1174 2005 -
1192 1970 1215 2020 J.
1232 1970 1340 2033 Habeto,
1350 1972 1391 2020 De
1401 1970 1544 2021 Archiater
1556 1988 1609 2023 raa
1619 1974 1667 2024 liet
1677 1976 1787 2042 Kapitfrl

427 2054 516 2113 77111111,
531 2059 550 2103 t.
563 2054 584 2111 1,
599 2069 623 2116 p.
640 2055 686 2101 156
696 2052 836 2115 (analysc).

468 2238 601 2323 1123.
1417 2274 1512 2337 1323,
1530 2272 1578 2335 31
1597 2254 1749 2337 janum.

474 2356 620 2437 FerricO,
631 2354 831 2421 filionobilis
846 2354 906 2420 viri
917 2354 1031 2421 Erardi
1043 2356 1086 2423 de
1096 2356 1210 2439 Barro,
1227 2357 1397 2423 confertur
1410 2351 1632 2425 canonicatus
1649 2358 1788 2427 ecclesie

428 2464 625 2533 Leodiensis
640 2466 700 2529 sub
716 2463 952 2549 expectatione
967 2464 1147 2550 prebende.

469 2568 638 2635 Nobilitas
652 2567 823 2652 generis...

472 2672 552 2738 Dat.
568 2671 668 2736 Avin.
687 2691 704 2735 2
721 2672 789 2736 kal.
805 2670 958 2737 februarii
974 2692 1063 2738 anno
1079 2690 1109 2755 7.

472 2775 512 2841 ln
538 2797 567 2841 e.
593 2796 638 2840 m.
663 2774 777 2842 abbati
804 2775 997 2842 monasterii
1025 2776 1067 2841 de
1092 2776 1123 2839 S.
1152 2773 1331 2856 Michaele,
1354 2773 1570 2843 Virdunensis
1585 2776 1743 2862 diocesis,
1758 2787 1791 2844 et

430 2879 669 2947 archidiacono
686 2876 851 2953 Metensis
866 2899 906 2945 ac
921 2879 1051 2946 cantori
1068 2879 1099 2945 S.
1117 2879 1258 2945 Diouisii
1274 2879 1470 2946 Leodiensis
1485 2881 1718 2949 ecclesiarum.

459 3026 521 3087 Reg.
537 3027 586 3078 Ar.
601 3026 640 3086 18,
654 3024 673 3075 f.
688 3026 752 3082 1ο3;
765 3024 824 3074 Vat.
837 3026 876 3085 71,
891 3024 910 3075 f.
927 3026 979 3084 157,
992 3038 1018 3073 n.
1033 3026 1087 3072 119.

473 3218 609 3302 1124.
1428 3257 1523 3319 1323,
1534 3256 1581 3319 31
1600 3235 1750 3319 J‘onor'er.

479 3339 630 3405 Henrico
656 3339 698 3406 de
724 3339 936 3405 Heraucourt
963 3339 1132 3405 confertur
1158 3339 1375 3406 canonicatus
1396 3340 1535 3407 ecclesie
1560 3340 1592 3406 S.
1627 3340 1648 3419 J
1651 3342 1791 3408 ohannis

433 3443 629 3511 Leodiensis
656 3447 716 3510 sub
732 3443 967 3529 expectatione
990 3443 1171 3529 prebende,
1196 3464 1264 3510 non
1288 3446 1446 3510 obstante
1470 3444 1562 3529 quod
1589 3444 1623 3509 in
1650 3447 1788 3514 ecclesia

432 3549 463 3615 S.
480 3548 640 3630 Deodati,
655 3548 821 3613 Tullensis
836 3547 988 3629 diocesis,
1005 3548 1241 3615 canonicatum
1257 3556 1292 3614 et
1307 3548 1512 3635 prebendam
1528 3550 1673 3616 obtinet.

472 3652 692 3738 Suffragantia
712 3652 812 3717 tibi...

474 3758 554 3824 Dat.
570 3758 670 3823 Avin.
689 3778 705 3821 2
722 3755 789 3822 kal.
805 3755 958 3821 febmarii
974 3776 1064 3822 anno
1081 3774 1110 3839 7.

478 3863 518 3929 ln
535 3886 565 3929 e.
581 3884 626 3928 m.
643 3861 756 3929 abbati
772 3862 965 3928 monasterii
983 3861 1014 3926 S.
1030 3860 1112 3947 Apri
1129 3859 1296 3926 Tullensis
1319 3868 1352 3925 et
1375 3859 1613 3928 archidiacono
1629 3860 1787 3930 Metensis

431 3989 471 4035 ac
487 3967 631 4034 Colardo
646 3967 688 4033 de
704 3966 866 4046 Noviant,
883 3965 1046 4033 canonico
1062 3962 1257 4030 Leodiensis
1273 3964 1497 4030 ecclesiarum.

464 4107 525 4167 Reg.
539 4109 585 4153 Ar.
601 4107 637 4162 is,
652 4107 669 4154 f.
686 4107 759 4162 lusu
772 4106 831 4154 Vnt.
847 4108 885 4163 71,
900 4106 917 4154 f.
935 4106 987 4158 1717,
1003 4119 1026 4151 n.
1043 4106 1097 4150 420.

478 4291 611 4376 1125.
1438 4325 1534 4389 1323,
1547 4327 1592 4388 31
1604 4308 1748 4389 1111111111.

477 4410 627 4476 Roberto
642 4411 684 4476 de
700 4408 826 4488 Jamais
842 4409 1011 4476 confertur
1026 4409 1244 4476 canonicatus
1260 4411 1400 4476 ecclesie
1412 4410 1580 4477 Tullensis
1595 4415 1658 4478 sub
1675 4433 1784 4500 expec-

432 4514 562 4580 tatione
588 4515 767 4600 prebende,
794 4535 863 4579 non
879 4517 1035 4579 obstante
1051 4512 1142 4598 quod
1160 4514 1192 4577 in
1210 4513 1410 4580 Virdunensi
1427 4523 1462 4580 et
1478 4514 1509 4580 S.
1526 4514 1545 4592 J
1549 4517 1695 4585 ohannis
1710 4516 1780 4583 Leo·

431 4618 554 4684 diensis
568 4618 716 4685 ecclesiis
732 4619 948 4685 canonicatus
963 4628 998 4683 et
1013 4618 1202 4704 prebendas
1217 4618 1358 4685 obtinet.

477 4723 586 4809 Digne
601 4744 739 4809 agere...

478 4828 557 4894 Dat.
572 4828 672 4893 Avin.
691 4850 707 4893 2
725 4828 792 4895 kal.
809 4826 963 4893 februarii
980 4847 1071 4892 anno
1088 4843 1118 4907 7.

479 4930 519 4997 ln
535 4954 564 4999 e.
576 4955 621 4998 m.
637 4934 669 4999 S.
688 4931 857 4998 Mansueti
873 4931 1039 4996 Tullensis
1055 4941 1090 4996 et
1106 4930 1136 4996 S.
1154 4930 1269 4996 Vitoni
1283 4931 1500 5001 Virdunensis
1512 4937 1789 5003 monasteriorum

435 5037 609 5103 abbatibus
624 5058 664 5103 ac
679 5036 915 5103 archidiacono
931 5034 1090 5101 Metensi.

466 5185 526 5243 llcp.
544 5187 589 5233 Ar.
608 5188 643 5243 lu,
659 5187 745 5234 11113»
762 5199 766 5230 :
783 5184 838 5230 lat.
852 5185 890 5243 71,
907 5184 924 5232 f.
943 5185 1006 5234 1571,
1023 5198 1047 5229 n.
1063 5185 1118 5234 121.
