4409 6017
878 714 1025 781 lluitieme
1046 715 1149 782 annae.
1634 717 1696 784 477

319 863 497 930 lationem
527 862 675 949 episcopi
707 860 903 929 Leodiensis
934 865 967 928 iu
998 865 1137 931 civitate
1166 867 1222 931 vel
1251 864 1378 931 diocesi
1414 863 1604 947 Leodiensi,
1628 887 1697 932 non

322 970 490 1033 obstante
506 967 596 1053 quod
621 968 654 1032 in
679 967 796 1053 majori
823 974 858 1032 et
878 968 909 1032 S.
928 968 1071 1035 Dionisii
1099 969 1297 1036 Leodiensis
1323 978 1358 1035 et
1386 968 1583 1051 Nivellensi‚
1612 969 1697 1036 Leo-

321 1070 458 1137 diensis
487 1071 638 1152 diocesis,
672 1071 820 1138 ecclesiis
854 1072 1071 1140 canonicatus
1101 1082 1136 1140 et
1166 1074 1363 1161 prebendas,
1390 1083 1425 1139 et
1454 1075 1698 1160 preposituram

323 1176 477 1241 ecclesie
492 1176 523 1242 8.
546 1174 639 1241 Pauli
665 1175 871 1256 Leodiensis,
896 1177 990 1261 cujus
1014 1177 1141 1244 fructus
1168 1199 1210 1264 40
1236 1178 1306 1245 flor.
1327 1178 1397 1243 auri
1423 1198 1492 1243 non
1519 1162 1698 1261 excedunt,

323 1279 479 1359 obtinet,
491 1300 596 1367 pquam
612 1280 856 1367 preposituram
872 1282 1042 1348 tenebitur
1057 1283 1238 1349 dimittere.

343 1431 348 1440 .
375 1381 554 1449 Nobilitas
569 1386 741 1469 generis...

320 1481 322 1486 ’
378 1488 460 1552 Dat.
476 1489 576 1555 Avin.
596 1510 612 1573 5
629 1488 696 1555 kal.
712 1490 865 1556 februarii
883 1511 975 1556 anno
991 1493 1021 1557 8.

379 1590 422 1655 In
439 1613 468 1657 e.
482 1614 527 1658 m.
544 1594 657 1659 abbati
673 1594 868 1660 monasterii
886 1595 917 1660 8.
934 1594 953 1673 J
957 1595 1054 1661 acobi
1071 1594 1269 1662 Leodiensis
1297 1604 1331 1661 et
1348 1596 1380 1662 8.
1397 1595 1571 1663 Gertrudis
1591 1595 1700 1663 Lova·

322 1696 471 1777 niensis,
509 1695 703 1764 Leodiensis
729 1698 882 1780 diocesis,
907 1699 1102 1765 monasterii
1126 1720 1166 1766 ac
1192 1700 1333 1766 ecclesie
1358 1699 1605 1768 Ebredunensis
1627 1722 1701 1788 pre-

325 1800 466 1888 positis

370 1971 434 2033 arag.
453 1973 498 2020 Ar.
511 1975 550 2032 20,
560 1972 579 2022 f.
595 1975 659 2030 3534
675 1974 733 2026 Vnt.
749 1977 789 2036 76,
803 1976 822 2026 i.
837 1978 894 2036 213,
909 1990 934 2025 n.
951 1977 1006 2025 638.

387 2206 526 2288 1287.
1352 2244 1447 2309 1524,
1462 2245 1505 2307 29
1515 2223 1659 2306 janm'er.

382 2323 549 2408 Magistro
573 2324 720 2402 Johanni
745 2326 788 2391 de
816 2326 944 2392 Portali
960 2325 1176 2392 conferuntur
1192 2327 1410 2393 canonicatus
1426 2335 1460 2392 et
1475 2328 1645 2414 prebenda
1665 2347 1704 2391 ac

329 2427 631 2496 archidiaconatus
653 2430 794 2496 ecclesie
817 2429 1041 2496 Tornacensis
1064 2438 1225 2496 vacantes
1248 2451 1308 2517 per
1330 2432 1459 2497 obitum
1476 2430 1646 2496 Guillelmi
1662 2429 1704 2494 de

333 2531 566 2614 Montelauro,
593 2535 756 2620 capellani
782 2554 879 2621 pape,
908 2543 942 2599 et
972 2554 1032 2619 per
1056 2534 1352 2629 consecrationem
1380 2534 1528 2613 Geraldi,
1555 2533 1704 2620 episcopi

331 2640 586 2720 Cesenatensis,
602 2640 870 2706 consideratione
887 2638 1008 2721 Caroli,
1025 2640 1112 2724 regis
1136 2638 1287 2721 Francie,
1306 2659 1374 2705 non
1391 2642 1548 2704 obstante
1564 2638 1656 2723 quod
1671 2637 1704 2701 in

333 2743 527 2809 Senonensi
544 2753 578 2808 et
595 2742 857 2809 Cathalaunensi
874 2752 908 2809 et
925 2743 956 2808 8.
974 2743 1125 2827 Quintini
1151 2744 1192 2809 de
1215 2742 1440 2824 Viromandia,
1465 2741 1705 2808 Noviomensis

333 2847 495 2928 diocesis,
514 2848 741 2927 canonicatus
767 2857 801 2913 et
826 2849 861 2912 in
887 2847 1072 2913 Senonensi
1096 2847 1343 2933 precentoriam
1369 2856 1403 2911 et
1427 2846 1599 2912 dimidiam
1616 2845 1704 2911 acin

336 2950 603 3016 Cathalaunensi
619 2960 653 3015 et
669 2951 700 3015 8.
717 2951 871 3034 Quintini
887 2951 1047 3037 predictis
1059 2950 1205 3036 integras
1215 2950 1403 3037 prebendas
1415 2950 1556 3033 obtinet,
1573 2969 1706 3015 necnon
1746 2983 1748 2986 ·

337 3067 376 3119 et
395 3056 428 3118 in
444 3054 681 3139 Andegavensi
703 3065 738 3119 et
764 3054 931 3122 Meldensi
958 3064 992 3120 et
1018 3054 1055 3120 B.
1081 3054 1218 3120 Martini
1241 3054 1445 3120 Turonensis
1469 3054 1620 3120 ecclesiis
1646 3055 1706 3118 sub

339 3159 584 3244 expectatione
599 3159 844 3244 prebendarum
860 3160 894 3224 in
912 3158 1110 3224 canonicum
1133 3167 1185 3225 est
1209 3167 1374 3244 receptus
1391 3178 1431 3223 ac
1446 3157 1489 3223 de
1505 3157 1708 3223 thesauraria

337 3262 493 3348 ejusdem
514 3263 656 3328 ecclesie
683 3261 869 3329 Meldensis
889 3271 970 3328 tunc
986 3273 1129 3330 vacante
1145 3264 1175 3329 ei
1192 3264 1362 3351 provisum
1389 3272 1451 3342 est,
1477 3264 1570 3348 cujus
1593 3271 1707 3327 tamen

337 3367 546 3432 thesaurarie
561 3367 807 3451 possessionem
830 3366 981 3431 nondum
1005 3376 1177 3433 assecutus
1200 3375 1275 3447 est;
1300 3366 1490 3453 predictam
1505 3376 1619 3432 antem
1635 3387 1708 3452 pre·

336 3470 528 3537 centoriam
554 3470 724 3537 dimittere
751 3471 922 3536 tenebitur
947 3480 983 3537 et
1006 3474 1048 3537 ab
1075 3472 1167 3537 omni
1190 3472 1264 3556 J'ure
1289 3470 1323 3535 in
1346 3470 1552 3536 thesauraria
1567 3470 1708 3536 ecclesie

339 3572 530 3641 Meldensis
545 3575 693 3662 privatus
708 3576 909 3642 remanebit.

390 3680 482 3744 Dum
498 3679 752 3745 conditiones...

388 3785 468 3849 Dat.
483 3783 583 3847 Avin.
599 3805 619 3867 4
636 3782 701 3847 kal.
716 3783 870 3847 februarii
887 3803 977 3849 anno
994 3786 1024 3849 8.

388 3888 429 3953 ln
446 3908 475 3952 e.
491 3908 535 3951 nr.
552 3887 712 3972 episcopo
736 3887 966 3953 Attrebatensi
983 3896 1018 3953 et
1033 3887 1163 3954 decano
1190 3888 1395 3954 Pictavensis
1412 3909 1451 3955 ac
1466 3888 1647 3955 Guillelmo
1668 3890 1710 3955 de

340 3994 371 4055 V
374 4000 554 4070 eutenaco,
572 3991 735 4057 canonico
753 3990 919 4056 Eduensis
935 3992 1166 4057 ecclesiarum.

381 4165 441 4224 mg.
454 4165 501 4210 xv.
514 4164 551 4215 ro.
565 4162 583 4209 f.
596 4164 656 4209 aso
669 4179 674 4219 ;
689 4163 746 4210 vn.
760 4165 796 4222 rs,
811 4163 828 4213 r.
844 4165 909 4222 ren,
923 4178 947 4211 n.
961 4165 1017 4211 rra.

397 4377 536 4459 1288.
1386 4412 1483 4476 1324,
1500 4411 1520 4476 7
1527 4393 1668 4480 saturer.

394 4495 599 4580 lngerranno
624 4496 666 4561 de
692 4496 909 4561 Grandisartu
941 4495 1110 4561 confertur
1140 4495 1358 4561 canonicatus
1389 4497 1530 4562 ecclesie
1562 4497 1592 4562 S.
1622 4496 1711 4562 Petri

346 4602 508 4681 Ariensis,
526 4600 730 4667 Morinensis
746 4601 899 4681 diocesis,
916 4604 975 4666 sub
991 4600 1228 4685 expectatione
1256 4600 1437 4686 prebende,
1461 4621 1530 4666 non
1556 4604 1713 4666 obstante

346 4706 441 4792 quod
464 4698 704 4791 parrochialem
732 4706 909 4772 ecclesiam
936 4705 967 4769 8.
987 4704 1005 4781 J
1010 4704 1154 4770 ohannis
1171 4703 1323 4790 Baptiste
1339 4705 1381 4770 de
1399 4704 1566 4789 Danguto,
1584 4704 1712 4769 Rotho-

347 4810 519 4894 magensis
543 4809 694 4887 diocesis,
722 4810 855 4874 obtinet
880 4818 915 4874 et
942 4808 975 4871 in
1001 4810 1144 4874 ecclesia
1170 4806 1347 4874 Leodiensi
1380 4810 1440 4874 sub
1476 4810 1713 4894 expectatione

348 4915 521 5002 prebende
537 4915 570 4977 in
588 4914 788 4979 canonicum
805 4921 855 4977 est
872 4921 1036 4997 receptus

397 5018 619 5102 Suffragantia
636 5018 736 5082 tibi...

398 5123 478 5187 Dat.
494 5122 594 5186 Avin.
613 5141 630 5205 7
647 5122 691 5187 id.
708 5120 860 5186 februarii
877 5141 965 5185 anno
982 5122 1011 5184 8.
