4409 6017
881 732 1048 813 uinquieme
1069 733 1171 800 annea.
1643 731 1705 796 367
1710 735 1711 739 ’

390 871 507 960 937.
1396 896 1560 980 1321,26
1583 895 1660 960 mai.

390 992 570 1080 Preposito
596 994 737 1061 ecclesie
766 994 804 1061 B.
822 995 930 1063 Marie
955 997 1143 1084 Brugensis‚
1160 999 1384 1066 Tomacensis
1406 1000 1559 1082 diocesis,
1585 1019 1706 1067 conce-

345 1095 438 1164 ditur
454 1098 594 1166 facultas
609 1098 802 1166 conlerendi
819 1102 1057 1169 tabellionatus
1072 1101 1222 1170 officium
1236 1103 1367 1171 duobus
1382 1103 1509 1171 clericis
1532 1125 1601 1171 non
1626 1126 1705 1172 con·

341 1203 469 1291 jugatis
484 1226 504 1270 a
520 1204 670 1271 Roberto
685 1204 803 1286 milite,
820 1214 902 1272 nato
914 1205 1065 1288 Roberti,
1081 1208 1215 1275 comitis
1231 1207 1399 1291 Flandrie,
1415 1209 1639 1276 nominandis.

393 1308 595 1376 Deuotionis
611 1308 766 1376 dilecti...

392 1415 473 1481 Dat.
489 1415 589 1480 Avin.
607 1413 705 1498 7kal.
717 1414 802 1500 iunii
818 1434 909 1480 anno
928 1435 956 1499 5.

382 1579 444 1640 Reg.
456 1580 504 1627 Av.
516 1580 563 1626 305
576 1577 724 1640 (Benedicti
737 1578 816 1636 XIII,
831 1583 850 1627 t.
863 1579 916 1641 28),
930 1578 949 1627 f.
963 1579 1017 1638 196,
1031 1592 1057 1628 n.
1072 1580 1103 1627 54
1116 1595 1123 1634 3
1135 1578 1246 1639 Van-71,
1260 1580 1279 1629 I.
1287 1581 1343 1630 309.

391 1787 509 1875 938.
964 1817 968 1827 ’
1414 1828 1508 1890 1321,
1524 1808 1567 1872 26
1583 1810 1660 1874 moi.

394 1906 427 1973 S.
444 1907 534 1974 Petri
550 1916 585 1974 et
603 1906 635 1973 S.
658 1905 806 1973 Bavonis
825 1905 1054 1974 Gaudensium
1076 1909 1355 1976 monasteriorum
1373 1913 1560 1993 abbatibus
1580 1912 1708 1979 Torna-

350 2012 460 2077 oensis
482 2010 634 2092 diocesis,
656 2031 696 2076 ac
720 2010 879 2096 magistro
902 2010 1049 2089 Johanni
1071 2013 1115 2079 de
1140 2013 1264 2095 Rocca,
1287 2014 1449 2081 canonico
1472 2015 1709 2103 Neapolitano

351 2115 530 2181 mandatur
541 2124 578 2180 ut
598 2115 700 2201 recipi
713 2114 836 2181 faciant
847 2114 931 2181 duas
941 2117 1069 2202 puellas
1080 2117 1256 2201 litteratas,
1275 2139 1296 2184 a
1318 2118 1477 2202 Roberto,
1494 2120 1562 2186 lilio
1578 2121 1710 2187 comitis

339 2218 520 2300 .Flandrie,
536 2218 766 2299 nominandas,
783 2238 884 2284 unam
900 2218 933 2283 in
944 2220 987 2286 de
1006 2218 1139 2286 Billoka
1159 2229 1195 2287 et
1214 2222 1354 2288 alteram
1375 2223 1409 2288 in
1429 2222 1472 2288 de
1493 2223 1602 2290 Bosco
1615 2225 1711 2310 juxta

351 2321 553 2389 Gandavum
568 2322 787 2401 monasteriis,
803 2320 1031 2390 Cisterciensis
1046 2323 1181 2406 ordinis,
1193 2324 1415 2393 Tomacensis
1429 2325 1580 2394 diocesis.

395 2427 531 2494 Sincere
545 2426 776 2494 dilectionis...

398 2531 477 2598 Dat.
498 2530 599 2597 Avin.
619 2548 637 2614 7
658 2530 725 2596 kal.
741 2530 824 2616 junii
843 2550 933 2596 armo
956 2549 984 2615 5.

391 2697 453 2759 Beg.
466 2699 514 2745 Av.
529 2699 567 2756 15,
580 2696 600 2747 I.
615 2698 671 2755 501,
684 2710 711 2745 n.
727 2697 790 2751 1273
803 2696 863 2746 Val.
877 2698 915 2752 72,
928 2696 947 2746 I.
964 2698 1020 2756 266,
1033 2710 1059 2745 n.
1073 2698 1144 2745 1550.

402 2905 523 2990 939-
1421 2937 1515 3000 1321,
1531 2916 1573 2980 26
1590 2917 1667 2980 mai.
1685 2996 1686 3000 Ἰ

398 3022 547 3103 Johanni
572 3024 614 3087 de
638 3020 766 3086 Ghines
790 3020 959 3087 confertur
982 3020 1199 3086 canonicatus
1225 3020 1365 3088 ecclesie
1386 3019 1417 3086 S.
1434 3020 1615 3086 Donatiani
1632 3019 1713 3084 Bru-

355 3127 477 3212 gensis,
504 3124 725 3191 Tomacensis
748 3122 900 3205 diocesis,
927 3125 987 3188 sub
1011 3123 1246 3209 expectatione
1270 3123 1450 3210 prebende,
1465 3143 1534 3190 nou
1557 3125 1713 3189 obstante

356 3230 448 3315 quod
464 3230 498 3295 in
515 3228 553 3296 B.
571 3227 680 3294 Marie
695 3226 922 3293 Curtracensis
937 3227 1174 3293 canonicatum
1189 3235 1224 3292 et
1239 3227 1446 3313 prebendam
1461 3235 1496 3292 et
1512 3226 1544 3291 in
1558 3226 1589 3291 S.
1600 3224 1712 3291 Basilii

355 3334 388 3399 in
405 3332 526 3419 Brugis
540 3332 689 3399 ecclesiis
705 3331 874 3416 quandam
890 3331 1120 3417 capellaniam,
1145 3352 1185 3397 ac
1204 3330 1446 3418 parrochialem
1470 3319 1648 3396 ecclesiam
1671 3330 1713 3395 de

358 3436 558 3503 Hildovardi
575 3434 721 3521 Capella,
736 3434 958 3501 Tomacensis
973 3443 1008 3500 et
1025 3433 1228 3501 Morinensis
1243 3433 1426 3514 diocesum,
1439 3433 1587 3512 obtinet;
1605 3434 1715 3519 capel-

355 3541 482 3606 laniam
498 3547 610 3605 autern
625 3537 811 3624 predictam
826 3538 996 3604 dimittere
1012 3538 1190 3604 tenebitur.

399 3644 574 3709 Attributa
589 3642 691 3707 tibi...

401 3748 481 3813 Dat.
497 3746 597 3811 Avin.
615 3763 633 3829 7
649 3745 715 3810 kal.
728 3744 812 3830 junii
829 3764 919 3809 anno
936 3763 965 3828 5.

401 3853 442 3918 ln
459 3873 490 3918 e.
507 3871 550 3916 m.
567 3849 680 3915 abbati
695 3847 887 3914 monasterii
905 3847 935 3914 S.
951 3846 1086 3912 Andree
1098 3848 1194 3932 juxta
1209 3844 1327 3931 Brugis
1352 3866 1391 3913 ac
1407 3846 1576 3932 preposito
1598 3845 1717 3911 Harle-

355 3955 522 4036 becensis,
538 3952 763 4019 Tomacensis
778 3950 931 4032 diocesis
954 3971 993 4016 ac
1016 3950 1175 4036 magistro
1191 3949 1210 4028 J
1214 3950 1338 4016 ohanni
1354 3949 1397 4015 de
1414 3949 1537 4031 Rocca,
1554 3948 1718 4016 canonico

355 4060 586 4147 Neapolitane
608 4056 834 4122 ecclesiarum.

391 4225 452 4284 lleg.
466 4225 514 4270 Ax.
526 4224 563 4279 15,
578 4220 596 4268 f.
608 4222 667 4268 361’1
681 4236 686 4277 ;
699 4219 759 4267 Vnt.
772 4220 811 4277 la,
826 4218 842 4269 i.
860 4219 913 4275 187,
928 4231 953 4264 n.
967 4218 1037 4264 12117.

513 4487 523 4506 ·
1426 4455 1443 4497 1
1468 4454 1510 4498 21
1537 4434 1580 4497 26
1597 4436 1673 4499 mai.

401 4425 547 4623 1111120,
558 4540 627 4605 filio
640 4537 783 4604 Simonis
792 4536 873 4603 dicti
885 4536 1012 4619 Vastin,
1026 4537 1197 4603 confertur
1206 4537 1422 4602 canonicatus
1433 4453 1573 4603 01011310
1584 4537 1616 4602 S.
1627 4536 1718 4602 Wal-

359 4650 472 4735 burgis
489 4644 678 4725 Fumensis,
695 4640 898 4707 Morinensis
923 4640 1076 4723 diocesis,
1101 4644 1161 4707 sub
1186 4640 1423 4727 expectatione
1447 4640 1629 4726 prebende,
1649 4660 1718 4705 non

361 4756 517 4821 obstante
530 4748 619 4835 quod
633 4748 666 4812 in
679 4746 819 4812 ecclesia
829 4744 860 4812 S.
872 4745 964 4810 Pauli
976 4745 1171 4812 Leodiensis
1183 4746 1243 4811 sub
1255 4744 1490 4830 expectatione
1501 4743 1670 4830 prebende
1683 4743 1717 4807 in

362 4857 561 4924 canonicum
577 4860 628 4917 est
643 4857 807 4935 receptus.

407 4960 500 5027 Sedis
515 4955 740 5043 apostolice...

410 5066 488 5131 Dat.
503 5061 603 5128 Avin.
621 5079 639 5143 7
660 5057 726 5123 kal.
747 5056 830 5142 junii
852 5074 941 5120 anno
966 5072 994 5137 5.
1139 5140 1144 5150 ι

410 5169 546 5236 luem.
558 5164 670 5233 abbati
683 5163 714 5229 S.
728 5158 861 5227 Nicolai
875 5156 1053 5223 Fumensis
1064 5176 1105 5221 ac
1117 5154 1288 5241 preposito
1303 5153 1346 5220 de
1357 5154 1406 5219 Lo
1428 5153 1718 5236 monasteriorum,
