4409 6017
488 725 553 796 406
1042 724 1295 794 swnnae.

536 873 676 958 1071.
1517 908 1619 971 1322,
1633 907 1679 950 ιι
1688 885 1811 969 jm'llet.

537 991 724 1082 Episcrpus
739 992 933 1062 leodiensis
948 1004 984 1062 et
998 997 1031 1062 S.
1049 995 1265 1063 Pantaleonis
1279 994 1489 1061 Coloniensis
1502 1014 1544 1059 ac
1558 992 1593 1057 S.
1609 991 1708 1057 Pauli
1722 990 1843 1076 Trajec-

491 1096 596 1165 tensis
610 1098 888 1166 monasteriorum
909 1103 1048 1167 abbates
1070 1101 1193 1167 dantur
1217 1109 1380 1185 tanquam
1403 1105 1660 1165 conservatores
1682 1095 1799 1160 abbati
1817 1109 1844 1157 et

491 1201 673 1269 conventui
688 1203 882 1269 monasterii
898 1202 941 1270 de
955 1206 1054 1287 Alna,
1071 1204 1304 1272 cisterciensis
1325 1203 1462 1284 ordinis,
1479 1200 1682 1268 leodiensis
1702 1197 1844 1266 «limeis.

537 1303 699 1374 Militanti
714 1308 898 1375 ecclesie...

538 1409 616 1479 Dat.
631 1409 733 1478 Avin.
753 1431 787 1477 11
806 1410 872 1478 kal.
887 1412 1018 1498 augusti
1034 1432 1126 1479 anno
1143 1417 1173 1478 ό.

527 1544 588 1607 m
600 1547 647 1596 Α..
661 1547 698 1606 rs,
712 1546 731 1596 r.
742 1546 886 1605 neura
897 1549 940 1609 rs,
951 1547 970 1597 r.
986 1549 1052 1608 ras,
1064 1562 1091 1597 ιι.
1102 1549 1198 1598 ses-
1211 1544 1520 1611 manserimus
1531 1529 1644 1593 rems
1658 1541 1749 1605 urge.
1762 1541 1846 1591 oum·

493 1625 557 1676 lslre
566 1625 602 1675 du
616 1624 753 1689 Vetula,
766 1633 786 1680 t.
798 1629 821 1691 1,
831 1643 875 1694 pp.
886 1631 942 1678 531
952 1631 1036 1692 730).

540 1798 682 1883 1072.
1524 1838 1622 1902 1322,
1637 1836 1684 1900 ²3
1691 1814 1816 1899 juillet.

539 1915 704 2006 Magistro
724 1919 906 1989 Guillelmo
928 1923 971 1990 de
986 1923 1173 2009 Aequiano‚
1188 1924 1424 1992 archidiacono
1447 1921 1628 1990 Brabantie
1651 1921 1688 1986 in
1713 1919 1849 1987 ecclesia

495 2022 738 2104 Cameracenst
754 2024 944 2111 indulgetur
958 2036 996 2094 ut
1010 2027 1195 2095 scolasticis
1209 2028 1393 2115 disciplinis
1408 2027 1593 2095 insistendo
1608 2026 1738 2092 fructus
1754 2023 1851 2090 archi·

495 2124 691 2196 diaconatus
705 2128 754 2194 sni
770 2128 813 2196 ad
827 2130 1008 2197 triennium
1023 2131 1197 2219 percipere
1212 2133 1335 2199 valeat.

541 2227 675 2298 Meritis
689 2239 788 2299 tue...

542 2334 620 2402 Dat.
635 2335 737 2402 Avin.
758 2356 795 2403 ro
810 2335 877 2403 kal.
892 2337 1022 2423 augusti
1039 2358 1131 2405 anno
1148 2343 1178 2405 ό.

542 2437 581 2505 ln
597 2460 627 2507 e.
643 2460 688 2507 m.
704 2441 816 2507 abbati
840 2442 1033 2507 monasterii
1050 2441 1082 2508 S.
1099 2442 1273 2509 Genovefe
1290 2442 1483 2510 Parisiensis
1506 2451 1543 2509 et
1565 2441 1696 2509 cantori
1720 2461 1763 2507 ac
1784 2459 1850 2506 suc-

498 2543 625 2613 centori
642 2543 781 2613 ecclesie
797 2543 1001 2611 Parisiensis.

532 2687 594 2750 Beg.
609 2689 657 2740 Ar.
673 2689 712 2750 17,
727 2688 786 2738 188*
795 2704 802 2747 ;
814 2687 873 2739 Vat.
889 2690 928 2748 73,
940 2688 960 2738 t.
975 2689 1043 2749 dtt',
1057 2701 1083 2738 n.
1101 2689 1172 2737 1060.

546 2857 689 2945 1073.
1530 2894 1626 2956 1322,
1641 2890 1685 2960 37
1695 2872 1820 2958 y'urliet.

543 2975 690 3057 Johanni
706 2977 748 3043 de
771 2976 916 3046 Hiniaco
930 2978 1102 3046 confertur
1125 2977 1342 3044 canonicatus
1365 2977 1505 3045 ecclesie
1532 2975 1788 3044 Cameracensis
1803 2981 1858 3043 sub

501 3080 735 3169 expectatione
750 3083 920 3169 prebende
931 3092 966 3149 et
977 3082 1149 3169 dignitatis
1158 3084 1212 3147 vel
1224 3090 1423 3169 personatus
1433 3104 1492 3148 seu
1501 3081 1693 3162 officii,non
1705 3085 1860 3149 obstante

502 3185 592 3273 quod
608 3185 641 3252 in
658 3187 689 3252 S.
707 3180 840 3253 Nicolai
857 3187 899 3253 de
917 3186 1138 3268 Montelucio‚
1151 3186 1368 3253 Bituricensis
1383 3187 1535 3268 diocesis,
1552 3187 1758 3252 decanatum
1775 3188 1859 3253 acin

502 3287 661 3362 Trecensi
676 3297 711 3358 et
726 3289 759 3357 in
776 3291 807 3357 S.
825 3291 1012 3358 Salvatoris
1034 3291 1076 3357 de
1094 3291 1273 3357 Heritione
1296 3292 1380 3357 etin
1398 3291 1437 3358 B.
1455 3290 1563 3357 Marie
1579 3290 1621 3356 de
1641 3289 1860 3357 Claromonte

502 3415 542 3463 ac
568 3393 600 3461 in
617 3389 655 3461 B.
674 3393 878 3462 Evremondi
903 3395 945 3460 de
962 3394 1130 3477 Credulio,
1147 3395 1365 3462 Bituricensis
1391 3404 1426 3461 et
1442 3394 1656 3461 Belvacensis
1678 3395 1860 3473 diocesunr,

503 3496 720 3566 canonicatus
735 3507 770 3564 et
784 3499 971 3584 prebendas
986 3499 1118 3565 obtinet
1134 3520 1173 3566 ac
1189 3500 1222 3564 in
1238 3500 1456 3566 Ambianensi
1466 3499 1616 3566 ecclesiis
1631 3502 1693 3567 sub
1707 3507 1861 3586 expecta·

504 3601 597 3669 tione
613 3603 782 3689 prebende
799 3602 831 3667 in
848 3603 1046 3670 canonicum
1062 3611 1115 3669 est
1130 3613 1295 3690 receptus

549 3704 603 3772 Ad
619 3705 693 3773 illos
708 3705 893 3773 libenter...

552 3810 629 3878 Dat.
645 3810 744 3877 Avin.
763 3816 780 3876 6
797 3811 862 3876 kal.
879 3809 1008 3895 augusti
1024 3828 1115 3876 anno
1133 3815 1161 3875 6.
1620 3863 1622 3870 ,

551 3913 590 3980 In
606 3937 635 3983 e.
650 3935 694 3981 m.
711 3915 742 3982 S.
759 3915 916 3981 Germani
933 3912 975 3979 de
992 3913 1099 3980 Pratis
1110 3915 1206 4000 juxta
1222 3914 1364 3982 Parisius
1379 3924 1414 3982 et
1427 3916 1457 3982 S.
1477 3915 1653 3982 Genovese
1670 3916 1861 3984 Parisiensis

507 4019 785 4086 monasteriorum
795 4019 971 4086 abbatibus
986 4039 1026 4085 ac
1035 4019 1195 4106 magistro
1207 4021 1308 4087 Petro
1317 4022 1360 4088 de
1371 4020 1510 4103 Fractis,
1521 4022 1711 4110 primicerio
1724 4022 1860 4090 ecclesie

508 4121 683 4191 Gaietane.
1716 4135 1719 4138 “

543 4270 602 4334 reg.
618 4273 665 4323 nv.
681 4271 718 4332 ιτ,
733 4274 750 4322 r.
767 4274 825 4321 roov
837 4287 842 4328 ;
856 4271 917 4323 vn.
929 4274 966 4330 ra.
979 4272 998 4323 r.
1013 4273 1079 4331 srrv,
1092 4285 1118 4320 n.
1135 4273 1205 4321 rori.

553 4440 696 4524 1074.
1539 4477 1557 4520 r
1583 4478 1622 4521 22
1652 4477 1669 4521 2
1721 4457 1824 4523 'uillct

555 4558 711 4627 Michaeli
739 4560 781 4626 de
798 4561 923 4627 Damas
949 4562 1118 4628 confertur
1142 4561 1361 4628 canonicatus
1385 4560 1525 4626 ecclesie
1542 4477 1580 4626 Sl
1593 4475 1759 4628 M'arggrli'
1772 4563 1858 4648 juxta

511 4664 653 4732 Parisius
668 4667 727 4730 sub
744 4665 978 4751 expectatione
1004 4665 1184 4751 prebende,
1211 4685 1279 4730 non
1305 4667 1462 4730 obstante
1487 4664 1576 4750 quod
1597 4665 1631 4729 in
1659 4666 1802 4733 ccclesia
1823 4663 1857 4729 de

511 4768 634 4848 Insula,
650 4766 870 4836 Tomacensis
893 4768 1045 4851 diocesis,
1061 4771 1122 4837 sub
1148 4768 1385 4855 expectatione
1412 4769 1582 4854 prebende
1609 4768 1643 4834 in
1668 4770 1856 4837 canonicum

513 4881 665 4959 receptus
681 4879 743 4938 est.

550 5096 571 5146 1.
585 5094 623 5142 t'i.
645 5093 708 5154 llug.
729 5094 822 5152 linens,
841 5093 951 5141 (martes
967 5091 1004 5141 du
1021 5094 1155 5150 liri-Dior.
1171 5094 1236 5142 dans
1251 5093 1326 5144 nun.
1348 5093 1642 5158 ῶωω.1ἰοῃ.ιῐὶἧεΐ.,
1663 5097 1690 5142 l·
1707 5095 1780 5154 serie,
1791 5100 1810 5143 t.
1827 5088 1852 5139 ll

515 5178 613 5240 (rasin.
621 5195 645 5246 p.
660 5182 707 5229 282
720 5196 726 5230 ι
740 5180 774 5230 Μ’
788 5177 873 5227 Barba
884 5178 999 5228 attribue
1011 5192 1058 5244 pur
1069 5192 1157 5228 erreur
1168 5192 1197 5227 ce
1208 5177 1348 5227 document
1359 5180 1375 5226 t
1387 5178 1506 5239 l'nbboye
1517 5177 1553 5227 du
1566 5177 1705 5232 Vol-Dieu.
