4409 6017
915 738 1041 807 Sixibme
1062 735 1165 803 anne.
1662 741 1723 806 889

404 906 421 947 ‹1
449 881 614 970 Magistro
639 886 740 954 Petro
764 889 927 975 Arquerii,
954 889 1085 955 decano
1111 886 1391 972 Rothomagensi,
1410 896 1445 953 et
1465 888 1566 975 priori
1585 889 1723 956 fratrum

403 987 485 1054 linis
498 989 748 1058 Predicatorum
761 992 1095 1079 Rothomagensium.
1107 991 1163 1057 Ad
1177 989 1283 1057 nostri
1294 991 1504 1076 apostolatus
1518 991 1723 1058 audientiam

403 1094 568 1161 orundam
585 1096 748 1163 relatione
763 1098 915 1184 pervenit
931 1098 1023 1183 quod
1037 1096 1058 1175 J
1061 1096 1213 1163 ohannes
1227 1095 1270 1161 de
1281 1092 1377 1176 Pinu,
1389 1094 1516 1162 dudum
1530 1095 1574 1161 ad
1589 1096 1722 1182 exigen-

404 1219 449 1280 m,
465 1201 650 1286 petendum
666 1210 701 1268 et
716 1202 945 1290 recipiendum
967 1201 1103 1281 fructus,
1118 1198 1269 1266 redditus
1284 1207 1319 1265 et
1343 1208 1528 1285 proventus
1542 1200 1722 1266 beneficio-

403 1324 431 1366 n
447 1304 641 1371 vacantium
656 1327 718 1393 pro
733 1306 922 1373 relevandis
936 1306 1078 1373 ecclesie
1095 1303 1251 1370 Romane
1265 1303 1520 1370 necessitatibus
1535 1324 1595 1390 per
1606 1325 1669 1369 nos
1680 1304 1722 1370 de

403 1407 500 1472 nsilio
515 1408 655 1476 fratrum
670 1419 862 1477 nostrorum
878 1431 984 1495 usque
999 1410 1044 1476 ad
1059 1408 1141 1476 certi
1165 1406 1328 1495 temporis
1350 1406 1501 1494 spacium
1523 1416 1721 1489 reservatos,

410 1510 615 1578 Remensem
631 1513 852 1599 provinciam,
861 1535 924 1601 pro
938 1514 995 1580 illa
1010 1521 1106 1600 parte
1117 1531 1182 1598 que
1197 1511 1240 1579 de
1251 1532 1356 1597 regno
1367 1511 1507 1578 Francie
1517 1531 1586 1578 non
1598 1511 1721 1594 existit,

403 1635 436 1679 m
451 1616 575 1681 nostris
590 1618 672 1683 certi
695 1618 822 1685 tenoris
836 1617 958 1685 litteris
973 1618 1165 1703 deputatus,
1178 1616 1338 1697 ecclesiis,
1354 1615 1574 1697 monasteriis,
1590 1616 1672 1683 locis
1688 1623 1722 1681 et

403 1719 512 1785 rsonis
526 1720 760 1788 ecclesiasticis
774 1722 923 1809 pluribus
949 1720 1096 1788 civitatis
1111 1728 1146 1787 et
1172 1719 1315 1788 diocesis
1331 1719 1585 1786 Cameracensis
1607 1740 1722 1805 quam·

403 1843 469 1889 rres
485 1826 719 1910 oppressiones
734 1825 900 1892 indebitas
914 1826 1031 1891 afferre
1047 1845 1107 1891 sua
1128 1825 1320 1892 temeritate
1342 1823 1545 1912 presumpsit
1559 1831 1595 1890 et
1610 1826 1652 1889 ab
1675 1824 1723 1890 eis

404 1928 538 1994 nnullas
548 1929 691 2015 pecunie
701 1930 920 2015 quantitates,
930 1930 1107 2016 depressus
1116 1928 1260 1995 avaricie
1270 1928 1424 2010 cecitate,
1434 1928 1584 1995 extorsit.
1597 1928 1721 1993 Volen-

403 2053 409 2096 ι
424 2040 541 2097 autem
555 2033 654 2119 plene
670 2054 770 2120 super
784 2033 847 2099 hiis
862 2034 1035 2100 informari
1050 2053 1091 2100 ac
1107 2053 1264 2099 excessus
1278 2032 1480 2118 hujusmodi,
1497 2032 1523 2099 si
1540 2032 1588 2099 eis
1599 2032 1723 2097 veritas

403 2135 565 2221 fragetur,
591 2137 704 2202 taliter
734 2137 768 2203 in
798 2138 920 2205 eodem
946 2137 1104 2216 Johanne
1134 2137 1298 2223 corrigere
1327 2144 1363 2203 et
1386 2136 1504 2224 punire
1531 2136 1622 2222 quod
1652 2135 1722 2221 ejus

403 2240 516 2327 emplo
531 2241 747 2326 delinquendi
763 2242 872 2308 aditus
895 2242 1016 2310 ceteris
1042 2242 1076 2307 in
1099 2241 1261 2308 similibus
1283 2241 1506 2328 precludatur,
1529 2240 1720 2307 discretioni

403 2352 470 2411 stre
493 2366 553 2431 per
575 2346 761 2431 apostolica
783 2346 907 2432 scripta
929 2345 1174 2413 committimus
1196 2353 1231 2412 et
1253 2344 1453 2411 mandamus
1475 2352 1639 2430 quatenus
1661 2365 1722 2410 vos

403 2452 409 2513 l
425 2451 512 2514 alter
534 2457 693 2532 vestrum,
708 2471 769 2537 per
791 2472 852 2517 vos
875 2452 929 2516 vel
945 2451 1048 2516 alium
1063 2470 1122 2516 seu
1137 2450 1230 2531 alios,
1246 2469 1345 2535 super
1366 2448 1535 2536 premissis
1550 2457 1585 2514 et
1605 2468 1721 2515 eorum

403 2554 616 2619 cumstautiis
631 2555 794 2621 universis
809 2563 931 2622 exacta
954 2554 1128 2640 diligentia
1154 2554 1333 2620 informare
1360 2554 1483 2620 curetis
1506 2561 1541 2619 et
1565 2553 1721 2619 informa-

405 2678 486 2722 nem
517 2678 617 2743 quam
652 2659 729 2724 inde
753 2660 897 2725 feceritis
927 2659 1079 2726 celeriter
1100 2666 1136 2724 et
1170 2657 1314 2725 fideliter
1336 2660 1398 2724 sub
1428 2666 1543 2725 vestro
1573 2660 1720 2725 clausam

403 2763 465 2828 illo
480 2763 616 2828 mittere
631 2784 700 2828 non
716 2764 868 2831 tardetis.
885 2764 964 2830 Dat.
979 2763 1081 2830 Avin.
1101 2784 1140 2848 14
1162 2762 1230 2830 kal.
1246 2762 1437 2831 decembris
1451 2782 1543 2830 anno
1560 2766 1588 2829 6.
1606 2784 1624 2826 ι)

403 2902 452 2962 teg.
464 2900 524 2949 Vnt.
538 2902 591 2960 lll,
604 2901 623 2949 f.
635 2903 658 2960 6,
671 2916 696 2950 ιι.
709 2903 748 2950 36.

403 3089 539 3171 1012.
1322 3126 1418 3189 1321,
1434 3127 1477 3189 23
1493 3107 1675 3171 novembre.

403 3208 557 3288 Iohanni,
574 3209 650 3274 duci
667 3208 856 3292 Brabantie,
873 3210 1025 3276 scribitur
1041 3211 1133 3295 quod
1155 3211 1254 3277 certis
1276 3210 1427 3297 personis
1442 3211 1640 3277 mandatum
1656 3210 1717 3275 fuit

417 3313 624 3398 inquirerent
647 3314 827 3379 veritatem
850 3314 893 3380 de
919 3314 1075 3402 dampnis
1098 3336 1119 3381 a
1144 3315 1301 3394 Johanne
1333 3315 1375 3381 de
1407 3314 1491 3380 Pinu
1524 3315 1557 3379 in
1590 3315 1716 3381 diocesi

404 3415 590 3481 meracensi
606 3415 718 3483 illatis.

404 3616 416 3657 r
446 3594 582 3660 Dilecto
609 3595 677 3661 filio
701 3596 805 3661 nobili
833 3596 904 3663 viro
927 3596 1089 3680 Johanni,
1113 3598 1190 3665 duci
1217 3596 1444 3685 Lotharingie,
1472 3597 1653 3665 Brabantie
1683 3609 1718 3665 et

404 3698 557 3783 nburgie.
575 3699 638 3763 Per
653 3708 728 3765 tuas
751 3700 880 3769 litteras
903 3703 1106 3789 apostolatui
1122 3711 1238 3769 nostro
1253 3704 1465 3770 transmissas
1481 3703 1717 3787 intelleximus,

403 3825 421 3868 u
448 3805 575 3887 absque
600 3804 790 3870 turbatione
814 3807 915 3872 animi
942 3806 1122 3892 plurimum
1139 3806 1357 3889 admirantes,
1373 3808 1465 3893 quod
1479 3807 1653 3886 Johannes
1675 3808 1717 3874 de

403 3929 449 3989 iu,
480 3907 606 3973 dudum
629 3908 672 3974 ad
696 3908 899 3976 Remensem
924 3911 1143 3997 provinciam,
1166 3931 1227 3997 pro
1249 3918 1344 3998 parte
1367 3912 1423 3978 illa
1449 3933 1514 3997 que
1544 3912 1586 3978 de
1615 3933 1717 3998 regno

404 4012 496 4078 mcie
512 4032 581 4077 non
598 4013 722 4092 existit,
738 4016 870 4080 anobis
893 4037 992 4102 super
1012 4016 1113 4082 certis
1130 4016 1280 4099 negociis
1295 4018 1492 4099 destinatus,
1509 4018 1659 4083 ecclesiis
1681 4026 1716 4083 et

404 4116 504 4182 &sonis
520 4117 755 4185 ecclesiasticis
772 4120 901 4186 illarum
918 4122 1063 4207 partium
1087 4123 1234 4209 dampna
1259 4122 1371 4208 gravia
1387 4122 1499 4187 intulit
1515 4130 1549 4186 et
1572 4125 1613 4189 ab
1638 4123 1717 4208 ipsis

403 4241 551 4304 20rquere
568 4225 768 4310 presumpsit
785 4225 895 4290 minus
920 4226 1165 4292 rationabiliter
1181 4248 1319 4313 magnas
1341 4227 1483 4313 pecunie
1499 4226 1715 4311 quantitates.

403 4345 461 4410 per
485 4324 604 4410 quibus
630 4348 690 4412 per
715 4336 824 4394 certas
850 4350 1010 4414 personas
1033 4332 1103 4416 jam
1129 4332 1362 4397 mandavimus
1385 4331 1562 4396 veritatem
1586 4330 1715 4415 inquiri,

403 4449 500 4513 esque
516 4450 577 4514 pro
593 4431 690 4497 firmo
706 4432 798 4517 quod
814 4434 839 4497 si
866 4434 1034 4520 premissis
1057 4435 1181 4501 veritas
1197 4436 1403 4522 suffragetur,
1427 4456 1582 4501 excessus
1604 4436 1716 4520 hujus·

403 4532 443 4597 di
461 4533 494 4596 in
512 4553 553 4598 eo
578 4535 690 4599 taliter
715 4536 892 4621 puniemus
918 4537 1009 4622 quod
1032 4539 1104 4624 ejus
1126 4541 1284 4625 exemplo
1300 4539 1421 4605 ceteris
1443 4539 1657 4624 delinquendi
1683 4539 1714 4602 in

403 4635 516 4701 rilibus
532 4636 642 4702 aditus
665 4640 888 4723 precludetur.
906 4640 951 4706 Et
966 4642 1043 4726 quia
1063 4643 1128 4708 hoc
1144 4644 1242 4709 nobis
1258 4642 1468 4708 innotescere
1484 4642 1628 4724 voluisti,
1643 4662 1715 4726 gra-

405 4759 477 4802 rum
496 4739 555 4804 tibi
572 4740 743 4807 referimus
759 4744 919 4809 actiones.
933 4745 1011 4810 Dat.
1027 4746 1128 4811 Avin.
1147 4769 1164 4828 9
1182 4746 1247 4812 kal.
1264 4747 1451 4813 decembris
1467 4770 1559 4812 anno
1577 4752 1605 4813 ό.

403 4841 438 4906 ln
456 4864 485 4908 e.
502 4864 547 4908 m.
573 4844 764 4927 Guillelmo,
781 4848 896 4913 comiti
919 4849 1087 4931 Annouie,
1106 4850 1289 4916 Hollandie
1304 4861 1317 4884 ‘²
1337 4872 1378 4916 ac
1401 4851 1540 4917 domino
1565 4855 1591 4915 F
1593 4852 1679 4917 risie.
1696 4875 1713 4914 ι)

403 4982 451 5042 reg.
466 4980 524 5029 rat..
539 4983 592 5041 ιιι,
605 4983 623 5031 ι.
636 4985 671 5042 ov,
686 4998 711 5032 n.
724 4987 762 5033 ιι.

403 5183 416 5215 τ.
429 5168 526 5217 Laudic
539 5185 588 5232 rep.
