<?xml version="1.0" encoding="UTF-8"?>
<!DOCTYPE html PUBLIC "-//W3C//DTD XHTML 1.0 Transitional//EN"
    "http://www.w3.org/TR/xhtml1/DTD/xhtml1-transitional.dtd">
<html xmlns="http://www.w3.org/1999/xhtml" xml:lang="en" lang="en">
 <head>
  <title>
</title>
<meta http-equiv="Content-Type" content="text/html;charset=utf-8" />
  <meta name='ocr-system' content='tesseract 3.04.00' />
  <meta name='ocr-capabilities' content='ocr_page ocr_carea ocr_par ocr_line ocrx_word'/>
</head>
<body>
  <div class='ocr_page' id='page_1' title='image "./lettresdejeanxx00xxiigoog_0417.png"; bbox 0 0 4409 6017; ppageno 0'>
   <div class='ocr_carea' id='block_1_1' title="bbox 880 736 1707 810">
    <p class='ocr_par' dir='ltr' id='par_1_1' title="bbox 880 736 1707 810">
     <span class='ocr_line' id='line_1_1' title="bbox 880 736 1707 810; baseline 0.006 -11"><span class='ocrx_word' id='word_1_1' title='bbox 880 736 1048 810; x_wconf 79' lang='lat' dir='ltr'>Quatrieme</span> <span class='ocrx_word' id='word_1_2' title='bbox 1069 736 1171 799; x_wconf 74' lang='lat' dir='ltr'>annea.</span> <span class='ocrx_word' id='word_1_3' title='bbox 1652 740 1707 804; x_wconf 83' lang='lat'>331</span> 
     </span>
    </p>
   </div>
   <div class='ocr_carea' id='block_1_2' title="bbox 340 884 1706 1285">
    <p class='ocr_par' dir='ltr' id='par_1_2' title="bbox 340 884 1706 1071">
     <span class='ocr_line' id='line_1_2' title="bbox 342 884 1706 978; baseline 0.003 -29"><span class='ocrx_word' id='word_1_4' title='bbox 342 884 501 952; x_wconf 81' lang='lat' dir='ltr'>officium</span> <span class='ocrx_word' id='word_1_5' title='bbox 518 894 598 952; x_wconf 92' lang='lat' dir='ltr'>octo</span> <span class='ocrx_word' id='word_1_6' title='bbox 613 885 764 972; x_wconf 90' lang='lat' dir='ltr'>personis</span> <span class='ocrx_word' id='word_1_7' title='bbox 779 907 799 952; x_wconf 90' lang='lat' dir='ltr'>a</span> <span class='ocrx_word' id='word_1_8' title='bbox 814 885 833 963; x_wconf 92' lang='lat' dir='ltr'>J</span> <span class='ocrx_word' id='word_1_9' title='bbox 837 886 980 966; x_wconf 88' lang='lat' dir='ltr'>ohanne,</span> <span class='ocrx_word' id='word_1_10' title='bbox 1003 885 1229 969; x_wconf 87' lang='lat' dir='ltr'>Lotharingie,</span> <span class='ocrx_word' id='word_1_11' title='bbox 1251 884 1431 952; x_wconf 91' lang='lat' dir='ltr'>Brabantie</span> <span class='ocrx_word' id='word_1_12' title='bbox 1447 908 1486 953; x_wconf 90' lang='lat' dir='ltr'>ac</span> <span class='ocrx_word' id='word_1_13' title='bbox 1501 887 1706 978; x_wconf 81' lang='lat' dir='ltr'>Lymburgie</span> 
     </span>
     <span class='ocr_line' id='line_1_3' title="bbox 340 990 694 1071; baseline 0.003 -15"><span class='ocrx_word' id='word_1_14' title='bbox 340 990 445 1071; x_wconf 90' lang='lat' dir='ltr'>duce,</span> <span class='ocrx_word' id='word_1_15' title='bbox 470 992 694 1057; x_wconf 81' lang='lat' dir='ltr'>nominandis,</span> 
     </span>
    </p>

    <p class='ocr_par' dir='ltr' id='par_1_3' title="bbox 389 1095 740 1163">
     <span class='ocr_line' id='line_1_4' title="bbox 389 1095 740 1163; baseline -0.009 -1"><span class='ocrx_word' id='word_1_16' title='bbox 389 1095 449 1162; x_wconf 91' lang='lat' dir='ltr'>Ne</span> <span class='ocrx_word' id='word_1_17' title='bbox 465 1106 740 1163; x_wconf 85' lang='lat' dir='ltr'>contractuum...</span> 
     </span>
    </p>

    <p class='ocr_par' dir='ltr' id='par_1_4' title="bbox 391 1200 932 1285">
     <span class='ocr_line' id='line_1_5' title="bbox 391 1200 932 1285; baseline -0.002 -18"><span class='ocrx_word' id='word_1_18' title='bbox 391 1200 474 1267; x_wconf 93' lang='lat' dir='ltr'>Dat.</span> <span class='ocrx_word' id='word_1_19' title='bbox 491 1202 591 1268; x_wconf 74' lang='lat' dir='ltr'>Avin.</span> <span class='ocrx_word' id='word_1_20' title='bbox 607 1222 686 1268; x_wconf 90' lang='lat' dir='ltr'>non.</span> <span class='ocrx_word' id='word_1_21' title='bbox 703 1201 780 1267; x_wconf 90' lang='lat' dir='ltr'>maii</span> <span class='ocrx_word' id='word_1_22' title='bbox 797 1221 886 1266; x_wconf 90' lang='lat' dir='ltr'>anno</span> <span class='ocrx_word' id='word_1_23' title='bbox 902 1223 932 1285; x_wconf 82' lang='lat'>4.</span> 
     </span>
    </p>
   </div>
   <div class='ocr_carea' id='block_1_3' title="bbox 376 1371 821 1435">
    <p class='ocr_par' dir='ltr' id='par_1_5' title="bbox 376 1371 821 1435">
     <span class='ocr_line' id='line_1_6' title="bbox 376 1371 821 1435; baseline -0.002 -13"><span class='ocrx_word' id='word_1_24' title='bbox 376 1372 442 1435; x_wconf 84' lang='lat' dir='ltr'>Reg.</span> <span class='ocrx_word' id='word_1_25' title='bbox 455 1371 514 1421; x_wconf 71' lang='lat' dir='ltr'>let.</span> <span class='ocrx_word' id='word_1_26' title='bbox 527 1374 565 1433; x_wconf 78' lang='lat' dir='ltr'>tu,</span> <span class='ocrx_word' id='word_1_27' title='bbox 577 1372 596 1421; x_wconf 86' lang='lat' dir='ltr'>f.</span> <span class='ocrx_word' id='word_1_28' title='bbox 611 1375 677 1431; x_wconf 75' lang='lat' dir='ltr'>dliv,</span> <span class='ocrx_word' id='word_1_29' title='bbox 691 1388 715 1421; x_wconf 89' lang='lat' dir='ltr'>u.</span> <span class='ocrx_word' id='word_1_30' title='bbox 729 1374 821 1421; x_wconf 83' lang='lat'>1612¹⁴.</span> 
     </span>
    </p>
   </div>
   <div class='ocr_carea' id='block_1_4' title="bbox 341 1614 1709 2861">
    <p class='ocr_par' dir='ltr' id='par_1_6' title="bbox 389 1614 1665 1713">
     <span class='ocr_line' id='line_1_7' title="bbox 389 1614 1665 1713; baseline -0.002 -16"><span class='ocrx_word' id='word_1_31' title='bbox 389 1614 502 1698; x_wconf 87' lang='grc'><strong>818.</strong></span> <span class='ocrx_word' id='word_1_32' title='bbox 796 1635 800 1653; x_wconf 85' lang='lat'><em>‘</em></span> <span class='ocrx_word' id='word_1_33' title='bbox 1402 1649 1497 1713; x_wconf 78' lang='lat'>1320,</span> <span class='ocrx_word' id='word_1_34' title='bbox 1521 1628 1564 1694; x_wconf 84' lang='lat'>16</span> <span class='ocrx_word' id='word_1_35' title='bbox 1587 1629 1665 1695; x_wconf 84' lang='lat' dir='ltr'>mai.</span> 
     </span>
    </p>

    <p class='ocr_par' dir='ltr' id='par_1_7' title="bbox 341 1732 1709 2343">
     <span class='ocr_line' id='line_1_8' title="bbox 388 1732 1707 1822; baseline -0.005 -20"><span class='ocrx_word' id='word_1_36' title='bbox 388 1732 409 1814; x_wconf 91' lang='lat' dir='ltr'>J</span> <span class='ocrx_word' id='word_1_37' title='bbox 413 1735 539 1802; x_wconf 91' lang='lat' dir='ltr'>ohanni</span> <span class='ocrx_word' id='word_1_38' title='bbox 563 1735 605 1802; x_wconf 95' lang='lat' dir='ltr'>de</span> <span class='ocrx_word' id='word_1_39' title='bbox 621 1732 727 1802; x_wconf 91' lang='lat' dir='ltr'>Blesis</span> <span class='ocrx_word' id='word_1_40' title='bbox 750 1742 938 1801; x_wconf 90' lang='lat' dir='ltr'>reservatur</span> <span class='ocrx_word' id='word_1_41' title='bbox 961 1733 1106 1820; x_wconf 85' lang='lat' dir='ltr'>dignitas</span> <span class='ocrx_word' id='word_1_42' title='bbox 1124 1755 1182 1799; x_wconf 91' lang='lat' dir='ltr'>seu</span> <span class='ocrx_word' id='word_1_43' title='bbox 1199 1744 1397 1822; x_wconf 84' lang='lat' dir='ltr'>personatus</span> <span class='ocrx_word' id='word_1_44' title='bbox 1422 1735 1477 1801; x_wconf 87' lang='lat' dir='ltr'>vel</span> <span class='ocrx_word' id='word_1_45' title='bbox 1502 1732 1651 1800; x_wconf 87' lang='lat' dir='ltr'>officium</span> <span class='ocrx_word' id='word_1_46' title='bbox 1675 1733 1707 1797; x_wconf 92' lang='lat' dir='ltr'>in</span> 
     </span>
     <span class='ocr_line' id='line_1_9' title="bbox 343 1828 1708 1925; baseline -0.002 -20"><span class='ocrx_word' id='word_1_47' title='bbox 343 1840 489 1906; x_wconf 89' lang='lat' dir='ltr'>ecclesia</span> <span class='ocrx_word' id='word_1_48' title='bbox 506 1839 693 1920; x_wconf 87' lang='lat' dir='ltr'>Parisieusi,</span> <span class='ocrx_word' id='word_1_49' title='bbox 708 1860 778 1905; x_wconf 90' lang='lat' dir='ltr'>non</span> <span class='ocrx_word' id='word_1_50' title='bbox 794 1841 951 1906; x_wconf 89' lang='lat' dir='ltr'>obstante</span> <span class='ocrx_word' id='word_1_51' title='bbox 967 1838 1059 1924; x_wconf 93' lang='lat' dir='ltr'>quod</span> <span class='ocrx_word' id='word_1_52' title='bbox 1082 1839 1116 1905; x_wconf 90' lang='lat' dir='ltr'>in</span> <span class='ocrx_word' id='word_1_53' title='bbox 1136 1840 1253 1925; x_wconf 88' lang='lat' dir='ltr'>majori</span> <span class='ocrx_word' id='word_1_54' title='bbox 1277 1828 1584 1906; x_wconf 83' lang='lat' dir='ltr'>archidiaconatum</span> <span class='ocrx_word' id='word_1_55' title='bbox 1611 1858 1651 1904; x_wconf 92' lang='lat' dir='ltr'>ac</span> <span class='ocrx_word' id='word_1_56' title='bbox 1675 1838 1708 1902; x_wconf 93' lang='lat' dir='ltr'>in</span> 
     </span>
     <span class='ocr_line' id='line_1_10' title="bbox 343 1942 1708 2030; baseline -0.003 -21"><span class='ocrx_word' id='word_1_57' title='bbox 343 1943 375 2010; x_wconf 88' lang='lat' dir='ltr'>S.</span> <span class='ocrx_word' id='word_1_58' title='bbox 394 1942 551 2029; x_wconf 85' lang='lat' dir='ltr'>Gengulfi</span> <span class='ocrx_word' id='word_1_59' title='bbox 566 1944 734 2010; x_wconf 87' lang='lat' dir='ltr'>Tullensis</span> <span class='ocrx_word' id='word_1_60' title='bbox 759 1943 1002 2030; x_wconf 87' lang='lat' dir='ltr'>preposituram</span> <span class='ocrx_word' id='word_1_61' title='bbox 1027 1964 1067 2010; x_wconf 89' lang='lat' dir='ltr'>ac</span> <span class='ocrx_word' id='word_1_62' title='bbox 1090 1944 1123 2008; x_wconf 91' lang='lat' dir='ltr'>in</span> <span class='ocrx_word' id='word_1_63' title='bbox 1150 1943 1354 2010; x_wconf 89' lang='lat' dir='ltr'>Tomacensi</span> <span class='ocrx_word' id='word_1_64' title='bbox 1371 1944 1605 2010; x_wconf 85' lang='lat' dir='ltr'>cancellariam</span> <span class='ocrx_word' id='word_1_65' title='bbox 1620 1950 1655 2010; x_wconf 87' lang='lat' dir='ltr'>et</span> <span class='ocrx_word' id='word_1_66' title='bbox 1674 1943 1708 2006; x_wconf 92' lang='lat' dir='ltr'>in</span> 
     </span>
     <span class='ocr_line' id='line_1_11' title="bbox 342 2047 1709 2135; baseline -0.001 -22"><span class='ocrx_word' id='word_1_67' title='bbox 342 2048 475 2115; x_wconf 90' lang='lat' dir='ltr'>eisdem</span> <span class='ocrx_word' id='word_1_68' title='bbox 490 2049 639 2116; x_wconf 91' lang='lat' dir='ltr'>Tullensi</span> <span class='ocrx_word' id='word_1_69' title='bbox 663 2057 699 2115; x_wconf 88' lang='lat' dir='ltr'>et</span> <span class='ocrx_word' id='word_1_70' title='bbox 713 2047 917 2114; x_wconf 87' lang='lat' dir='ltr'>Tornacensi</span> <span class='ocrx_word' id='word_1_71' title='bbox 934 2048 1152 2114; x_wconf 91' lang='lat' dir='ltr'>canonicatus</span> <span class='ocrx_word' id='word_1_72' title='bbox 1172 2057 1207 2114; x_wconf 90' lang='lat' dir='ltr'>et</span> <span class='ocrx_word' id='word_1_73' title='bbox 1228 2050 1415 2134; x_wconf 88' lang='lat' dir='ltr'>prebendas</span> <span class='ocrx_word' id='word_1_74' title='bbox 1441 2070 1480 2115; x_wconf 90' lang='lat' dir='ltr'>ac</span> <span class='ocrx_word' id='word_1_75' title='bbox 1506 2049 1539 2113; x_wconf 93' lang='lat' dir='ltr'>in</span> <span class='ocrx_word' id='word_1_76' title='bbox 1557 2048 1709 2135; x_wconf 87' lang='lat' dir='ltr'>predicta</span> 
     </span>
     <span class='ocr_line' id='line_1_12' title="bbox 343 2152 1708 2239; baseline -0.003 -20"><span class='ocrx_word' id='word_1_77' title='bbox 343 2154 522 2220; x_wconf 89' lang='lat' dir='ltr'>Parisieusi</span> <span class='ocrx_word' id='word_1_78' title='bbox 539 2163 574 2219; x_wconf 91' lang='lat' dir='ltr'>et</span> <span class='ocrx_word' id='word_1_79' title='bbox 594 2152 793 2218; x_wconf 87' lang='lat' dir='ltr'>Camotensi</span> <span class='ocrx_word' id='word_1_80' title='bbox 809 2152 957 2218; x_wconf 89' lang='lat' dir='ltr'>ecclesiis</span> <span class='ocrx_word' id='word_1_81' title='bbox 983 2153 1202 2219; x_wconf 88' lang='lat' dir='ltr'>canonicatus</span> <span class='ocrx_word' id='word_1_82' title='bbox 1225 2155 1284 2218; x_wconf 89' lang='lat' dir='ltr'>sub</span> <span class='ocrx_word' id='word_1_83' title='bbox 1308 2153 1545 2239; x_wconf 87' lang='lat' dir='ltr'>expectatione</span> <span class='ocrx_word' id='word_1_84' title='bbox 1568 2153 1708 2238; x_wconf 88' lang='lat' dir='ltr'>preben-</span> 
     </span>
     <span class='ocr_line' id='line_1_13' title="bbox 341 2255 1612 2343; baseline -0.002 -19"><span class='ocrx_word' id='word_1_85' title='bbox 341 2258 463 2324; x_wconf 85' lang='lat' dir='ltr'>darum</span> <span class='ocrx_word' id='word_1_86' title='bbox 478 2258 620 2339; x_wconf 89' lang='lat' dir='ltr'>obtinet,</span> <span class='ocrx_word' id='word_1_87' title='bbox 632 2266 667 2323; x_wconf 89' lang='lat' dir='ltr'>et</span> <span class='ocrx_word' id='word_1_88' title='bbox 679 2256 770 2341; x_wconf 91' lang='lat' dir='ltr'>quod</span> <span class='ocrx_word' id='word_1_89' title='bbox 784 2256 954 2322; x_wconf 83' lang='lat' dir='ltr'>defectum</span> <span class='ocrx_word' id='word_1_90' title='bbox 970 2255 1122 2321; x_wconf 88' lang='lat' dir='ltr'>ordinum</span> <span class='ocrx_word' id='word_1_91' title='bbox 1135 2277 1174 2322; x_wconf 91' lang='lat' dir='ltr'>ac</span> <span class='ocrx_word' id='word_1_92' title='bbox 1184 2257 1283 2322; x_wconf 88' lang='lat' dir='ltr'>etatis</span> <span class='ocrx_word' id='word_1_93' title='bbox 1294 2257 1348 2342; x_wconf 88' lang='lat'>(21</span> <span class='ocrx_word' id='word_1_94' title='bbox 1367 2258 1461 2341; x_wconf 89' lang='lat' dir='ltr'>ann.)</span> <span class='ocrx_word' id='word_1_95' title='bbox 1478 2256 1612 2343; x_wconf 90' lang='lat' dir='ltr'>patitur.</span> 
     </span>
    </p>

    <p class='ocr_par' dir='ltr' id='par_1_8' title="bbox 388 2362 788 2449">
     <span class='ocr_line' id='line_1_14' title="bbox 388 2362 788 2449; baseline -0.005 -23"><span class='ocrx_word' id='word_1_96' title='bbox 388 2362 482 2428; x_wconf 91' lang='lat' dir='ltr'>Dum</span> <span class='ocrx_word' id='word_1_97' title='bbox 504 2363 547 2428; x_wconf 90' lang='lat' dir='ltr'>ad</span> <span class='ocrx_word' id='word_1_98' title='bbox 569 2383 788 2449; x_wconf 90' lang='lat' dir='ltr'>personam...</span> 
     </span>
    </p>

    <p class='ocr_par' dir='ltr' id='par_1_9' title="bbox 388 2464 974 2552">
     <span class='ocr_line' id='line_1_15' title="bbox 388 2464 974 2552; baseline -0.002 -21"><span class='ocrx_word' id='word_1_99' title='bbox 388 2467 469 2533; x_wconf 89' lang='lat' dir='ltr'>Dat.</span> <span class='ocrx_word' id='word_1_100' title='bbox 485 2468 584 2533; x_wconf 87' lang='lat' dir='ltr'>Avin.</span> <span class='ocrx_word' id='word_1_101' title='bbox 606 2486 642 2551; x_wconf 90' lang='lat'>17</span> <span class='ocrx_word' id='word_1_102' title='bbox 658 2467 725 2533; x_wconf 84' lang='lat' dir='ltr'>kal.</span> <span class='ocrx_word' id='word_1_103' title='bbox 738 2464 820 2552; x_wconf 89' lang='lat' dir='ltr'>junii</span> <span class='ocrx_word' id='word_1_104' title='bbox 837 2486 928 2530; x_wconf 90' lang='lat' dir='ltr'>anno</span> <span class='ocrx_word' id='word_1_105' title='bbox 943 2489 974 2550; x_wconf 91' lang='lat'>4.</span> 
     </span>
    </p>

    <p class='ocr_par' dir='ltr' id='par_1_10' title="bbox 343 2568 1708 2861">
     <span class='ocr_line' id='line_1_16' title="bbox 388 2568 1708 2654; baseline -0.002 -18"><span class='ocrx_word' id='word_1_106' title='bbox 388 2570 429 2636; x_wconf 94' lang='lat' dir='ltr'>In</span> <span class='ocrx_word' id='word_1_107' title='bbox 447 2593 476 2636; x_wconf 91' lang='lat' dir='ltr'>e.</span> <span class='ocrx_word' id='word_1_108' title='bbox 493 2593 538 2638; x_wconf 91' lang='lat' dir='ltr'>m.</span> <span class='ocrx_word' id='word_1_109' title='bbox 554 2573 667 2638; x_wconf 90' lang='lat' dir='ltr'>abbati</span> <span class='ocrx_word' id='word_1_110' title='bbox 683 2569 878 2637; x_wconf 88' lang='lat' dir='ltr'>monasterii</span> <span class='ocrx_word' id='word_1_111' title='bbox 894 2569 926 2634; x_wconf 88' lang='lat' dir='ltr'>S.</span> <span class='ocrx_word' id='word_1_112' title='bbox 945 2568 1053 2635; x_wconf 89' lang='lat' dir='ltr'>Marie</span> <span class='ocrx_word' id='word_1_113' title='bbox 1068 2569 1110 2635; x_wconf 92' lang='lat' dir='ltr'>de</span> <span class='ocrx_word' id='word_1_114' title='bbox 1127 2569 1353 2654; x_wconf 84' lang='lat' dir='ltr'>Burgomedio</span> <span class='ocrx_word' id='word_1_115' title='bbox 1368 2578 1404 2635; x_wconf 87' lang='lat' dir='ltr'>et</span> <span class='ocrx_word' id='word_1_116' title='bbox 1420 2569 1549 2636; x_wconf 89' lang='lat' dir='ltr'>cantori</span> <span class='ocrx_word' id='word_1_117' title='bbox 1566 2569 1708 2635; x_wconf 86' lang='lat' dir='ltr'>ecclesie</span> 
     </span>
     <span class='ocr_line' id='line_1_17' title="bbox 343 2673 1707 2760; baseline -0.002 -19"><span class='ocrx_word' id='word_1_118' title='bbox 343 2676 375 2741; x_wconf 87' lang='lat' dir='ltr'>S.</span> <span class='ocrx_word' id='word_1_119' title='bbox 392 2677 574 2742; x_wconf 85' lang='lat' dir='ltr'>Salvatoris</span> <span class='ocrx_word' id='word_1_120' title='bbox 590 2675 809 2754; x_wconf 86' lang='lat' dir='ltr'>Blesensium,</span> <span class='ocrx_word' id='word_1_121' title='bbox 825 2673 1042 2739; x_wconf 89' lang='lat' dir='ltr'>Camotensis</span> <span class='ocrx_word' id='word_1_122' title='bbox 1061 2673 1214 2753; x_wconf 75' lang='lat' dir='ltr'>diocesia,</span> <span class='ocrx_word' id='word_1_123' title='bbox 1239 2695 1279 2741; x_wconf 91' lang='lat' dir='ltr'>ac</span> <span class='ocrx_word' id='word_1_124' title='bbox 1305 2676 1464 2760; x_wconf 87' lang='lat' dir='ltr'>magistro</span> <span class='ocrx_word' id='word_1_125' title='bbox 1489 2674 1644 2760; x_wconf 91' lang='lat' dir='ltr'>Philippo</span> <span class='ocrx_word' id='word_1_126' title='bbox 1665 2674 1707 2739; x_wconf 92' lang='lat' dir='ltr'>de</span> 
     </span>
     <span class='ocr_line' id='line_1_18' title="bbox 345 2780 897 2861; baseline 0.002 -15"><span class='ocrx_word' id='word_1_127' title='bbox 345 2780 486 2861; x_wconf 85' lang='lat' dir='ltr'>Mossia,</span> <span class='ocrx_word' id='word_1_128' title='bbox 502 2783 667 2848; x_wconf 88' lang='lat' dir='ltr'>canonico</span> <span class='ocrx_word' id='word_1_129' title='bbox 682 2780 897 2848; x_wconf 88' lang='lat' dir='ltr'>Tornacensi.</span> 
     </span>
    </p>
   </div>
   <div class='ocr_carea' id='block_1_5' title="bbox 377 2959 772 3022">
    <p class='ocr_par' dir='ltr' id='par_1_11' title="bbox 377 2959 772 3022">
     <span class='ocr_line' id='line_1_19' title="bbox 377 2959 772 3022; baseline 0.003 -14"><span class='ocrx_word' id='word_1_130' title='bbox 377 2959 440 3022; x_wconf 72' lang='lat' dir='ltr'>fleg.</span> <span class='ocrx_word' id='word_1_131' title='bbox 453 2959 513 3010; x_wconf 81' lang='lat' dir='ltr'>vat..</span> <span class='ocrx_word' id='word_1_132' title='bbox 529 2961 567 3017; x_wconf 74' lang='lat' dir='ltr'>to,</span> <span class='ocrx_word' id='word_1_133' title='bbox 579 2960 598 3008; x_wconf 82' lang='lat' dir='ltr'>f.</span> <span class='ocrx_word' id='word_1_134' title='bbox 611 2962 664 3016; x_wconf 79' lang='lat' dir='ltr'>lll,</span> <span class='ocrx_word' id='word_1_135' title='bbox 676 2976 702 3009; x_wconf 92' lang='lat' dir='ltr'>n.</span> <span class='ocrx_word' id='word_1_136' title='bbox 717 2961 772 3009; x_wconf 79' lang='lat'>958.</span> 
     </span>
    </p>
   </div>
   <div class='ocr_carea' id='block_1_6' title="bbox 344 3186 1707 3894">
    <p class='ocr_par' dir='ltr' id='par_1_12' title="bbox 387 3186 1662 3288">
     <span class='ocr_line' id='line_1_20' title="bbox 387 3186 1662 3288; baseline 0.001 -17"><span class='ocrx_word' id='word_1_137' title='bbox 387 3186 498 3271; x_wconf 83' lang='grc'><em>819.</em></span> <span class='ocrx_word' id='word_1_138' title='bbox 1399 3224 1495 3288; x_wconf 75' lang='grc'><em>1310,</em></span> <span class='ocrx_word' id='word_1_139' title='bbox 1520 3204 1561 3271; x_wconf 85' lang='grc'>16</span> <span class='ocrx_word' id='word_1_140' title='bbox 1585 3208 1662 3273; x_wconf 84' lang='lat' dir='ltr'>mai.</span> 
     </span>
    </p>

    <p class='ocr_par' dir='ltr' id='par_1_13' title="bbox 344 3305 1707 3499">
     <span class='ocr_line' id='line_1_21' title="bbox 387 3305 1707 3393; baseline 0.003 -21"><span class='ocrx_word' id='word_1_141' title='bbox 387 3306 562 3393; x_wconf 87' lang='lat' dir='ltr'>Stephano</span> <span class='ocrx_word' id='word_1_142' title='bbox 573 3305 735 3392; x_wconf 81' lang='lat' dir='ltr'>Mignano</span> <span class='ocrx_word' id='word_1_143' title='bbox 746 3307 787 3372; x_wconf 91' lang='lat' dir='ltr'>de</span> <span class='ocrx_word' id='word_1_144' title='bbox 799 3306 926 3374; x_wconf 87' lang='lat' dir='ltr'>Solario</span> <span class='ocrx_word' id='word_1_145' title='bbox 947 3308 1116 3373; x_wconf 83' lang='lat' dir='ltr'>confertur</span> <span class='ocrx_word' id='word_1_146' title='bbox 1128 3308 1344 3375; x_wconf 86' lang='lat' dir='ltr'>canonicatus</span> <span class='ocrx_word' id='word_1_147' title='bbox 1360 3309 1499 3375; x_wconf 85' lang='lat' dir='ltr'>ecclesie</span> <span class='ocrx_word' id='word_1_148' title='bbox 1513 3309 1707 3376; x_wconf 89' lang='lat' dir='ltr'>Leodiensis</span> 
     </span>
     <span class='ocr_line' id='line_1_22' title="bbox 344 3410 1540 3499; baseline 0.001 -22"><span class='ocrx_word' id='word_1_149' title='bbox 344 3413 404 3477; x_wconf 91' lang='lat' dir='ltr'>sub</span> <span class='ocrx_word' id='word_1_150' title='bbox 421 3412 658 3496; x_wconf 86' lang='lat' dir='ltr'>expectatione</span> <span class='ocrx_word' id='word_1_151' title='bbox 674 3411 853 3498; x_wconf 89' lang='lat' dir='ltr'>prebende,</span> <span class='ocrx_word' id='word_1_152' title='bbox 870 3410 1136 3477; x_wconf 89' lang='lat' dir='ltr'>consideratione</span> <span class='ocrx_word' id='word_1_153' title='bbox 1153 3411 1303 3494; x_wconf 85' lang='lat' dir='ltr'>Roberti,</span> <span class='ocrx_word' id='word_1_154' title='bbox 1319 3412 1404 3499; x_wconf 84' lang='lat' dir='ltr'>regis</span> <span class='ocrx_word' id='word_1_155' title='bbox 1420 3412 1540 3480; x_wconf 88' lang='lat' dir='ltr'>Sicilie.</span> 
     </span>
    </p>

    <p class='ocr_par' dir='ltr' id='par_1_14' title="bbox 387 3513 716 3599">
     <span class='ocr_line' id='line_1_23' title="bbox 387 3513 716 3599; baseline 0.003 -19"><span class='ocrx_word' id='word_1_156' title='bbox 387 3513 483 3580; x_wconf 80' lang='lat' dir='ltr'>Sedis</span> <span class='ocrx_word' id='word_1_157' title='bbox 499 3517 716 3599; x_wconf 89' lang='lat' dir='ltr'>apostolice...</span> 
     </span>
    </p>

    <p class='ocr_par' dir='ltr' id='par_1_15' title="bbox 388 3619 973 3704">
     <span class='ocr_line' id='line_1_24' title="bbox 388 3619 973 3704; baseline 0.005 -21"><span class='ocrx_word' id='word_1_158' title='bbox 388 3621 467 3683; x_wconf 87' lang='lat' dir='ltr'>Dat.</span> <span class='ocrx_word' id='word_1_159' title='bbox 484 3619 583 3683; x_wconf 85' lang='lat' dir='ltr'>Avin.</span> <span class='ocrx_word' id='word_1_160' title='bbox 604 3640 642 3703; x_wconf 90' lang='lat'>17</span> <span class='ocrx_word' id='word_1_161' title='bbox 659 3620 723 3685; x_wconf 87' lang='lat' dir='ltr'>kal.</span> <span class='ocrx_word' id='word_1_162' title='bbox 737 3620 820 3704; x_wconf 91' lang='lat' dir='ltr'>junii</span> <span class='ocrx_word' id='word_1_163' title='bbox 837 3641 927 3686; x_wconf 91' lang='lat' dir='ltr'>anno</span> <span class='ocrx_word' id='word_1_164' title='bbox 943 3644 973 3704; x_wconf 90' lang='lat'>4.</span> 
     </span>
    </p>

    <p class='ocr_par' dir='ltr' id='par_1_16' title="bbox 345 3723 1704 3894">
     <span class='ocr_line' id='line_1_25' title="bbox 388 3723 1704 3810; baseline 0.002 -20"><span class='ocrx_word' id='word_1_165' title='bbox 388 3723 428 3790; x_wconf 92' lang='lat' dir='ltr'>In</span> <span class='ocrx_word' id='word_1_166' title='bbox 455 3747 485 3790; x_wconf 91' lang='lat' dir='ltr'>e.</span> <span class='ocrx_word' id='word_1_167' title='bbox 508 3746 551 3789; x_wconf 91' lang='lat' dir='ltr'>m.</span> <span class='ocrx_word' id='word_1_168' title='bbox 579 3725 739 3810; x_wconf 88' lang='lat' dir='ltr'>episcopo</span> <span class='ocrx_word' id='word_1_169' title='bbox 756 3723 893 3790; x_wconf 86' lang='lat' dir='ltr'>Lucano</span> <span class='ocrx_word' id='word_1_170' title='bbox 908 3745 948 3789; x_wconf 91' lang='lat' dir='ltr'>ac</span> <span class='ocrx_word' id='word_1_171' title='bbox 964 3725 996 3790; x_wconf 82' lang='lat' dir='ltr'>S.</span> <span class='ocrx_word' id='word_1_172' title='bbox 1011 3723 1177 3802; x_wconf 90' lang='lat' dir='ltr'>Jolrannis</span> <span class='ocrx_word' id='word_1_173' title='bbox 1199 3734 1234 3791; x_wconf 91' lang='lat' dir='ltr'>et</span> <span class='ocrx_word' id='word_1_174' title='bbox 1259 3727 1290 3792; x_wconf 85' lang='lat' dir='ltr'>S.</span> <span class='ocrx_word' id='word_1_175' title='bbox 1307 3726 1449 3791; x_wconf 87' lang='lat' dir='ltr'>Dionisii</span> <span class='ocrx_word' id='word_1_176' title='bbox 1467 3726 1704 3793; x_wconf 88' lang='lat' dir='ltr'>Leodiensium</span> 
     </span>
     <span class='ocr_line' id='line_1_26' title="bbox 345 3828 727 3894; baseline 0.005 -2"><span class='ocrx_word' id='word_1_177' title='bbox 345 3829 559 3894; x_wconf 88' lang='lat' dir='ltr'>ecclesiarum</span> <span class='ocrx_word' id='word_1_178' title='bbox 582 3828 727 3894; x_wconf 90' lang='lat' dir='ltr'>decanis.</span> 
     </span>
    </p>
   </div>
   <div class='ocr_carea' id='block_1_7' title="bbox 376 4011 1015 4071">
    <p class='ocr_par' dir='ltr' id='par_1_17' title="bbox 376 4011 1015 4071">
     <span class='ocr_line' id='line_1_27' title="bbox 376 4011 1015 4071; baseline 0 -11"><span class='ocrx_word' id='word_1_179' title='bbox 376 4013 437 4069; x_wconf 58' lang='lat' dir='ltr'>lieu.</span> <span class='ocrx_word' id='word_1_180' title='bbox 451 4015 498 4059; x_wconf 70' lang='lat' dir='ltr'>dv.</span> <span class='ocrx_word' id='word_1_181' title='bbox 515 4015 549 4070; x_wconf 79' lang='lat'>13,</span> <span class='ocrx_word' id='word_1_182' title='bbox 563 4013 580 4059; x_wconf 83' lang='lat' dir='ltr'>f.</span> <span class='ocrx_word' id='word_1_183' title='bbox 594 4015 668 4069; x_wconf 43' lang='lat' dir='ltr'>41:3st</span> <span class='ocrx_word' id='word_1_184' title='bbox 683 4011 740 4060; x_wconf 75' lang='lat' dir='ltr'>var.</span> <span class='ocrx_word' id='word_1_185' title='bbox 756 4014 795 4071; x_wconf 85' lang='lat'>70,</span> <span class='ocrx_word' id='word_1_186' title='bbox 808 4012 825 4060; x_wconf 81' lang='lat' dir='ltr'>f.</span> <span class='ocrx_word' id='word_1_187' title='bbox 842 4014 909 4070; x_wconf 61' lang='lat' dir='ltr'>slav,</span> <span class='ocrx_word' id='word_1_188' title='bbox 922 4027 947 4060; x_wconf 91' lang='lat' dir='ltr'>n.</span> <span class='ocrx_word' id='word_1_189' title='bbox 959 4013 1015 4060; x_wconf 72' lang='lat'>963.</span> 
     </span>
    </p>
   </div>
   <div class='ocr_carea' id='block_1_8' title="bbox 344 4231 1702 4520">
    <p class='ocr_par' dir='ltr' id='par_1_18' title="bbox 344 4231 1702 4520">
     <span class='ocr_line' id='line_1_28' title="bbox 385 4231 1660 4338; baseline 0.003 -24"><span class='ocrx_word' id='word_1_190' title='bbox 385 4231 502 4314; x_wconf 87' lang='lat'>820.</span> <span class='ocrx_word' id='word_1_191' title='bbox 1194 4249 1313 4336; x_wconf 82' lang='lat' dir='ltr'>[avant</span> <span class='ocrx_word' id='word_1_192' title='bbox 1335 4250 1365 4315; x_wconf 86' lang='lat' dir='ltr'>le</span> <span class='ocrx_word' id='word_1_193' title='bbox 1389 4271 1430 4337; x_wconf 79' lang='grc'>10</span> <span class='ocrx_word' id='word_1_194' title='bbox 1454 4253 1525 4316; x_wconf 71' lang='lat' dir='ltr'>neat</span> <span class='ocrx_word' id='word_1_195' title='bbox 1545 4250 1660 4338; x_wconf 63' lang='lat'><em>1320}</em></span> 
     </span>
     <span class='ocr_line' id='line_1_29' title="bbox 386 4350 1702 4440; baseline 0.004 -25"><span class='ocrx_word' id='word_1_196' title='bbox 386 4350 573 4416; x_wconf 88' lang='lat' dir='ltr'>Gaucelmo</span> <span class='ocrx_word' id='word_1_197' title='bbox 603 4350 762 4416; x_wconf 89' lang='lat' dir='ltr'>cardinali</span> <span class='ocrx_word' id='word_1_198' title='bbox 792 4350 971 4417; x_wconf 86' lang='lat' dir='ltr'>mandatur</span> <span class='ocrx_word' id='word_1_199' title='bbox 1008 4363 1174 4436; x_wconf 89' lang='lat' dir='ltr'>quatenus</span> <span class='ocrx_word' id='word_1_200' title='bbox 1211 4354 1252 4420; x_wconf 89' lang='lat' dir='ltr'>de</span> <span class='ocrx_word' id='word_1_201' title='bbox 1290 4375 1373 4440; x_wconf 88' lang='lat' dir='ltr'>pace</span> <span class='ocrx_word' id='word_1_202' title='bbox 1400 4354 1595 4421; x_wconf 86' lang='lat' dir='ltr'>Flandrensi</span> <span class='ocrx_word' id='word_1_203' title='bbox 1634 4377 1702 4421; x_wconf 93' lang='lat' dir='ltr'>non</span> 
     </span>
     <span class='ocr_line' id='line_1_30' title="bbox 344 4455 651 4520; baseline -0.003 0"><span class='ocrx_word' id='word_1_204' title='bbox 344 4456 474 4520; x_wconf 85' lang='lat' dir='ltr'>differat</span> <span class='ocrx_word' id='word_1_205' title='bbox 497 4455 651 4520; x_wconf 89' lang='lat' dir='ltr'>scribere.</span> 
     </span>
    </p>
   </div>
   <div class='ocr_carea' id='block_1_9' title="bbox 342 4646 1703 5258">
    <p class='ocr_par' dir='ltr' id='par_1_19' title="bbox 342 4646 1703 5258">
     <span class='ocr_line' id='line_1_31' title="bbox 386 4646 1703 4736; baseline 0.003 -25"><span class='ocrx_word' id='word_1_206' title='bbox 386 4674 402 4712; x_wconf 88' lang='lat'>«</span> <span class='ocrx_word' id='word_1_207' title='bbox 413 4649 549 4714; x_wconf 91' lang='lat' dir='ltr'>Dilecto</span> <span class='ocrx_word' id='word_1_208' title='bbox 559 4649 629 4713; x_wconf 88' lang='lat' dir='ltr'>filio</span> <span class='ocrx_word' id='word_1_209' title='bbox 641 4647 836 4725; x_wconf 85' lang='lat' dir='ltr'>Gaucelm0,</span> <span class='ocrx_word' id='word_1_210' title='bbox 847 4648 934 4713; x_wconf 92' lang='lat' dir='ltr'>tituli</span> <span class='ocrx_word' id='word_1_211' title='bbox 946 4647 1145 4713; x_wconf 85' lang='lat' dir='ltr'>Sanctorum</span> <span class='ocrx_word' id='word_1_212' title='bbox 1157 4646 1344 4715; x_wconf 88' lang='lat' dir='ltr'>Marcellini</span> <span class='ocrx_word' id='word_1_213' title='bbox 1361 4656 1396 4714; x_wconf 90' lang='lat' dir='ltr'>et</span> <span class='ocrx_word' id='word_1_214' title='bbox 1412 4648 1502 4715; x_wconf 85' lang='lat' dir='ltr'>Petri</span> <span class='ocrx_word' id='word_1_215' title='bbox 1519 4649 1703 4736; x_wconf 88' lang='lat' dir='ltr'>presbitero</span> 
     </span>
     <span class='ocr_line' id='line_1_32' title="bbox 343 4751 1703 4841; baseline 0.001 -23"><span class='ocrx_word' id='word_1_216' title='bbox 343 4753 512 4834; x_wconf 86' lang='lat' dir='ltr'>cardinali,</span> <span class='ocrx_word' id='word_1_217' title='bbox 545 4753 729 4837; x_wconf 88' lang='lat' dir='ltr'>apostolice</span> <span class='ocrx_word' id='word_1_218' title='bbox 761 4752 853 4817; x_wconf 82' lang='lat' dir='ltr'>Sedis</span> <span class='ocrx_word' id='word_1_219' title='bbox 880 4751 1009 4816; x_wconf 82' lang='lat' dir='ltr'>nuntio</span> <span class='ocrx_word' id='word_1_220' title='bbox 1043 4751 1095 4815; x_wconf 91' lang='lat' dir='ltr'>De</span> <span class='ocrx_word' id='word_1_221' title='bbox 1128 4772 1210 4837; x_wconf 88' lang='lat' dir='ltr'>pace</span> <span class='ocrx_word' id='word_1_222' title='bbox 1239 4751 1395 4817; x_wconf 88' lang='lat' dir='ltr'>Flandrie</span> <span class='ocrx_word' id='word_1_223' title='bbox 1426 4774 1515 4818; x_wconf 87' lang='lat' dir='ltr'>nova</span> <span class='ocrx_word' id='word_1_224' title='bbox 1545 4775 1703 4841; x_wconf 89' lang='lat' dir='ltr'>prospera</span> 
     </span>
     <span class='ocr_line' id='line_1_33' title="bbox 344 4856 1703 4942; baseline 0.003 -21"><span class='ocrx_word' id='word_1_225' title='bbox 344 4858 481 4924; x_wconf 86' lang='lat' dir='ltr'>intensis</span> <span class='ocrx_word' id='word_1_226' title='bbox 505 4857 676 4922; x_wconf 88' lang='lat' dir='ltr'>desideriis</span> <span class='ocrx_word' id='word_1_227' title='bbox 703 4859 934 4941; x_wconf 86' lang='lat' dir='ltr'>prestolantes,</span> <span class='ocrx_word' id='word_1_228' title='bbox 960 4863 1054 4921; x_wconf 87' lang='lat' dir='ltr'>tuam</span> <span class='ocrx_word' id='word_1_229' title='bbox 1086 4856 1293 4942; x_wconf 84' lang='lat' dir='ltr'>diligentiam</span> <span class='ocrx_word' id='word_1_230' title='bbox 1319 4860 1528 4942; x_wconf 87' lang='lat' dir='ltr'>presentibus</span> <span class='ocrx_word' id='word_1_231' title='bbox 1548 4862 1703 4927; x_wconf 88' lang='lat' dir='ltr'>duximus</span> 
     </span>
     <span class='ocr_line' id='line_1_34' title="bbox 343 4959 1702 5044; baseline 0.004 -20"><span class='ocrx_word' id='word_1_232' title='bbox 343 4959 555 5026; x_wconf 85' lang='lat' dir='ltr'>excitandam</span> <span class='ocrx_word' id='word_1_233' title='bbox 573 4967 608 5023; x_wconf 91' lang='lat' dir='ltr'>ut</span> <span class='ocrx_word' id='word_1_234' title='bbox 624 4960 665 5024; x_wconf 85' lang='lat' dir='ltr'>dc</span> <span class='ocrx_word' id='word_1_235' title='bbox 682 4959 755 5037; x_wconf 89' lang='lat' dir='ltr'>hiis,</span> <span class='ocrx_word' id='word_1_236' title='bbox 766 4980 840 5023; x_wconf 89' lang='lat' dir='ltr'>curn</span> <span class='ocrx_word' id='word_1_237' title='bbox 859 4961 1073 5039; x_wconf 88' lang='lat' dir='ltr'>occurrerint,</span> <span class='ocrx_word' id='word_1_238' title='bbox 1087 4981 1156 5024; x_wconf 93' lang='lat' dir='ltr'>non</span> <span class='ocrx_word' id='word_1_239' title='bbox 1167 4961 1300 5026; x_wconf 89' lang='lat' dir='ltr'>differas</span> <span class='ocrx_word' id='word_1_240' title='bbox 1311 4983 1372 5027; x_wconf 90' lang='lat' dir='ltr'>nos</span> <span class='ocrx_word' id='word_1_241' title='bbox 1382 4963 1519 5029; x_wconf 87' lang='lat' dir='ltr'>reddere</span> <span class='ocrx_word' id='word_1_242' title='bbox 1535 4967 1702 5044; x_wconf 87' lang='lat' dir='ltr'>certiores,</span> 
     </span>
     <span class='ocr_line' id='line_1_35' title="bbox 342 5063 1703 5152; baseline 0.002 -23"><span class='ocrx_word' id='word_1_243' title='bbox 342 5066 482 5129; x_wconf 89' lang='lat' dir='ltr'>sciturus</span> <span class='ocrx_word' id='word_1_244' title='bbox 495 5063 586 5145; x_wconf 92' lang='lat' dir='ltr'>quod</span> <span class='ocrx_word' id='word_1_245' title='bbox 599 5064 723 5127; x_wconf 84' lang='lat' dir='ltr'>viarum</span> <span class='ocrx_word' id='word_1_246' title='bbox 736 5063 880 5147; x_wconf 87' lang='lat' dir='ltr'>pericula</span> <span class='ocrx_word' id='word_1_247' title='bbox 897 5064 987 5127; x_wconf 86' lang='lat' dir='ltr'>varia</span> <span class='ocrx_word' id='word_1_248' title='bbox 999 5065 1163 5128; x_wconf 88' lang='lat' dir='ltr'>hactenus</span> <span class='ocrx_word' id='word_1_249' title='bbox 1179 5066 1325 5147; x_wconf 70' lang='lat' dir='ltr'>legatum</span> <span class='ocrx_word' id='word_1_250' title='bbox 1342 5087 1455 5131; x_wconf 88' lang='lat' dir='ltr'>versus</span> <span class='ocrx_word' id='word_1_251' title='bbox 1471 5077 1582 5152; x_wconf 88' lang='lat' dir='ltr'>partes</span> <span class='ocrx_word' id='word_1_252' title='bbox 1594 5068 1703 5133; x_wconf 85' lang='lat' dir='ltr'>Ytalie</span> 
     </span>
     <span class='ocr_line' id='line_1_36' title="bbox 342 5167 1702 5258; baseline 0.004 -24"><span class='ocrx_word' id='word_1_253' title='bbox 342 5170 402 5235; x_wconf 88' lang='lat' dir='ltr'>iter</span> <span class='ocrx_word' id='word_1_254' title='bbox 418 5188 515 5232; x_wconf 87' lang='lat' dir='ltr'>suum</span> <span class='ocrx_word' id='word_1_255' title='bbox 540 5168 682 5258; x_wconf 88' lang='lat' dir='ltr'>arripere</span> <span class='ocrx_word' id='word_1_256' title='bbox 704 5189 770 5231; x_wconf 89' lang='lat' dir='ltr'>non</span> <span class='ocrx_word' id='word_1_257' title='bbox 797 5167 955 5232; x_wconf 77' lang='lat' dir='ltr'>siverunt.</span> <span class='ocrx_word' id='word_1_258' title='bbox 975 5167 1013 5231; x_wconf 93' lang='lat' dir='ltr'>ln</span> <span class='ocrx_word' id='word_1_259' title='bbox 1039 5168 1253 5235; x_wconf 78' lang='lat' dir='ltr'>confectione</span> <span class='ocrx_word' id='word_1_260' title='bbox 1276 5172 1483 5256; x_wconf 89' lang='lat' dir='ltr'>presentium</span> <span class='ocrx_word' id='word_1_261' title='bbox 1507 5172 1702 5239; x_wconf 84' lang='lat' dir='ltr'>vivebamus</span> 
     </span>
    </p>
   </div>
   <div class='ocr_carea' id='block_1_10' title="bbox 0 0 2210 6017">
    <p class='ocr_par' dir='ltr' id='par_1_20' title="bbox 0 0 2210 6017">
     <span class='ocr_line' id='line_1_37' title="bbox 0 0 2210 6017; baseline 0 0"><span class='ocrx_word' id='word_1_262' title='bbox 0 0 2210 6017; x_wconf 95' lang='lat' dir='ltr'> </span> 
     </span>
    </p>
   </div>
  </div>
 </body>
</html>
