4409 6017
900 706 1056 772 llauvilme
1077 706 1180 772 aunis.
1664 709 1726 773 553

309 899 324 910 ·
407 856 553 939 1496.
1431 889 1526 952 1325,
1543 889 1684 950 5murs

309 990 316 1014 ’-
402 971 550 1051 Johanni
566 973 609 1039 de
625 971 760 1040 Nehem
779 973 951 1039 confertur
965 972 1184 1039 canonicatus
1207 972 1348 1040 ecclesie
1371 972 1402 1037 S.
1429 969 1597 1049 Johannis
1615 972 1724 1039 Osna-

309 1090 317 1120 ²
347 1078 532 1163 burgensis
546 1080 606 1142 sub
631 1077 868 1164 expectatione
883 1076 1063 1162 prebende,
1091 1075 1360 1143 consideratione
1377 1074 1559 1157 Godesridi,
1580 1077 1727 1162 episcopi

309 1185 310 1191 ’
346 1180 636 1267 osnaburgensis,
657 1201 727 1246 non
750 1183 906 1247 obstante
922 1180 1013 1265 quod
1038 1180 1072 1244 in
1088 1180 1231 1247 ecclesia
1255 1179 1468 1246 Mescedensi
1491 1180 1727 1245 canonicatum

346 1292 392 1351 et
408 1285 625 1371 prebendam,
647 1304 688 1349 ac
712 1292 909 1371 perpetuam
934 1283 1155 1369 capellaniam
1171 1296 1321 1365 curatam
1338 1285 1465 1370 capelle
1477 1293 1492 1363 ⁰,
1506 1283 1637 1348 Veteris
1655 1283 1728 1350 Hu-

345 1388 470 1476 gardis
485 1388 546 1453 site
562 1408 667 1473 prope
684 1386 882 1472 Hugardim,
899 1386 1112 1453 Coloniensis
1122 1396 1156 1453 et
1168 1386 1366 1453 Leodiensis
1388 1387 1569 1468 diocesum,
1585 1388 1727 1452 obtinet.

403 1491 590 1578 Laudabile
613 1491 886 1556 testimonium...

361 1603 366 1610 '
404 1595 487 1660 Dat.
499 1594 597 1660 Avin.
615 1616 632 1679 3
650 1615 729 1660 non.
745 1593 854 1659 martii
872 1613 963 1659 anno
980 1615 1009 1676 9.

401 1697 444 1764 In
460 1720 489 1763 e.
505 1719 549 1762 m.
566 1696 759 1779 Guillelmo,
775 1698 887 1763 electo
904 1696 1070 1762 Pennensi
1087 1706 1122 1762 et
1137 1696 1303 1779 Adriensi,
1320 1718 1360 1763 ac
1383 1698 1513 1764 cantori
1530 1706 1564 1763 et
1590 1698 1723 1783 Degen-

345 1802 465 1868 hardo
480 1802 522 1867 de
540 1800 734 1884 Meschede,
751 1800 916 1867 canonico
932 1800 1074 1867 ecclesie
1090 1800 1369 1887 osnaburgensis.

392 1949 512 2010 Beg.Av.
523 1951 564 2006 22,
576 1949 594 1999 f.
609 1951 685 2006 571'3
699 1948 758 1997 Vat.
771 1950 811 2008 72,
825 1948 844 1997 f.
856 1950 908 2008 40¹,
922 1963 946 1995 n.
962 1950 1031 1998 1326.

409 2141 556 2224 1497.
1418 2163 1513 2242 1325,
1534 2178 1558 2242 5
1582 2182 1685 2226 mare.

406 2260 602 2350 Gualhardo
626 2261 668 2327 de
685 2260 790 2328 Portu
814 2268 1002 2327 reservatur
1016 2261 1218 2328 beneficium
1234 2262 1499 2329 ecclesiasticum
1523 2262 1565 2328 ad
1582 2263 1731 2329 collatio-

355 2385 443 2430 nem
469 2365 617 2451 episcopi
650 2364 945 2450 Petragoricensis‚
974 2368 1224 2431 nonobstante
1257 2366 1348 2451 quod
1375 2365 1409 2431 in
1438 2367 1473 2432 S.
1501 2365 1663 2452 Stephani
1687 2366 1730 2432 de

356 2468 518 2534 Tescone
536 2466 779 2534 Montisalbani
796 2469 1031 2536 canonicatum
1054 2476 1088 2534 et
1104 2470 1311 2556 prebendam
1328 2470 1460 2537 obtinet
1478 2478 1514 2535 et
1526 2470 1559 2535 in
1571 2471 1730 2536 Arlebec·

358 2572 468 2650 censi,
482 2570 724 2638 Tornacensis⁶
738 2573 892 2653 diocesis
905 2572 1054 2638 ecclesiis
1070 2576 1130 2638 sub
1142 2574 1379 2659 expectatione
1394 2574 1564 2660 prebende
1581 2573 1613 2638 in
1630 2594 1730 2640 cauo·

356 2676 478 2741 nicum
495 2684 547 2740 est
563 2684 728 2762 receptus.

408 2778 608 2865 Apostolice
624 2780 886 2845 munificentie...

408 2883 489 2948 Dat.
506 2883 606 2947 Avin.
621 2902 638 2966 3
656 2903 736 2949 non.
748 2882 859 2948 martii
876 2902 967 2949 anno
984 2903 1013 2963 9.

408 2984 450 3051 In
475 3007 506 3052 e.
531 3006 576 3051 m.
602 2986 760 3072 episcopo
784 2986 922 3052 Rivensi
946 2995 982 3052 et
1009 2986 1192 3054 Guillelmo
1218 2987 1261 3053 de
1288 2987 1466 3071 Concosio,
1489 2990 1666 3073 Aquensis
1691 3011 1731 3056 ac
1788 2995 1790 2998 ’

360 3088 514 3156 Matheo
531 3089 660 3169 Rubeo,
678 3088 961 3174 Petragoricensis
977 3091 1193 3158 ecclesiarum
1209 3092 1390 3159 canonicis.

398 3236 464 3296 Bag.
480 3237 527 3308 Ar.
537 3237 574 3295 23,
588 3236 606 3283 f.
621 3236 678 3283 132¹
689 3251 695 3292 ;
708 3235 767 3284 vau
782 3237 819 3294 79,
832 3237 849 3285 f.
865 3239 930 3295 128¹,
943 3252 968 3285 u.
984 3238 1055 3287 1598.

410 3435 558 3518 1498.
1396 3467 1491 3530 1325,
1517 3468 1556 3531 13
1582 3470 1686 3513 murs

410 3553 513 3618 Petro
535 3552 680 3618 Thiandi
704 3553 746 3619 de
774 3552 921 3617 Didonia
936 3551 1105 3617 confertur
1123 3550 1342 3616 canonicatus
1361 3551 1503 3617 ecclesie
1527 3550 1731 3618 Morinensis

360 3660 426 3723 sub
439 3657 677 3743 expectatione
689 3655 870 3741 prebende,
886 3675 955 3720 non
967 3657 1125 3720 obstante
1137 3653 1227 3738 quod
1239 3654 1481 3739 parrochialem
1497 3654 1673 3720 ecclesiam
1688 3655 1731 3720 de

361 3760 493 3826 Sancto
505 3759 752 3845 Simphoriano,
767 3758 1020 3825 Xanctonensis
1035 3756 1187 3838 diocesis,
1202 3757 1260 3841 (30
1272 3757 1329 3823 lib.
1343 3764 1406 3823 tur.
1417 3758 1537 3843 paru),
1554 3759 1695 3825 obtinet.

410 3863 559 3950 Exigunt
576 3872 665 3929 tue...

409 3968 489 4032 Dat.
505 3969 605 4032 huin.
631 3988 648 4052 3
666 3967 708 4032 id.
725 3967 836 4032 martii
860 3988 948 4032 anno
965 3988 995 4047 9.

411 4070 451 4135 In
475 4092 503 4136 e.
520 4092 564 4136 m.
581 4071 742 4157 episcopo
763 4070 1032 4155 Vigintimiliensi
1049 4078 1083 4135 et
1110 4070 1240 4135 decano
1263 4069 1292 4133 S.
1315 4069 1509 4152 Audomari,
1530 4069 1732 4135 Morinensis

361 4175 520 4250 diocesis
537 4195 576 4240 ac
599 4174 758 4258 magistro
784 4174 963 4260 Ranulpho
987 4173 1111 4253 Satelli,
1136 4172 1300 4239 canonico
1325 4172 1601 4259 Compostellane
1624 4175 1732 4238 eccle-

361 4299 498 4346 siarum.

400 4417 462 4477 aeg.
477 4419 525 4463 xv.
538 4418 576 4474 23,
587 4416 604 4463 f.
617 4416 678 4462 237v
691 4431 696 4466 ;
710 4416 759 4463 vat
775 4418 812 4474 ro,
826 4416 843 4463 r.
858 4418 912 4474 122,
927 4430 953 4465 n.
970 4417 1039 4463 1574.
1090 4482 1093 4487 Ι

412 4601 557 4684 1499.
1063 4598 1065 4600 ’
1392 4633 1554 4696 1325,15
1582 4636 1686 4678 inars.

409 4719 592 4785 Guillelmo
607 4720 649 4784 de
661 4720 851 4805 Antigiaco‚
868 4720 1031 4785 canonico
1041 4719 1183 4785 ecclesie
1200 4720 1230 4784 S.
1245 4717 1427 4784 Donatiani
1444 4716 1631 4802 Brugensis,
1647 4716 1730 4783 Tor-

361 4823 520 4890 nacensis
544 4822 697 4903 diocesis
720 4823 910 4908 indulgetur
937 4833 973 4888 ut
1000 4844 1103 4908 usque
1128 4822 1170 4888 ad
1191 4822 1373 4887 triennium
1404 4822 1514 4888 studio
1544 4821 1728 4886 litterarum

360 4926 533 5007 insistens,
549 4926 675 4991 fructus
689 4927 930 5031 beneficiorum
940 4947 1075 4992 suorum
1085 4928 1212 5010 absque
1227 4925 1407 4993 residentia
1419 4925 1590 5012 percipere
1606 4926 1728 4991 valeat.

395 5147 423 5179 a.
436 5130 563 5194 capellum
578 5146 628 5193 req.
648 5131 696 5179 Ar.
708 5135 732 5178 et
750 5132 805 5182 Vol.
819 5160 851 5166 —
864 5133 885 5182 h.
899 5133 1024 5183 Morineu.
1038 5150 1087 5198 req,
