4409 6017
498 709 558 775 502
1044 709 1192 776 Huit'bme
1212 712 1314 778 annea.

495 856 606 942 risque
622 857 771 944 ipsorum
786 880 965 945 regnorum
992 860 1205 946 magnatibus
1226 859 1323 927 factis
1347 861 1527 947 impetrare
1547 860 1765 947 compulsus
1790 857 1869 925 fuist’

494 981 554 1047 per
576 960 646 1027 vim
680 971 715 1028 et
738 973 869 1030 metum
900 966 956 1050 qui
981 965 1101 1032 cadere
1124 974 1282 1052 poterant
1309 967 1342 1031 in
1369 973 1594 1032 constantem.
1626 963 1755 1049 Quare
1780 964 1867 1030 nobis

495 1064 665 1133 humiliter
688 1069 883 1156 supplicasti
908 1079 950 1136 ut*
971 1071 1165 1157 juramenta
1189 1071 1338 1156 quelibet
1361 1092 1420 1157 per
1446 1079 1482 1137 te
1508 1079 1544 1136 et
1570 1070 1683 1135 filium
1708 1077 1815 1137 tuum
1834 1088 1866 1134 ac

495 1169 850 1240 obsides-memoratos
865 1194 925 1241 seu
940 1173 1023 1241 alios
1039 1164 1258 1260 quoscunque
1272 1196 1373 1242 causa
1387 1195 1447 1241 seu
1461 1174 1641 1242 occasione
1658 1171 1867 1240 liberationis

494 1283 606 1342 vestre
621 1277 761 1362 prestita
774 1280 933 1362 relaxare,
948 1300 1026 1346 cum
1040 1282 1082 1346 ab
1097 1300 1215 1346 eorum
1230 1280 1443 1347 observantia
1465 1278 1606 1366 predicti
1626 1285 1752 1345 metus
1768 1277 1866 1344 illatio

496 1398 558 1445 vos
582 1390 728 1463 excuset,
749 1381 1009 1450 misericorditer
1037 1382 1261 1469 dignaremur.
1287 1383 1361 1451 Nos
1391 1384 1499 1469 igitur,
1526 1382 1614 1450 veris
1640 1382 1866 1452 existentibus

497 1483 707 1570 supradictis,
722 1486 789 1553 tuis
804 1487 1106 1575 supplicationibus
1121 1489 1284 1571 inclinati,
1296 1479 1489 1574 'juramenta
1511 1486 1670 1577 predicta
1683 1506 1754 1573 per
1769 1495 1817 1568 te,
1830 1487 1865 1552 ob
1908 1482 1909 1487 ’

496 1589 686 1678 predictum
702 1591 819 1659 mortis
833 1591 1019 1679 periculum
1034 1594 1240 1676 evitandum,
1250 1603 1412 1681 tuumque
1423 1594 1528 1660 filium
1540 1599 1575 1659 et
1586 1590 1732 1658 obsides
1744 1611 1866 1658 memo

498 1703 589 1766 rato's
613 1720 673 1767 seu
697 1721 926 1787 quoscumque
942 1701 1027 1768 alios
1041 1700 1157 1766 taliter
1171 1701 1321 1788 prestita,
1348 1700 1550 1768 auctoritate
1570 1698 1773 1786 apostolica
1792 1697 1867 1764 rela-
1908 1772 1909 1795 χ

499 1825 617 1871 xamus
642 1813 744 1892 teque
764 1814 800 1872 et
822 1806 897 1873 illos
920 1807 1122 1873 auctoritate
1145 1805 1297 1892 predicta
1319 1805 1530 1873 decernimus
1551 1804 1595 1871 ad
1609 1804 1867 1871 observantiam

495 1910 762 1997 juramentorum
777 1912 967 1996 hujusmodi
983 1932 1051 1977 non
1066 1911 1186 1979 teneri.
1204 1909 1297 1978 Nulli
1323 1931 1402 1996 ergo
1425 1920 1492 1978 etc.
1516 1916 1632 1977 nostre
1649 1908 1868 1978 relaxationis

500 2021 535 2081 et
551 2014 803 2082 constitutionis
820 2015 997 2103 instingere
1013 2025 1078 2083 etc.
1095 2016 1175 2082 Dat.
1190 2016 1292 2081 Avin.
1311 2034 1327 2100 5
1346 2013 1389 2081 id.
1401 2014 1485 2102 junii
1503 2034 1594 2083 anno
1611 2015 1643 2084 8.
1658 2036 1677 2080 n

535 2171 596 2235 Reg.
610 2174 658 2222 Av.
673 2176 711 2233 21,
724 2174 742 2222 f.
756 2175 800 2223 1³1
814 2190 819 2232 ;
832 2174 891 2224 vat.
905 2177 944 2234 77,
955 2175 974 2223 f.
987 2176 1053 2234 310',
1066 2187 1092 2223 n.
1111 2175 1183 2224 2035.

548 2364 892 2451 1346-1346ffl'.
1567 2398 1668 2465 1324,
1686 2400 1734 2446 ιο
1743 2379 1834 2464 jru'n.

545 2484 741 2568 Gautherio,
755 2485 824 2551 filio
833 2486 1005 2572 quondam
1016 2485 1191 2573 Flamengi
1207 2486 1249 2554 de
1262 2483 1390 2566 Laudo,
1401 2483 1526 2565 militis,
1537 2482 1719 2570 preposito
1732 2484 1869 2552 ecclesie

501 2590 763 2673 Cameracensis,
780 2590 971 2676 indulgetur
986 2600 1022 2657 ut
1038 2591 1192 2657 residens-
1203 2591 1235 2656 in
1250 2589 1484 2655 Cameracensi
1501 2589 1555 2653 vel
1568 2588 1599 2653 S.
1611 2586 1747 2656 Kiriaci
1761 2589 1869 2655 Pruri-

499 2694 613 2760 nensis
627 2703 686 2760 aut
700 2693 720 2773 J
723 2695 848 2761 otrensi
865 2694 1024 2774 ecclesiis,
1037 2695 1238 2760 Senouensis
1254 2704 1289 2759 et
1311 2691 1496 2758 Meldensis
1507 2691 1695 2775 diocesum,
1709 2695 1771 2760 vel
1784 2693 1869 2761 insis-

501 2806 577 2864 tens
593 2799 624 2864 in
651 2798 763 2865 studio
778 2798 924 2884 generali
941 2806 999 2864 aut
1014 2798 1105 2884 apud
1121 2798 1242 2864 Sedem
1258 2796 1490 2883 apostolicam,
1514 2795 1641 2862 fructus
1658 2797 1871 2885 prepositure

502 2902 754 2969 Cameracensis
762 2923 803 2969 ac
814 2903 1074 2970 canonicatuum
1090 2911 1126 2968 et
1140 2901 1385 2989 prebendarum
1402 2901 1550 2986 ejusdem
1564 2899 1829 2969 Cameracensis
1841 2910 1871 2967 et

501 3005 640 3072 aliarum
656 3006 873 3074 ecclesiarum
888 3026 970 3092 quas
985 3006 1118 3073 obtinet
1142 3026 1276 3073 necnon
1291 3013 1326 3070 et
1345 3005 1486 3071 aliorum
1501 3003 1754 3071 beneficiorum
1770 3007 1870 3073 eccle-

501 3112 710 3178 siasticorum
727 3133 831 3198 usque
848 3112 890 3178 ad
905 3112 1086 3179 triennium
1102 3112 1273 3198 percipere
1289 3112 1409 3177 valeat.
1908 3096 1909 3137 ³

545 3215 768 3301 suffragantia
783 3218 855 3281 tibi.
864 3268 885 3280 ..

546 3320 625 3385 Dat.
642 3321 741 3386 Avin.
758 3343 777 3405 4
795 3321 838 3386 id.
852 3321 935 3405 junii
952 3341 1065 3386 annno
1082 3323 1112 3386 8.

544 3423 583 3488 In
600 3444 687 3490 em.
703 3425 863 3510 magistro
887 3424 1036 3503 Johanni
1060 3425 1102 3490 de
1129 3425 1245 3510 Regio,
1261 3424 1434 3510 preposito
1459 3422 1660 3504 Parmensis,
1678 3432 1715 3489 et
1742 3425 1868 3492 Oberto

499 3529 655 3610 Todisco,
672 3528 857 3610 Trecensis,
874 3550 913 3596 ac
939 3528 1070 3595 Oberto
1093 3529 1136 3594 de
1165 3527 1425 3594 Vicecomitibus
1452 3527 1494 3592 de
1525 3525 1714 3608 Placentia,
1736 3530 1867 3595 Ambia-

500 3634 613 3700 nensis
629 3633 799 3700 canonicis
815 3634 1042 3700 ecclesiarum.

533 3785 594 3846 Reg.
607 3787 654 3832 Ar.
670 3786 709 3841 21,
725 3784 742 3831 f.
758 3784 805 3829 197
819 3781 894 3831 :Vnt
909 3783 947 3839 rt,
960 3782 978 3829 f.
994 3783 1050 3839 234,
1064 3795 1090 3829 n.
1108 3782 1178 3829 torst.

546 3978 685 4042 1346111.
702 4010 745 4021 -
769 3973 889 4040 Eidem
914 3972 1100 4039 Gautherio
1127 3970 1294 4037 confertur
1319 3969 1537 4035 canonicatus
1565 3969 1714 4036 ecclesie
1744 3972 1866 4040 Torna-

501 4079 608 4144 censis
632 4081 693 4144 sub
719 4078 956 4163 expectatione
981 4076 1161 4164 prebende,
1177 4095 1246 4141 non
1272 4078 1428 4140 obstante
1455 4073 1546 4158 quod
1568 4073 1602 4138 in
1626 4073 1867 4144 Cameracensi

501 4183 743 4270 preposituram
770 4203 811 4248 ac
837 4183 870 4247 in
895 4181 1014 4247 eadem
1042 4179 1275 4246 Cameracensi
1303 4187 1337 4244 et
1364 4178 1396 4243 S.
1422 4176 1555 4244 Kuriaci
1583 4177 1810 4248 Pruvinensis
1832 4199 1866 4246 ac

499 4288 677 4372 Jautrensi,
704 4287 908 4353 Senonensis
934 4295 969 4352 et
995 4284 1180 4351 Meldensis
1206 4282 1388 4361 diocesum,
1413 4283 1563 4348 ecclesiis
1589 4284 1821 4352 canonicatus
1836 4293 1865 4350 et

499 4395 687 4481 prebendas
704 4395 846 4460 obtinet.

542 4497 606 4564 Tui
623 4499 820 4565 nobilitas...

545 4603 623 4669 Dat.
639 4603 738 4668 Avin.
756 4624 775 4686 4
792 4601 835 4666 id.
849 4600 932 4686 junii
949 4619 1039 4665 anno
1056 4601 1086 4664 8.

545 4707 585 4771 In
601 4728 630 4772 e.
642 4727 687 4773 m.
700 4706 811 4772 abbati
824 4704 1017 4771 monasterii
1030 4702 1061 4768 S.
1074 4702 1215 4767 Auberti
1226 4701 1476 4766 Cameracensis
1488 4710 1522 4765 et
1532 4699 1551 4778 J
1555 4703 1667 4767 acobo
1678 4702 1725 4769 de
1738 4703 1862 4771 Mutina

500 4832 540 4877 ac
555 4810 704 4876 Amaldo
721 4809 875 4895 Laghuti,
892 4806 1060 4874 canonicis
1076 4804 1327 4872 Cameracensis
1343 4804 1493 4870 ecclesie.

533 4974 594 5034 Reg.
606 4977 653 5021 Ar.
666 4975 703 5031 31,
717 4974 734 5021 1.
748 4975 824 5029 352v;
840 4972 897 5020 1'at.
911 4973 949 5029 88,
965 4971 981 5019 1.
995 4972 1047 5028 118,
1061 4970 1193 5033 unauna.

529 5181 554 5214 a.
566 5180 596 5212 ea
609 5177 713 5227 marpe:
725 5162 833 5210 attende
845 5162 877 5210 de
890 5170 982 5211 octavo
994 5176 1069 5209 anno.
