4409 6017
514 717 581 784 aaa
1054 721 1223 803 cinquitmo
1243 731 1346 789 annu.

562 865 656 934 Sedis
670 869 895 956 apostolice...

562 970 643 1040 Dat.
658 974 759 1041 Avin.
773 995 791 1059 3
808 975 852 1041 id.
860 974 933 1060 julii
950 995 1040 1042 anno
1059 993 1087 1060 5.

563 1076 603 1142 In
619 1099 648 1144 e.
664 1099 709 1144 m.
723 1080 978 1167 archiepiscopo
994 1078 1192 1146 Bituricensi
1209 1087 1244 1146 et
1258 1080 1419 1166 episcopo
1435 1078 1660 1145 Noviomensi
1685 1098 1726 1146 ac
1752 1079 1862 1145 decano

518 1182 661 1248 ecclesie
677 1182 883 1253 Parisiensis.

551 1331 612 1393 neg.
627 1334 674 1383 xv.
690 1335 729 1394 15,
742 1335 762 1383 r.
777 1336 851 1394 saar,
863 1335 923 1387 vn.
938 1339 979 1398 ra,
993 1338 1012 1388 r.
1028 1339 1099 1397 aaa,
1110 1352 1137 1388 n.
1153 1338 1223 1387 1541.

561 1532 677 1617 992.
694 1630 696 1634 ι
1551 1571 1646 1637 1321,
1663 1572 1706 1637 14
1716 1550 1830 1634 juillet.

563 1651 729 1740 Magistro
738 1655 871 1724 Thome
881 1657 1036 1727 Guiducii
1052 1660 1094 1726 de
1112 1658 1259 1741 Perusio,
1275 1680 1362 1746 pape
1378 1657 1541 1746 scriptori,
1557 1658 1730 1724 confertur
1746 1652 1862 1724 canoni·

519 1764 613 1826 catus
623 1761 765 1827 ecclesie
777 1761 808 1827 S.
820 1762 914 1829 Pauli
928 1762 1124 1831 Leodiensis
1135 1767 1195 1831 sub
1207 1765 1443 1852 expectatione
1452 1764 1632 1852 prebende,
1643 1783 1714 1829 non
1724 1765 1862 1830 obstante

519 1866 610 1950 quod
626 1864 658 1932 S.
678 1866 799 1952 Angeli
822 1866 865 1932 de
890 1867 996 1934 Plano
1012 1868 1139 1935 Vitiani
1160 1878 1195 1936 et
1219 1869 1251 1935 S.
1268 1868 1404 1936 Proveti
1419 1869 1461 1935 de
1480 1868 1605 1950 Aflore,
1624 1867 1786 1935 Perusine
1807 1864 1863 1931 dio·

519 1972 613 2053 cesis,
629 1971 788 2037 ecclesias
803 1971 874 2037 sine
890 1992 968 2039 cura
985 1973 1042 2059 (18
1059 1973 1131 2040 flor.
1147 1974 1234 2059 auri)
1250 1974 1392 2041 obtinet.
1461 2049 1464 2055 ,

566 2077 639 2144 Etsi
652 2076 793 2143 Sedes...

566 2185 645 2250 Dat.
661 2183 759 2248 Avin.
777 2204 794 2248 2
812 2182 855 2249 id.
868 2182 940 2267 julii
957 2202 1049 2249 anno
1066 2201 1095 2267 5.

563 2288 604 2354 ln
630 2308 659 2353 e.
686 2309 731 2352 m.
759 2284 961 2372 Maguntine
976 2296 1011 2352 et
1028 2285 1249 2353 Massiliensis
1263 2307 1303 2352 ac
1317 2286 1563 2351 Avenionensis
1578 2285 1759 2373 prepositis
1774 2288 1863 2353 eccle·

521 2412 653 2459 siarum.

554 2541 616 2603 Reg.
630 2542 678 2589 Ar.
694 2542 733 2599 16,
748 2540 766 2589 i.
781 2540 828 2588 474
841 2554 848 2596 3
860 2538 920 2587 Vnt.
934 2538 1007 2598 72,1.
1022 2539 1079 2597 280,
1092 2551 1120 2587 n.
1135 2538 1205 2588 1603.

564 2748 681 2834 993·
1553 2781 1648 2844 1321,
1662 2765 1711 2826 28
1716 2760 1833 2844 juillet

564 2866 711 2944 Johanni
738 2868 922 2937 Franconis
952 2867 995 2935 de
1027 2868 1205 2953 Nethenis,
1231 2868 1354 2935 clerico
1380 2867 1576 2936 Leodiensis
1598 2866 1754 2950 diocesis,
1777 2884 1867 2932 reser-

521 2981 618 3039 vatur
643 2974 844 3040 beneficium
868 2974 1130 3041 ecclesiasticum
1156 2974 1304 3040 seculare
1321 2973 1364 3041 ad
1387 2972 1604 3040 collationem
1627 2972 1779 3058 episcopi
1795 2970 1868 3036 Leo

520 3076 643 3143 diensis
657 3079 715 3163 (60
731 3080 787 3144 lib.
798 3086 861 3145 tur.
871 3080 994 3165 paru),
1004 3100 1073 3144 non
1089 3082 1247 3145 obstante
1263 3076 1355 3164 quod
1369 3077 1572 3144 beneficium
1587 3078 1738 3143 seculare
1753 3077 1798 3143 ad
1812 3077 1869 3143 col-

521 3184 683 3251 lationem
698 3184 865 3251 abbatisse
880 3184 1075 3251 monasterii
1091 3183 1134 3250 de
1151 3184 1314 3269 Ramaya,
1326 3183 1450 3251 ordinis
1460 3181 1699 3264 Cisterciensis,
1711 3183 1801 3250 dicte
1811 3182 1869 3247 dio

527 3292 622 3374 cesis,
639 3297 811 3378 expectat.

566 3396 639 3462 Tue
654 3394 817 3460 merita...

566 3500 645 3568 Dat.
661 3500 761 3565 Avin.
780 3518 796 3583 5
814 3497 881 3565 kal.
897 3496 1028 3583 augusti
1044 3516 1135 3562 anuo
1153 3515 1182 3582 5.

566 3606 607 3672 In
623 3628 652 3672 e.
668 3627 713 3670 m.
741 3604 772 3669 S.
789 3601 882 3668 Pauli
911 3600 1108 3668 Leodiensis
1132 3608 1167 3666 et
1188 3600 1220 3665 S.
1237 3599 1327 3664 Petri
1343 3600 1569 3685 Aycuriensis,
1586 3599 1787 3668 Leodiensis
1812 3602 1870 3667 dio-

523 3711 617 3793 cesis,
633 3730 673 3776 ac
689 3707 816 3775 cantori
829 3704 1053 3791 Lingonensis
1068 3704 1295 3769 ecclesiarum.

556 3859 617 3919 Reg.
632 3860 680 3906 Av.
697 3857 765 3915 lut
780 3856 848 3915 519¹,
862 3868 888 3903 n.
904 3855 967 3901 1676
979 3853 1053 3910 ;Vat.
1068 3855 1109 3913 72,
1123 3853 1141 3900 f.
1157 3852 1214 3911 298,
1229 3866 1253 3902 n.
1272 3853 1342 3901 1666.

568 4055 690 4140 994.
1560 4089 1655 4152 1321,
1662 4089 1709 4153 31
1720 4067 1837 4151 juillet.

551 4216 553 4220 ·
570 4177 693 4243 Mileto
707 4176 750 4242 de
767 4171 891 4240 Meldis
906 4172 1076 4239 confertur
1094 4174 1311 4240 canonicatus
1326 4174 1466 4240 ecclesie
1482 4173 1514 4240 S.
1530 4172 1665 4240 Nicolai
1693 4174 1727 4239 in
1743 4173 1874 4240 claustro

523 4281 761 4349 Ambianensis
785 4281 845 4345 sub
861 4278 1097 4364 expectatione
1112 4279 1293 4365 prebende,
1320 4300 1389 4345 non
1414 4281 1572 4345 obstante
1587 4277 1679 4365 quod
1696 4278 1729 4343 in
1746 4277 1778 4344 S.
1795 4271 1873 4341 Pauli

525 4387 723 4456 Leodiensis
738 4384 974 4452 canonicatum
990 4392 1025 4450 et
1039 4385 1245 4471 prebendam
1262 4384 1394 4451 obtinet
1415 4394 1450 4450 et
1477 4384 1509 4449 in
1530 4383 1667 4451 Barensi
1695 4406 1735 4452 ac
1757 4382 1872 4466 Hugar·

524 4493 629 4577 densi,
642 4489 839 4558 Leodiensis
855 4487 1007 4570 diocesis,
1024 4489 1175 4556 ecclesiis
1191 4489 1224 4555 in
1240 4490 1440 4557 canonicum
1465 4491 1526 4556 sub
1552 4490 1789 4577 expectatione
1813 4505 1871 4573 pre·

523 4599 709 4667 bendarum
724 4604 777 4662 est
790 4601 956 4679 receptus.

569 4704 693 4772 Merita
703 4710 803 4768 tue...

532 4833 534 4837 ·
568 4811 647 4877 Dat.
662 4807 764 4873 Avin.
782 4827 799 4871 2
815 4803 882 4873 kal.
899 4805 1030 4892 augusti
1046 4824 1138 4872 anno
1150 4824 1179 4891 5.

568 4914 609 4981 In
626 4936 655 4981 e.
671 4934 716 4980 rn.
733 4911 894 4999 episcopo
911 4908 1075 4976 Brixiensi
1091 4917 1127 4975 et
1138 4909 1268 4976 decano
1291 4928 1331 4975 ac
1346 4907 1506 4993 magistro
1521 4907 1541 4986 J
1545 4908 1670 4975 ohanni
1694 4911 1737 4976 de
1761 4909 1862 4991 Grays·

523 5027 601 5103 sart,
615 5016 778 5085 canonico
794 5016 935 5082 ecclesie
951 5013 1198 5081 Ambianensis.

560 5169 624 5229 Reg.
639 5168 687 5214 Ar.
704 5166 742 5224 15,
756 5164 774 5215 f.
788 5166 853 5224 501¹,
863 5178 889 5215 n.
903 5165 963 5213 1631
978 5180 984 5221 ;
997 5163 1057 5213 Vat.
1072 5165 1112 5223 72,
1127 5163 1145 5213 1.
1161 5165 1201 5223 22,
1216 5179 1242 5214 n.
1258 5166 1313 5212 768.

1903 5147 1907 5250 Ι
