4409 6017
884 676 1032 749 lluititne
1052 667 1155 746 annea.
1641 665 1704 743 lna

341 838 382 896 tu
399 832 453 896 vel
462 831 676 918 deputandus
691 851 750 897 seu
765 829 948 918 deputandi
963 840 976 865 ⁶
991 827 1132 915 predicti
1148 827 1191 894 de
1206 827 1270 893 biis
1283 847 1347 912 que
1356 815 1403 893 -tu
1414 818 1469 894 'vel
1485 827 1547 923 ipsi
1563 810 1706 913 'recepis-

342 935 427 1001 setis
441 935 574 1002 ratione
590 934 779 1022 hujusmodi
795 933 965 1014 cessionis
981 953 1041 999 eos
1055 953 1075 999 a
1097 932 1217 1016 quibus
1236 920 1299 997 'illa
1316 931 1465 1018 recipere
1489 952 1550 997 vos
1575 930 1705 997 contin·

341 1048 449 1122 geret,
462 1040 636 1125 quitaretis
645 1049 680 1106 et
689 1040 792 1105 etiam
802 1037 1029 1119 absolveretis,
1041 1058 1101 1125 per
1112 1037 1193 1103 alias
1204 1044 1337 1103 nostras
1352 1036 1434 1101 certi
1441 1037 1572 1107 tenoris
1580 1035 1708 1100 litteras

343 1145 481 1230 plenam
497 1143 725 1210 commisimus
740 1150 775 1208 et
789 1141 942 1209 dedimus
968 1141 1176 1208 facultatem.
1193 1139 1346 1225 Cumque
1374 1147 1413 1204 tu
1438 1160 1537 1226 super
1551 1138 1709 1226 predictis

344 1246 526 1332 diligenter
547 1247 733 1335 procedens
756 1246 798 1312 de
821 1245 920 1312 bonis
943 1265 983 1311 ac
1007 1244 1129 1321 debitis
1153 1252 1189 1311 et
1215 1242 1348 1310 creditis
1370 1243 1529 1330 predictis
1544 1263 1564 1308 a
1578 1243 1710 1309 dilectis

346 1350 426 1416 filiis
439 1401 465 1416 ..
482 1353 604 1417 abbate
626 1359 661 1417 et
673 1387 676 1392 ·
688 1358 859 1417 'conventu
882 1348 1076 1415 monasterii
1105 1348 1138 1414 S.
1165 1346 1312 1414 Bavonis
1338 1346 1535 1427 Gandensis,
1552 1346 1594 1412 O.
1610 1346 1643 1412 S.
1659 1345 1709 1430 B,

347 1454 575 1521 Tomacensis
589 1454 742 1536 diocesis,
767 1472 899 1520 necnon
924 1452 1078 1519 Galvano
1102 1451 1210 1533 Galle,
1226 1452 1300 1518 cive
1313 1451 1460 1533 Astensi,
1477 1456 1710 1518 commorante

348 1558 385 1622 in
409 1557 512 1645 opido
538 1558 580 1625 de
605 1559 708 1640 Allcs,
725 1556 920 1624 Leodiensis
935 1554 1086 1637 diocesis,
1097 1565 1138 1622 et
1154 1555 1227 1621 aliis
1243 1555 1413 1622 nonnullis
1427 1555 1507 1622 dicti
1535 1553 1711 1622 Benedicti

348 1661 558 1728 debitoribus
572 1662 615 1728 de
630 1664 760 1743 Alosto,
777 1659 1032 1727 Cameracensis
1047 1659 1199 1743 diocesis,
1215 1679 1275 1745 per
1289 1664 1324 1724 te
1340 1680 1398 1724 seu
1413 1659 1521 1726 alium¹
1531 1660 1585 1724 tel
1600 1658 1713 1724 aliosa

349 1773 387 1830 te
412 1785 511 1852 super
534 1767 600 1835 hoc
624 1766 814 1852 deputatos,
851 1783 1000 1830 summas
1026 1763 1242 1849 pecuniarum
1279 1763 1445 1849 receperis
1479 1763 1712 1849 infrascriptas,

349 1869 510 1937 videlicet
523 1883 553 1934 'a
568 1869 666 1936 dictis
679 1871 811 1936 'abbate
838 1877 873 1935 et
884 1871 1067 1933 vconventu
1089 1888 1151 1955 pro
1166 1867 1350 1953 nonaginta
1375 1887 1442 1935 una
1457 1868 1514 1934 lib.
1529 1888 1632 1954 gross.
1648 1876 1713 1932 tur.

350 1972 492 2056 argenti,
519 1973 611 2038 mille
637 1973 800 2040 ducentos
829 1972 901 2037 flor.
935 1971 978 2037 de
1004 1970 1177 2037 Florentia
1206 1992 1245 2038 ac
1271 1971 1436 2039 ducentos
1471 1971 1714 2058 quinquaginta

351 2075 508 2142 denarios
523 2076 565 2142 ad
580 2097 725 2142 massam
750 2076 819 2143 auri
846 2085 881 2142 et
907 2084 974 2141 tres
998 2083 1061 2141 tur.
1086 2095 1188 2160 gross.
1212 2083 1248 2140 et
1263 2074 1347 2140 duos
1373 2065 1549 2162 sterlingos
1575 2075 1714 2160 argenti,

352 2190 439 2244 eta
466 2178 596 2265 prefato
622 2179 799 2246 Galvanno
829 2178 928 2245 Gallo
959 2197 1020 2265 pro
1046 2178 1222 2265 sexaginta
1252 2178 1309 2244 lib.
1340 2186 1404 2245 tur.
1434 2200 1538 2265 gross.
1576 2177 1715 2263 argenti,

352 2284 586 2369 septingentos
600 2285 786 2370 nonaginta
800 2294 880 2351 octo
895 2283 966 2350 flor.
989 2282 1023 2348 di
1052 2282 1224 2349 Florentia
1250 2292 1286 2349 et
1309 2283 1472 2350 ducentos
1496 2283 1716 2369 quadraginta

352 2388 509 2454 denarios
524 2389 566 2454 ad
582 2409 705 2474 agnum
721 2389 801 2471 auri,
817 2408 951 2455 necnon
966 2395 1001 2452 et
1016 2408 1036 2453 a
1050 2385 1210 2474 predictis
1225 2387 1432 2468 debitoribus
1446 2386 1489 2453 de
1512 2388 1633 2454 Alosto
1656 2407 1716 2473 pro

354 2492 474 2577 rigiuti
490 2513 547 2558 sex
564 2493 619 2559 lib.
636 2501 699 2559 tur.
715 2513 818 2578 gross.
834 2492 974 2578 argenti,
989 2490 1155 2556 ducentos
1170 2490 1241 2557 flor.
1258 2491 1328 2556 auri
1344 2491 1386 2557 de
1404 2491 1575 2558 Florentia
1590 2500 1625 2557 et
1640 2511 1716 2565 cen-

354 2605 430 2661 tum
445 2604 525 2662 octo
540 2596 583 2662 ad
599 2616 722 2682 agnum
738 2606 774 2663 et
789 2596 986 2682 octuaginta
1009 2594 1052 2661 ad
1076 2613 1230 2660 massam·
1246 2594 1401 2661 denarios
1423 2616 1550 2676 aureos,
1574 2604 1717 2680 quatuor

354 2708 419 2765 tur.
431 2719 573 2784 grossos,
585 2721 687 2765 unum
703 2700 900 2785 sterlingum
915 2698 1063 2784 argenti;
1077 2718 1142 2783 que
1158 2698 1294 2782 quidem
1310 2720 1440 2765 summe
1455 2700 1490 2765 in
1505 2720 1609 2766 unam
1621 2698 1718 2765 dicti-

356 2824 423 2887 que
439 2802 609 2888 sterlingui
623 2804 665 2870 ad
680 2812 790 2870 turon.
805 2821 937 2888 grossos
959 2803 1087 2889 argenti
1108 2801 1236 2868 reducti
1251 2823 1418 2869 summam
1434 2803 1562 2870 faciunt
1576 2803 1719 2869 duorum

357 2905 487 2970 milium
502 2916 640 2972 centurn
650 2908 836 2992 nonaginta
849 2916 928 2974 octo
939 2906 1010 2973 flor.
1023 2907 1092 2972 auri
1105 2907 1147 2972 de
1160 2904 1333 2972 Florentia
1345 2927 1386 2973 ac
1396 2916 1625 2975 trecentorum
1637 2927 1719 2992 qua·

357 3010 512 3095 draginta
527 3021 606 3077 octo
622 3011 665 3077 ad
681 3032 804 3097 agnum
820 3032 860 3078 ac
875 3020 1102 3077 trecentorum
1115 3010 1252 3095 triginta
1263 3010 1306 3076 ad
1316 3032 1460 3098 massam
1469 3011 1582 3077 denar.
1598 3011 1667 3077 auri
1684 3019 1719 3076 et

359 3123 441 3180 octo
452 3123 516 3181 tur.
528 3135 630 3199 gross.
643 3115 783 3200 argenti,
796 3123 831 3180 et
841 3135 1008 3180 summam
1021 3113 1238 3200 pecuniarum
1247 3113 1437 3199 hujusmodi
1449 3123 1563 3196 nostre
1579 3113 1719 3180 Camere

359 3206 414 3284 die
430 3218 507 3283 date
523 3219 728 3311 presentium
743 3217 876 3302 duxeris
891 3217 1136 3302 assignandam,
1152 3217 1249 3282 nobis
1272 3217 1445 3283 humiliter¹
1464 3219 1658 3306 supplicasti
1683 3228 1720 3284 ut

358 3322 421 3387 tibi
437 3322 612 3408 providere
628 3321 670 3388 de
686 3323 817 3388 cautele
833 3321 1029 3388 sufficientis
1045 3320 1193 3387 remedio
1209 3320 1386 3407 superbiis
1401 3321 1623 3407 dignaremur.
1647 3321 1720 3396 Nos

360 3434 475 3492 autem
489 3425 647 3512 petitioni
668 3433 726 3491 tue
741 3424 967 3492 favorabiliter
983 3445 1081 3510 super
1097 3423 1160 3490 hiis
1184 3434 1383 3506 annuentes,
1400 3425 1670 3510 recognoscimus
1685 3435 1720 3492 et

361 3529 505 3596 fatemur
520 3537 555 3594 te
567 3529 657 3596 dicta
672 3529 739 3595 duo
754 3529 846 3594 milia
861 3537 997 3595 centum
1014 3528 1197 3612 nonaginta
1209 3536 1289 3593 octo
1303 3527 1375 3594 flor.
1390 3530 1460 3593 auri
1476 3528 1518 3594 de
1536 3529 1719 3609 Florentia,

361 3641 534 3699 trecentos
548 3632 771 3717 quadraginta
786 3643 866 3698 octo
882 3632 925 3697 ad
951 3652 1075 3717 agnum
1094 3640 1129 3697 et
1154 3639 1324 3697 trecentos
1350 3631 1486 3716 triginta
1512 3632 1555 3697 ad
1577 3653 1721 3698 massam

361 3738 477 3803 denar.
490 3736 559 3801 auri
571 3744 606 3803 et
616 3745 695 3803 octo
707 3748 817 3802 turon.
829 3757 932 3821 gross.
942 3735 1070 3821 argenti
1078 3736 1121 3800 de
1130 3734 1229 3800 bonis
1238 3755 1277 3801 ac
1289 3734 1410 3802 debitis
1420 3744 1455 3801 et
1465 3736 1599 3803 creditis
1609 3757 1722 3822 supra·

360 3841 463 3908 dictis
477 3841 574 3906 nobis
590 3849 624 3906 et
640 3840 781 3907 ecclesie
795 3840 947 3906 Romane
960 3860 1019 3925 per
1030 3840 1175 3906 eundem
1186 3838 1409 3905 Benedictum
1419 3839 1552 3906 donatis
1562 3849 1596 3905 et
1612 3841 1722 3921 cessis,

361 3955 400 4010 ut
413 3944 628 4031 premittitur,
643 3952 678 4010 et
693 3944 820 4010 adictis
835 3943 1041 4009 debitoribus
1057 3942 1185 4009 exactis
1200 3952 1235 4008 et
1254 3943 1407 4029 receptis,
1417 3935 1570 4030 predicte
1583 3943 1724 4010 Camere

361 4049 569 4134 integraliter
584 4048 778 4132 assignasse.
796 4046 848 4112 De
865 4048 984 4132 quibus
999 4046 1129 4113 duobus
1144 4047 1277 4113 milibus
1292 4055 1428 4112 centum
1444 4049 1629 4132 nonaginta
1646 4058 1724 4114 octo

362 4154 437 4219 flor.
453 4152 533 4233 auri,
549 4152 709 4218 trecentis
724 4152 944 4237 quadraginta
968 4162 1048 4217 octo
1072 4149 1116 4216 ad
1139 4171 1262 4236 agnum
1290 4159 1325 4214 et
1349 4152 1507 4217 trecentis
1529 4153 1666 4236 triginta
1683 4152 1726 4218 ad

362 4278 510 4323 massam
536 4255 679 4321 denariis
702 4256 770 4321 auri
787 4266 822 4320 et
838 4264 917 4321 octo
933 4265 1042 4321 turon.
1058 4275 1161 4340 gross.
1178 4255 1319 4340 argenti,
1336 4255 1446 4320 eidem
1463 4255 1615 4336 Camere,
1640 4256 1726 4322 sicut

362 4360 557 4451 predicitur,
574 4360 760 4444 assignatis,
786 4370 870 4425 teet
887 4360 999 4426 omnia
1014 4361 1103 4425 bona
1126 4368 1184 4424 tua
1208 4368 1370 4445 perpetuo
1385 4360 1590 4425 absolvimus
1606 4368 1640 4425 et
1656 4361 1726 4444 qui-

361 4481 487 4534 tamus.
504 4465 583 4533 Dat.
599 4466 699 4532 Avin.
716 4468 734 4530 8
753 4465 795 4530 id.
812 4465 889 4528 maii
906 4485 995 4529 anno
1013 4466 1042 4529 8.
1059 4488 1076 4526 n

345 4616 350 4623 ·
400 4587 462 4645 ch.
474 4587 533 4636 Vnt.
551 4589 604 4635 112.
614 4601 673 4649 pars
685 4587 705 4645 l,
718 4587 736 4634 f.
751 4587 803 4642 101,
817 4601 841 4634 n.
855 4586 910 4632 llll.

414 4732 554 4817 1333-
1244 4777 1247 4785 ·
1435 4767 1452 4808 1
1478 4765 1510 4806 2.
1548 4766 1566 4808 1
1605 4747 1683 4811 artai.

413 4849 578 4935 Magistro
593 4850 722 4929 Jacobo
738 4852 780 4915 de
807 4849 952 4929 Mutina,
976 4849 1140 4914 canonico
1167 4848 1411 4929 Cameracensi,
1427 4765 1727 4935 pgpgycajpellanO,

361 4954 566 5023 conceditur
582 4956 721 5021 facultas
736 4954 894 5021 testandi.

397 5127 427 5158 a.
441 5098 618 5173 deputandum
627 5125 670 5160 scu
682 5111 845 5175 deputandos
855 5127 904 5173 rag.
