4409 6017
423 686 485 750 340
956 676 1124 754 Quatrilme
1144 676 1247 742 annae.

467 830 667 897 Devotionis
682 837 780 895 tue...

468 937 547 1003 Dat.
563 934 663 999 Avin.
681 954 699 1017 3
716 932 782 999 kal.
795 931 879 1016 junii
896 950 986 996 anno
1001 953 1032 1015 4.

467 1039 507 1104 ln
524 1060 553 1103 e.
569 1059 614 1103 m.
630 1037 788 1122 episcopo
805 1034 1025 1100 Maeloviensi
1052 1043 1086 1099 et
1113 1034 1243 1100 decano
1259 1034 1466 1101 Pictavensis
1489 1054 1531 1099 ac
1553 1030 1773 1099 archidiacono

424 1145 456 1210 S.
473 1141 662 1227 Margarete
678 1139 853 1206 Trecensis
864 1138 1090 1204 ecclesiarum.

457 1283 517 1343 ch.
529 1281 589 1329 Vat,
601 1281 640 1340 70,
652 1280 670 1329 i.
683 1280 739 1340 356,
751 1293 776 1327 n.
791 1279 847 1326 803.

466 1446 582 1530 836.
1486 1477 1585 1539 1320,
1604 1476 1646 1519 12
1656 1454 1739 1538 juin.

464 1565 625 1644 Amaldo,
642 1562 673 1626 S.
691 1560 860 1625 Eustachii
876 1559 1020 1625 diacono
1036 1560 1204 1643 cardinali,
1221 1560 1417 1627 conceditur
1441 1560 1584 1626 facultas
1607 1556 1774 1646 recipiendi

421 1667 661 1754 resignationes
676 1664 895 1731 canonicatus
911 1671 946 1729 et
961 1665 1131 1750 prebende
1155 1665 1296 1731 ecclesie
1321 1664 1498 1731 Remensis
1523 1684 1545 1730 a
1565 1662 1585 1742 J
1589 1664 1732 1744 ohanne,
1750 1661 1775 1725 S.

421 1771 590 1838 Theodori
607 1770 749 1835 diacono
765 1768 933 1849 cardinali,
949 1777 984 1834 et
1000 1770 1293 1836 archidiaconatus
1315 1769 1456 1836 ecclesie
1481 1766 1744 1833 Conventrensis
1761 1786 1776 1831 a

422 1875 589 1942 Richardo
599 1872 824 1941 deAnibaldis
839 1872 881 1937 de
898 1871 1002 1954 Urbe,
1018 1895 1117 1940 causa
1132 1875 1389 1961 permutationis
1405 1872 1588 1954 faciendas,
1613 1871 1777 1955 dictosque
1819 1933 1821 1964 ,

420 1981 657 2055 canonicatum
680 1986 715 2042 et
741 1976 946 2063 prebendam
970 1998 1009 2043 ac
1035 1979 1345 2045 archidiaconatum
1369 1980 1464 2064 juxta
1499 1976 1777 2063 permutationem
1818 1967 1821 2006 ³

420 2085 508 2150 hanc
522 2080 726 2162 conferendi,
743 2100 813 2146 non
827 2083 983 2147 obstante
999 2083 1089 2167 quod
1105 2083 1215 2149 dictus
1232 2084 1393 2150 Ricardus
1409 2083 1442 2147 in
1458 2080 1694 2163 Lateranensi,
1709 2080 1777 2146 Lin-

421 2188 592 2269 colniensi,
607 2186 836 2267 Ambianensi,
852 2185 1088 2254 Cameracensi
1105 2196 1140 2253 et
1164 2188 1368 2255 Tomacensi
1395 2189 1546 2256 ecclesiis
1569 2189 1778 2256 canonicatus

420 2303 456 2360 et
470 2293 658 2381 prebendas
672 2291 813 2357 obtinet.

465 2396 688 2462 Cumsicut...

462 2502 542 2567 Dat.
558 2501 657 2565 Avin.
675 2523 692 2565 2
711 2501 754 2566 id.
766 2499 850 2586 junii
868 2519 959 2563 anno
976 2519 1006 2581 4.

452 2643 572 2703 1111111,
588 2644 624 2698 is,
636 2642 653 2689 1.
667 2643 741 2694 loru
755 2640 814 2689 11111.
831 2641 868 2698 ro,
882 2640 900 2686 1.
914 2640 968 2697 aar,
982 2653 1006 2686 n.
1020 2638 1075 2684 ora.

463 2809 576 2893 837.
1294 2818 1414 2903 [avant
1429 2817 1459 2881 le
1475 2836 1515 2899 14
1526 2815 1605 2898 jum
1624 2816 1738 2903 1320]Ι

461 2927 646 2993 Gaucelmo
661 2924 818 2990 cardinali
834 2923 986 2989 scribitur
999 2931 1035 2987 ut
1045 2922 1087 2988 ad
1097 2921 1334 3008 perficiendam
1344 2942 1464 3007 pacem
1475 2921 1563 2986 inter
1577 2920 1780 3009 Philippum,

341 3098 343 3101 ,
417 3053 529 3118 regern
547 3030 697 3110 Francie,
713 3039 747 3094 et
764 3027 985 3093 Flandrenses
1001 3027 1034 3091 in
1049 3027 1198 3113 partibus
1213 3026 1277 3091 illis
1292 3033 1474 3091 remaneat.

465 3206 481 3245 (1
500 3182 634 3246 Dilecto
659 3180 727 3244 filio
751 3178 985 3265 G[aucclmo],
1001 3178 1090 3243 tituli
1108 3179 1306 3244 Sanctorum
1329 3178 1519 3243 Marcellini
1535 3187 1570 3244 et
1587 3178 1680 3245 Petri
1696 3200 1784 3266 pres·

419 3285 526 3349 bitero
542 3284 710 3363 cardinali,
728 3284 825 3348 Sedis
841 3283 1026 3368 apostolice
1042 3283 1172 3348 nuntio
1199 3282 1343 3348 Litteras
1365 3292 1440 3348 tuas
1455 3284 1524 3348 leta
1540 3304 1644 3349 manu
1660 3285 1785 3370 recepi·

419 3409 493 3453 mus
509 3396 544 3452 et
565 3408 629 3471 que
646 3387 904 3452 continebantur
920 3386 953 3449 in
971 3386 1049 3472 ipsis
1064 3408 1104 3452 ac
1120 3386 1153 3450 in
1169 3386 1296 3452 duabus
1312 3387 1438 3452 cedulis
1460 3386 1651 3453 interclusis
1666 3388 1784 3453 litteris

419 3493 643 3559 intelleximus
658 3493 835 3577 diligenter
849 3502 884 3555 et
900 3491 977 3575 quia
988 3490 1084 3556 nobis
1096 3492 1188 3577 pacis
1202 3490 1413 3557 Flandrensis
1425 3491 1589 3557 stabilitas
1600 3492 1784 3558 admodum

420 3608 470 3664 est
486 3598 611 3677 votiva,
627 3597 809 3681 gaudemus
835 3596 868 3660 in
892 3595 1040 3660 Domino
1056 3595 1146 3680 quod
1163 3596 1196 3660 id
1213 3596 1321 3681 ipsum
1337 3616 1451 3661 comes
1469 3594 1685 3662 Flandrensis
1701 3597 1783 3663 desi-

419 3702 534 3767 derare
550 3722 585 3765 se
600 3701 716 3765 asserit
731 3709 766 3764 et
782 3702 936 3765 volumus
952 3708 998 3780 ut,
1014 3699 1172 3784 quamdiu
1195 3700 1237 3766 ad
1253 3699 1286 3764 id
1309 3699 1555 3785 procurandum
1578 3702 1781 3787 presentiam

420 3816 512 3869 tuam
527 3805 649 3870 videris
676 3814 888 3890 oportunam,
906 3805 1010 3890 ipsam
1037 3824 1250 3887 nequaquam
1278 3805 1462 3886 subtrahas,
1479 3805 1539 3871 sed
1554 3827 1631 3871 eam
1648 3807 1692 3873 ad
1715 3809 1782 3895 ipsa

418 3908 648 3995 promovenda
664 3908 821 3973 exhibeas
837 3907 987 3973 sedulam
1003 3914 1038 3970 et
1054 3907 1231 3988 intentam,
1248 3930 1315 3994 quo
1330 3919 1469 3995 peracto
1484 3911 1539 3975 vel
1563 3931 1624 3997 spe
1640 3912 1781 3979 faciendi

419 4016 614 4092 substracta,
630 4014 672 4078 ad
689 4021 836 4077 nostram
853 4012 1056 4097 presentiam
1072 4019 1166 4075 tuam
1182 4033 1258 4078 cum
1273 4014 1486 4100 beneplacito
1510 4015 1603 4099 regio
1629 4016 1779 4083 conferas

419 4117 534 4199 utique
550 4117 645 4182 nobis
660 4124 832 4201 gratam...
852 4116 930 4180 Dat.
948 4117 1085 4199 etc.(1).
1105 4138 1121 4176 11

453 4257 513 4315 lteg.
528 4256 584 4303 Vnt.
603 4260 654 4308 1111,
669 4271 727 4318 pars
743 4257 775 4304 ll.
789 4257 806 4303 t.
822 4257 856 4311 9',
870 4271 894 4302 n.
907 4257 946 4304 56.
966 4283 993 4289 --
1006 4255 1113 4310 Conlon,
1126 4269 1151 4302 11.
1168 4257 1227 4302 1091
1243 4255 1348 4316 (texte).

463 4430 578 4516 838-
1488 4464 1641 4533 1320,1,1
1652 4448 1740 4530 juin.

462 4548 647 4613 Gaucelmo
663 4550 819 4615 cardinali
836 4548 1014 4614 mandatur
1031 4557 1066 4612 ut
1084 4547 1220 4613 inducat
1236 4568 1350 4633 regem
1367 4546 1507 4614 Francie
1523 4550 1567 4615 ad
1583 4554 1779 4619 subvenien-

418 4654 498 4720 dum
525 4654 639 4718 comiti
665 4653 787 4719 Valesii
814 4655 856 4720 de
883 4652 1025 4738 pecunia
1050 4673 1151 4737 quam
1169 4651 1391 4719 Flandrenses
1411 4661 1572 4720 tenentur
1596 4655 1692 4723 dicto
1716 4654 1779 4740 regi

420 4758 559 4822 solvere.

452 4957 473 5002 l.
486 4955 530 5000 (let
536 4959 560 5000 11·
572 4954 656 5010 lettre,
667 4953 731 5000 dont
743 4967 777 4999 1111
789 4952 844 5000 scul
857 4967 962 5014 passage
974 4951 1095 5000 interesse
1107 4952 1132 4999 la
1146 4952 1276 5013 Belgiquc,
1287 4952 1778 5017 cst‹lateed'apresd'autresclementm

418 5036 468 5084 elle
479 5036 534 5082 doit
547 5036 600 5084 otro
612 5034 760 5084 arrrdrieurc
771 5037 786 5082 a
799 5034 824 5081 la
836 5032 1028 5083 recorrciliation
1039 5034 1071 5083 de
1084 5034 1166 5082 ltaoul
1183 5034 1215 5082 de
1235 5035 1343 5083 Percaus
1353 5050 1416 5084 avec
1428 5036 1465 5085 les
1475 5037 1610 5098 seigneurs
1619 5037 1776 5097 d'Arrablay.

419 5120 465 5178 qui
479 5123 522 5165 cut
537 5117 588 5167 lien
602 5119 625 5167 lc
638 5120 664 5166 ll
678 5117 736 5177 juin
752 5120 821 5164 1320.
835 5116 898 5176 l'oy.
912 5118 1017 5175 1111111111,
1032 5132 1057 5165 n.
1075 5119 1146 5176 lobi,
1160 5122 1220 5164 note
1233 5119 1254 5164 3.
