4409 6017
877 743 1034 813 Prenibra
1055 747 1159 814 anuto.
1670 746 1707 810 19

384 895 465 961 Dat.
481 894 638 981 Lugduni
655 913 674 981 7
691 895 734 962 id.
754 895 951 981 septembris
967 917 1056 962 anno
1076 917 1102 962 1.

385 996 426 1062 ln
441 1019 472 1063 e.
488 1020 535 1063 m.
551 998 583 1065 S.
600 998 735 1066 Nicolai
753 998 933 1065 Fumensis
948 1007 982 1064 et
997 1000 1040 1065 de
1056 999 1173 1081 Dunis,
1191 998 1393 1065 Morinensis
1409 998 1562 1078 diocesis,
1578 1018 1710 1063 monas-

343 1100 503 1166 teriorum
519 1102 696 1168 abbatibus
712 1125 751 1169 ac
767 1103 932 1170 Riccardo
947 1103 990 1168 de
1007 1102 1234 1188 Montenigro,
1250 1103 1414 1169 canonico
1430 1100 1657 1167 Lateranensi.

377 1238 436 1299 lteg.
451 1240 501 1288 Ar.
513 1241 537 1296 3,
551 1240 571 1289 f.
585 1243 634 1288 370
648 1256 654 1298 ;
668 1240 727 1288 l'at.
740 1242 779 1299 64,
792 1241 810 1289 f.
828 1242 894 1300 llll',
904 1256 929 1287 n.
943 1241 1013 1288 1284.

387 1402 467 1484 62.
1331 1420 1426 1502 1316,
1445 1435 1463 1502 7
1479 1420 1667 1505 septembre.

388 1519 570 1586 Francisco
592 1521 635 1586 de
660 1519 946 1602 Monteflasconis,
968 1520 1090 1586 clerico
1114 1531 1149 1587 et
1172 1522 1361 1587 consiliario
1384 1522 1582 1603 Clementie,
1599 1520 1710 1606 regine

352 1623 563 1704 Francorum,
576 1624 745 1690 confertur
754 1624 970 1691 canonicatus
980 1625 1121 1690 ecclesie
1134 1624 1393 1707 Cameracensis,
1404 1628 1463 1692 sub
1477 1625 1711 1711 expectatione

352 1728 514 1813 prebende
538 1728 666 1813 integre
690 1737 725 1793 et
751 1749 820 1794 non
847 1728 1062 1794 sacerdotalis
1084 1749 1124 1794 ac
1146 1728 1318 1813 dignitatis
1345 1751 1402 1795 seu
1425 1737 1622 1815 personatus
1657 1729 1710 1793 vel

354 1830 457 1911 officii,
474 1852 543 1896 non
560 1833 717 1897 obstante
733 1830 824 1916 quod
846 1830 880 1896 in
896 1832 1110 1897 Atrebatensi
1127 1840 1161 1897 et
1177 1832 1418 1898 Silvanectensi
1442 1831 1591 1898 ecclesiis
1613 1852 1712 1897 cano·

355 1934 477 2001 nioetus
492 1943 528 2000 et
543 1934 731 2020 prebendas
747 1934 888 2001 obtinet.

309 2049 316 2135 Ι
393 2037 487 2104 Sedis
502 2037 732 2124 apostolice...

391 2141 469 2207 Dat.
482 2140 637 2227 Lugduni
655 2159 674 2226 7
692 2141 735 2207 id.
748 2141 946 2227 septembris
961 2162 1051 2207 anno
1072 2163 1099 2206 1.

392 2243 431 2309 ln
459 2266 489 2310 e.
513 2266 559 2309 m.
581 2244 695 2310 abbati
721 2244 913 2310 monasterii
941 2245 972 2310 S.
989 2243 1169 2309 ,Genovese
1196 2244 1389 2311 Parisiensis
1415 2254 1449 2312 et
1478 2245 1714 2312 archidiacono

355 2348 600 2429 Ostrevanensi,
616 2349 857 2430 Atrebatensis,
874 2370 913 2414 ac
929 2348 1057 2415 cantori
1074 2347 1278 2414 Turonensis
1293 2349 1519 2415 ecclesiarum.

383 2487 442 2544 aaa.
455 2489 504 2535 Ar.
517 2488 540 2544 4,
553 2487 573 2537 f.
587 2489 636 2535 390
650 2502 656 2540 ;
668 2486 727 2535 Vnt.
740 2488 810 2546 114,1.
828 2490 881 2548 145,
894 2502 920 2537 n.
936 2489 1004 2536 1398.

395 2650 478 2735 63-
1338 2667 1433 2750 1316,
1452 2683 1470 2750 7
1485 2666 1673 2753 septembre.

395 2768 572 2836 Ludovico
587 2768 629 2833 de
646 2767 872 2848 Vassailliac0,
888 2768 1018 2835 decano
1033 2769 1174 2835 ecclesie
1191 2768 1394 2848 Leodiensis,
1412 2770 1599 2854 indulgetur
1610 2777 1647 2834 ut
1659 2790 1718 2855 per

354 2874 538 2938 triennium
554 2873 664 2936 nullus
690 2893 710 2936 a
736 2871 821 2937 Sede
842 2872 1026 2957 apostolica
1046 2873 1218 2958 delegatus
1246 2881 1406 2939 executor
1421 2875 1474 2938 vel
1503 2882 1719 2939 conservator

354 2997 434 3041 eum
450 2976 743 3041 excommunicare
759 2975 874 3061 possit,
891 2975 952 3041 nisi
969 2997 1030 3062 pro
1045 2977 1181 3062 proprio
1197 2978 1267 3061 ejus
1283 2977 1382 3042 facto.
1456 3054 1459 3059 A

403 3079 607 3145 Devotionis
622 3088 722 3145 tue...

401 3184 481 3249 Dat.
500 3182 652 3267 Lugduni
670 3202 688 3266 7
706 3182 748 3249 id.
765 3184 963 3268 septembris
978 3204 1068 3248 anno
1087 3204 1099 3248 1
1122 3184 1136 3268 i
1153 3185 1178 3265 1.

389 3322 451 3382 Reg.
463 3324 511 3368 Au.
523 3322 546 3378 4,
558 3321 576 3369 f.
590 3322 637 3368 418
650 3336 655 3374 ;
668 3320 727 3369 Vnt.
742 3322 780 3375 64,
792 3321 809 3369 f.
824 3323 875 3378 1911,
890 3336 914 3368 n.
929 3324 990 3368 1505
1003 3323 1026 3369 b.

403 3486 487 3567 64.
1344 3521 1361 3564 1
1388 3501 1439 3576 16,
1459 3518 1475 3538 ⁸
1491 3523 1525 3565 se
1547 3504 1678 3567 tenebre.

401 3601 588 3681 Ludovic0,
604 3602 734 3668 decano
746 3601 887 3667 ecclesie
903 3599 1098 3667 Leodiensis
1110 3603 1166 3687 (2),
1184 3521 1421 3688 indulgetudut
1433 3507 1587 3669 idsistldns
1599 3608 1721 3671 scolas-

356 3708 435 3773 ticis
457 3706 641 3791 disciplinis
657 3707 709 3770 vel
725 3705 872 3771 residens
892 3706 926 3769 in
949 3705 1059 3789 aliqua
1081 3706 1297 3771 ecclesiarum
1318 3707 1486 3791 inquibus
1504 3709 1723 3773 beneficiatus

357 3821 422 3890 est,
437 3810 563 3875 fructus
578 3809 815 3875 beneficiorum
831 3828 965 3873 suorum
980 3807 1023 3874 ad
1038 3809 1217 3874 triennium
1234 3811 1403 3895 percipere
1417 3811 1536 3875 valeat.

405 3913 588 3978 Personam
604 3920 743 3978 tuam...

406 4018 485 4082 Dat.
502 4016 655 4101 Lugduni
674 4035 692 4099 7
710 4015 752 4081 id.
770 4015 968 4101 septembris
984 4036 1072 4080 anno
1093 4036 1119 4079 1.

407 4120 446 4185 In
463 4141 492 4184 e.
509 4141 554 4184 m.
570 4120 681 4185 abbati
698 4120 891 4185 monasterii
907 4120 1152 4184 Athanacensis
1168 4129 1201 4184 et
1218 4119 1352 4184 sacriste
1373 4119 1529 4184 secularis
1547 4120 1578 4185 S.
1595 4120 1726 4186 Thome

361 4225 404 4290 de
417 4223 587 4304 Forreri0,
598 4222 838 4308 Lugdunensis,
849 4244 888 4288 ac
900 4223 1031 4288 decano
1049 4222 1231 4307 Hoyensis,
1245 4222 1439 4288 Leodiensis
1454 4223 1605 4304 diocesis,
1619 4225 1726 4289 eccle·

363 4349 497 4394 siarum.

395 4467 458 4528 lieg.
471 4468 519 4515 Ar.
532 4467 554 4522 4,
566 4466 584 4514 f.
597 4467 656 4512 419ν
669 4480 674 4521 ;
688 4464 748 4515 Vat.
763 4466 801 4517 64,
811 4464 829 4511 f.
841 4466 907 4523 ron,
922 4479 947 4514 n.
965 4465 1034 4511 1586.

408 4627 491 4711 65.
1351 4642 1445 4726 1316,
1463 4659 1482 4724 7
1497 4645 1685 4728 septembre.

408 4745 510 4810 Petro
524 4745 567 4810 de
583 4744 782 4831 Columpna,
798 4744 942 4810 diacono
966 4744 1134 4825 cardinali,
1156 4744 1351 4810 conceditur
1374 4745 1514 4811 facultas
1538 4746 1728 4814 conserendi

369 4846 524 4927 Johanni,
541 4858 622 4913 nato
644 4848 845 4915 Gerentonis
870 4847 1017 4926 Marosii,
1034 4848 1156 4914 clerico
1179 4848 1420 4929 Valentinensi,
1437 4851 1675 4916 canonicatum
1697 4858 1731 4915 et

309 5011 310 5028 ,
371 4952 570 5034 prebendam
586 4961 744 5017 vacantes
760 4954 794 5017 in
810 4952 951 5017 ecclesia
965 4951 1107 5031 Ariensi,
1125 4950 1327 5017 Morinensis
1342 4952 1494 5034 diocesis,
1519 4974 1578 5039 per
1602 4954 1732 5019 obitum

383 5101 521 5109 ---—..-.
870 5100 1074 5109 .-—--—.

309 5175 312 5206 ἵ
408 5176 428 5221 1.
440 5173 505 5223 Date
517 5189 563 5238 par
574 5188 660 5223 erreur
671 5174 707 5222 du
718 5175 734 5223 8
747 5173 782 5223 id.
794 5174 941 5238 captendula
952 5174 1017 5222 dnns
1030 5173 1130 5232 Mollat,
1144 5187 1168 5220 n.
1178 5174 1201 5220 ὅ.
1214 5199 1246 5205 —
1258 5176 1280 5220 2.
1294 5172 1358 5233 Voy.
1371 5187 1396 5222 n.
1412 5174 1449 5220 63.
