4409 6017
857 687 958 754 'croso'
971 677 1011 736 -'-
1031 677 1203 769 Dang'uiuni
1661 689 1715 753 Ml

392 846 476 908 dien,
502 845 712 903 claromonten,
739 856 766 899 et
792 848 829 899 de
856 846 1004 908 Ursivalle,
1106 844 1219 907 dunen,
1237 862 1299 903 can,
1316 844 1369 898 sub
1389 862 1451 908 exp.
1470 846 1547 909 preb.
1568 846 1717 900 lexovien.

392 930 468 992 prior
483 928 520 980 de
539 926 659 981 Rofiaco
678 939 705 980 et
723 928 759 981 de
779 927 926 986 Ursivalle,
945 932 1004 988 181,
1107 937 1135 978 et
1146 926 1301 987 'Morinen.,
1322 931 1400 983 1131.

392 1014 551 1068 979,1438.
1067 1006 1237 1069 Curtiniaco‚
1264 1007 1406 1060 Robertus
1432 1007 1476 1069 de,
1503 1008 1662 1071 prepositus
1690 1009 1717 1060 S.

309 1091 310 1095 ’
353 1090 450 1150 Croso,
483 1089 628 1143 Gerardus
660 1090 704 1151 de,
738 1090 837 1153 capell.
871 1105 945 1153 pape
978 1099 1005 1141 et
1108 1087 1183 1141 Petri
1206 1087 1242 1140 de
1269 1087 1371 1150 Insula,
1398 1105 1460 1141 can.
1487 1088 1565 1151 preb,
1593 1090 1718 1151 Remen,

389 1171 502 1224 Nicolai
533 1173 561 1223 S.
584 1169 702 1225 &eusebii
721 1170 816 1235 presb.
837 1171 922 1234 card„
943 1185 1005 1230 can,
1103 1168 1245 1224 Senonen.
1269 1177 1296 1223 et
1320 1169 1356 1222 de
1384 1170 1498 1231 Roseto,
1524 1180 1659 1233 patronus
1683 1171 1718 1222 de

393 1252 472 1315 preb.
501 1252 669 1308 Tornacen..
700 1250 918 1313 Claromonten,
950 1250 1006 1305 Bri·
1108 1250 1297 1313 Brandavilla‚
1312 1255 1372 1309 495,
1389 1255 1450 1306 556.

392 1347 495 1394 caten,
519 1333 686 1395 Comalerie,
710 1331 859 1397 Sebasiati,
885 1331 1007 1387 Ursival·
1069 1329 1207 1394 Curtipes,
1234 1331 1329 1383 Adam
1354 1331 1390 1385 de
1419 1332 1540 1384 Pruvino
1567 1333 1666 1395 dictus,
1694 1351 1719 1384 v.

393 1415 426 1468 lis
457 1425 483 1466 et
519 1413 673 1474 Hetinenti,
706 1414 782 1477 prior
812 1412 946 1475 Vergiaci
979 1422 1006 1465 et
1109 1411 1239 1466 Pruvino.

394 1495 490 1548 Sancti
514 1494 627 1556 Silvani,
654 1486 722 1552 150(
739 1499 801 1549 403.
1068 1492 1235 1559 Curloffum,
1261 1494 1351 1556 ltalie,
1374 1493 1447 1547 dioc.
1473 1494 1627 1547 Benevent.

348 1582 457 1634 eruas
485 1574 663 1637 (Crudelem),
688 1575 805 1637 France,
830 1573 895 1637 dep.
921 1574 1006 1628 Arde·
1069 1603 1102 1612 ·-
1123 1575 1229 1628 Rector
1249 1575 1326 1638 eccl,
1350 1575 1484 1628 Matheus
1509 1576 1645 1637 Johnnnis
1671 1576 1720 1627 Bo-

393 1656 456 1717 che,
475 1657 547 1710 dioc.
567 1656 686 1713 Viviers,
963 1674 970 1688 ·
1108 1655 1199 1710 bonis,

353 1767 388 1775 —
409 1738 616 1791 Monasterium
629 1736 663 1793 Ο.
680 1738 707 1794 S.
726 1737 767 1798 B„
783 1767 815 1773 -
829 1737 928 1799 abbas,
944 1741 1005 1793 200.
1070 1735 1240 1798 Gurlracen„
1257 1737 1394 1795 Courtrai.

355 1820 514 1879 Crudeles,
534 1818 632 1876 Cruas,
1070 1816 1237 1879 Curvavilla,
1251 1818 1395 1880 lohannes
1411 1819 1454 1880 de,
1472 1819 1536 1871 cler.
1553 1818 1636 1883 Petri,
1653 1820 1722 1882 epis·

350 1908 448 1958 Cruls
481 1901 620 1963 (Crocon),
651 1900 779 1962 France,
798 1898 863 1963 dep.
894 1899 1006 1952 Basses·
1110 1899 1174 1962 copi
1194 1899 1387 1960 Cameracen,
1411 1905 1489 1957 1026.

354 2002 357 2007 ·
395 1981 492 2044 Alpes,
508 1981 581 2034 dioc.
598 1980 733 2038 Sisteron.
1067 1987 1166 2038 Cuslo
1187 1980 1363 2045 (Cunerum),
1379 1979 1467 2043 ltalie,
1483 1982 1555 2033 dioc.
1571 1982 1720 2045 Bergame

355 2090 390 2098 -
411 2061 623 2116 Monasterium·
637 2061 671 2118 Ο,
695 2063 723 2119 S.
749 2063 831 2125 Aug„
855 2092 888 2099 -
909 2061 1008 2125 abbas,
1072 2090 1104 2097 —-
1124 2062 1202 2117 Eccl.
1217 2063 1245 2118 S.
1260 2062 1405 2125 Johannis,
1423 2092 1455 2100 —
1469 2062 1665 2126 beneficiatus,
1680 2065 1722 2125 Ja-

398 2148 459 2197 197.
1038 2090 1041 2210 i
1111 2143 1229 2197 cobinus
1243 2144 1280 2196 de
1297 2143 1404 2197 Canali.

356 2224 547 2287 Crupenninc,
578 2223 730 2288 Iohannes,
762 2240 824 2280 can.
858 2224 912 2279 sub
945 2242 1008 2289 exp,
1072 2223 1218 2286 Cusornio,
1236 2224 1403 2287 Aymericus
1423 2225 1466 2287 de,
1486 2225 1586 2289 capell.
1607 2226 1723 2279 Bernar-

397 2304 476 2367 preb.
507 2304 535 2361 S,
567 2305 686 2358 Servatii
718 2305 886 2369 Traiecten„
918 2316 1010 2359 rector
1111 2304 1140 2358 di
1177 2305 1206 2357 S.
1235 2306 1350 2369 Agathe
1380 2306 1452 2363 diac,
1482 2306 1566 2367 card,
1597 2306 1722 2359 decanus

392 2385 926 2449 parroch.eccl.deRoesbeke,1069.
1112 2379 1303 2450 Aurelianen,
1331 2403 1393 2444 can,
1422 2388 1500 2450 preb.
1531 2387 1664 2440 leodien.
1696 2399 1723 2440 ct

357 2465 492 2530 Crusiliis,
513 2466 656 2519 Berardus
676 2467 720 2528 de,
743 2467 812 2520 alias
832 2467 925 2521 dictus
947 2468 1011 2521 Ber·
1108 2467 1268 2530 Carnoten,
1291 2473 1353 2522 428.

398 2548 511 2611 nardus,
538 2552 616 2603 1361.
1073 2548 1207 2611 Cussaco,
1226 2549 1326 2602 Petrus
1344 2550 1388 2612 de,
1409 2566 1471 2603 can.
1491 2550 1544 2602 sub
1564 2568 1626 2614 exp.
1645 2550 1723 2613 preb.

350 2637 600 2699 Cruyshautem
631 2629 830 2693 (Holemerua).
858 2629 1005 2694 Belgique
1039 2609 1042 2691 i
1113 2629 1280 2694 Tornacen,
1324 2631 1468 2687 chorarius
1505 2631 1723 2693 Claromonten,

395 2727 473 2774 prov.
495 2710 618 2765 Flandre
640 2710 757 2773 Orient,
782 2711 854 2772 dioc,
877 2710 1011 2767 Tournai,
1039 2730 1041 2775 l
1114 2716 1193 2767 1438.

359 2820 392 2827 -
413 2792 522 2856 Capell.
540 2792 618 2853 eccl„
636 2792 780 2855 Johannes
800 2791 837 2844 de
854 2791 975 2852 virtuto,
1073 2791 1265 2857 donariorum,
1284 2792 1389 2857 Coucy.

360 2873 474 2936 Circum,
493 2872 565 2937 Cuq.
1039 2890 1041 2931 1

354 2962 507 3013 cucuron
516 2955 673 3017 (Cucuron),
702 2954 724 3004 F
727 2970 819 3015 rance‚
847 2953 913 3017 dep.
940 2953 1014 3005 Vau·
1039 2944 1041 2947 ⁴

400 3037 485 3099 cluse,
502 3036 574 3090 dioc.
591 3035 744 3093 Toulouse,
1039 3046 1041 3058 ’

360 3147 393 3155 —
414 3116 492 3170 Eccl.
528 3117 556 3174 S.
594 3115 751 3180 Michaelis,
789 3146 821 3153 —
849 3117 1012 3180 decimator,

399 3197 539 3250 Hernicus
559 3196 596 3249 de
616 3197 746 3251 Culento.

358 3279 491 3331 Cuenoa
516 3279 678 3342 (Canobon),
697 3279 842 3345 Espagne,
1039 3238 1041 3316 i

362 3388 396 3397 -
416 3359 642 3414 Archidiaconus
670 3360 834 3423 Modiensis,
865 3367 907 3417 66.

363 3440 493 3502 Culento,
515 3441 656 3495 Henricus
676 3442 721 3505 de,
744 3442 959 3497 archidiaconus
979 3442 1015 3495 de
1075 3443 1241 3506 Daharum,
1258 3444 1437 3509 Maurorum,
1464 3444 1552 3506 ltalie¹
1579 3443 1651 3496 dioc.
1678 3442 1726 3495 Mi-

400 3523 529 3577 Condros
554 3524 583 3576 in
610 3523 678 3579 eccl.
709 3523 852 3586 Leodien.,
880 3523 955 3587 prior
983 3523 1014 3584 Β,
1115 3525 1171 3577 lan.

400 3603 492 3657 Marie
513 3604 550 3657 de
573 3603 693 3667 Lochiis,
719 3621 780 3660 can.
804 3604 883 3669 preb.
907 3605 1015 3658 laudu-
1076 3636 1108 3643 -
1129 3607 1206 3661 Eccl.
1226 3607 1297 3667 coll,
1319 3636 1351 3643 -
1370 3623 1430 3658 can.
1452 3605 1539 3669 preb,
1560 3606 1727 3659 Franciscus

399 3701 473 3747 nen,
493 3684 638 3747 Leodien,
659 3685 820 3748 Bituricen,
843 3687 879 3740 de
900 3686 1015 3749 Lileriis,
1041 3715 1043 3751 :
1116 3687 1153 3740 de
1171 3687 1344 3741 Mediolano.
1410 3724 1411 3728 η

399 3766 585 3821 Cameracen.
611 3778 639 3821 et
663 3767 695 3824 B.
720 3766 813 3820 Marie
834 3768 872 3821 de
896 3767 1015 3831 Lochiis,
1077 3768 1179 3833 Dalen,
1195 3767 1284 3821 Gosta
1300 3768 1344 3830 de,
1362 3784 1432 3821 uxor
1448 3767 1560 3820 Ottonis
1576 3769 1611 3820 de
1627 3768 1727 3831 Dalen,

399 3864 462 3901 can.
478 3847 533 3901 sub
549 3865 612 3912 exp.
629 3848 707 3911 preb.
723 3848 880 3912 Vastinen„
896 3848 1016 3902 decima-
1041 3882 1043 3909 .
1116 3853 1179 3904 795.

314 4002 316 4004 ¹
398 3939 445 3981 tor
460 3929 489 3986 S.
506 3928 657 3983 Michaelis
671 3929 863 3992 deCucuron,
879 3935 939 3988 458.
955 3934 1014 3991 473,
1042 3923 1044 4022 l
1078 3930 1323 3994 Dalen,Ottode‚
1341 3933 1456 3986 maritus
1473 3930 1727 3995 Goste-deDalen‚

405 4016 466 4073 846,
488 4016 549 4066 905.
1042 4027 1044 4062 !
1118 4016 1179 4065 795.

362 4100 460 4149 Culm
487 4092 639 4154 (Colman),
663 4092 773 4148 Prusse.
1042 4086 1044 4098 ¹
1078 4093 1160 4154 Dum,
1179 4092 1310 4145 Damme.

367 4200 399 4210 —
419 4172 587 4237 Episcopus,
611 4173 755 4227 Nicolaus.
1078 4174 1194 4235 Damas,
1211 4172 1334 4227 Michael
1351 4174 1395 4236 de,
1411 4192 1437 4226 v.
1455 4174 1634 4238 Dampmars.

367 4255 494 4316 (lanian,
513 4253 610 4311 Corne,
1079 4261 1218 4310 Damme
1248 4255 1350 4319 (Dum),
1375 4255 1522 4319 Belgique,
1548 4273 1625 4322 prov.
1650 4255 1730 4308 Flan-

367 4335 528 4398 Gunovien„
548 4334 692 4395 Conavlje¹
1043 4376 1045 4391 .
1114 4335 1164 4387 dre
1186 4335 1293 4398 Occid,
1316 4336 1387 4391 dioc.
1414 4336 1546 4397 Tournai

367 4416 525 4477 Conlatino,
545 4415 639 4467 Cusio.
1044 4457 1045 4479 ,
1080 4446 1111 4451 ·—
1133 4416 1309 4480 Oppidanus,
1333 4416 1509 4469 Christianus
1535 4418 1728 4479 Bolengarius.

363 4506 435 4563 euq
464 4496 597 4559 (Cucurri),
619 4497 734 4558 France,
755 4496 819 4558 dep.
840 4496 924 4560 Tam,
943 4497 1015 4553 dioc.
1043 4480 1046 4595 ἐν
1081 4498 1251 4561 Dampmars
1278 4499 1413 4562 (Damas),
1444 4499 1567 4551 Michael
1595 4499 1639 4559 de,
1667 4515 1729 4549 can.

405 4577 560 4631 Toulouse.
1044 4607 1047 4661 ἶ
1115 4579 1256 4642 sub-exp.
1283 4580 1360 4644 preb.
1392 4582 1418 4639 ὃ,
1448 4579 1522 4633 Petri
1551 4581 1674 4636 lnsulen.
1702 4591 1729 4631 et

368 4689 400 4696 -
421 4659 499 4713 Eccl.
520 4659 650 4723 parroch
672 4660 698 4719 S¹
723 4659 852 4721 Victoris,
876 4689 905 4693 -
928 4670 1018 4711 rector
1045 4700 1047 4713 ,
1115 4662 1143 4715 S.
1167 4661 1297 4715 Marcelli
1317 4663 1396 4725 jueta
1418 4660 1547 4723 Parisius,
1568 4666 1629 4724 342,
1652 4665 1729 4715 1074.

404 4740 670 4801 commendatarius,
698 4741 869 4793 Bertrandus
904 4740 932 4795 S.
961 4739 1019 4792 Ma·
1045 4735 1048 4818 l
1081 4742 1222 4797 Danesius
1237 4744 1273 4795 de
1290 4743 1409 4795 Casalia.

403 4823 445 4875 rie
467 4824 495 4875 in
516 4820 624 4884 Aquiro
650 4820 721 4876 diac.
745 4821 829 4882 card,
853 4821 1021 4874 Guillelmus
1047 4871 1049 4876 .
1082 4832 1199 4893 Dangu
1217 4825 1407 4887 (Darioritum),
1426 4825 1542 4887 Franco,
1563 4823 1627 4887 dep.
1644 4823 1730 4886 Eure,

405 4901 578 4969 Raymundi.
1047 4889 1050 4962 Ι
1121 4904 1193 4956 dioc.
1211 4905 1320 4960 Rouen.

359 4983 603 5047 ‘Curia-Egidius
620 4984 663 5045 de,
682 4988 744 5039 216.
1048 4989 1051 5068 l
1082 5013 1114 5020 —
1135 4985 1212 5038 Eccl.
1235 4986 1362 5048 parroch.
1385 4986 1413 5038 S.
1436 4987 1571 5049 Johannis
1596 4986 1731 5049 nuptiate,

371 5066 506 5120 Curribus
521 5064 657 5128 lumellis,
676 5065 809 5118 Matheus
828 5064 955 5125 decler.
975 5066 1024 5116 Ca·
1050 5106 1052 5128 ,
1084 5083 1087 5087 ⁸
1119 5067 1731 5139 ----rect‘0r,lmenmnus·deorsndisanu.

411 5148 471 5209 roli,
498 5146 573 5209 regis
602 5146 729 5208 Francie,
757 5164 819 5199 can.
848 5146 927 5208 preb,
958 5147 1024 5198 Lau-
1051 5170 1053 5188 ι
1084 5148 1383 5211 [innuerinnangu.
1640 5158 1644 5163 '

417 5276 524 5316 Analecta
535 5274 638 5315 vaticano
648 5273 737 5325 belgica.
756 5275 785 5314 11.
1662 5293 1687 5332 μ
