4409 6017
498 718 554 781 186
1033 728 1191 793 Deuxiime
1212 731 1314 810 annea.

497 875 594 939 nibus
620 873 686 938 sint
713 874 804 937 liberi
832 883 866 938 et
894 875 1068 941 immunes.
1085 877 1151 942 Sed
1166 888 1201 941 et
1219 878 1362 942 diximus
1386 885 1420 941 et
1447 882 1674 947 consuluimus
1697 885 1788 967 quod
1812 894 1854 964 tu,

502 978 658 1042 onmibus
668 977 730 1041 hiis
741 986 774 1041 et
788 978 923 1062 singulis
933 979 975 1043 ad
987 1000 1051 1063 que
1063 981 1144 1046 dicti
1158 980 1379 1046 Flandrenses
1391 981 1544 1048 facienda
1555 994 1590 1050 et
1605 985 1665 1050 tibi
1682 988 1856 1071 prestanda

501 1092 669 1161 tenentur,
686 1090 720 1146 et
736 1104 755 1146 a
771 1082 890 1166 quibus
905 1083 1008 1148 debes
1020 1105 1078 1150 eos
1089 1085 1228 1150 liberare
1239 1086 1423 1151 secundum
1437 1087 1580 1152 <tonnam
1597 1092 1857 1156 conventionum

500 1190 654 1273 ipsarum,
687 1187 719 1249 in
745 1185 945 1270 aquilianam
973 1188 1226 1272 stipulationem
1253 1188 1415 1270 deductiS,
1441 1212 1500 1255 eos
1524 1190 1603 1256 inde
1637 1215 1698 1278 per
1717 1197 1859 1281 accepti-

500 1292 661 1356 lationem
692 1291 810 1354 liberes
840 1299 941 1374 atque
979 1291 1114 1374 quittes
1143 1290 1379 1358 Consuluimus
1409 1303 1560 1379 preterea
1590 1303 1626 1360 et
1656 1299 1861 1363 consulendo

500 1395 644 1461 diximus
665 1393 755 1477 quod
781 1393 920 1478 sepefati
938 1392 1160 1459 Flandrenses
1184 1395 1243 1460 tibi
1267 1404 1416 1480 prestare
1437 1398 1651 1463 securitatem
1675 1401 1860 1486 hujusmodi

500 1505 688 1577 teneantur,
720 1496 876 1562 videlicet
909 1497 999 1579 quod
1027 1497 1138 1562 dictus
1165 1519 1280 1564 comes
1310 1500 1539 1584 personaliter,
1567 1509 1602 1566 et
1629 1503 1861 1570 universitates

501 1600 656 1665 Flandrie
671 1621 731 1685 per
746 1607 977 1685 procuratores
1001 1600 1043 1664 ad
1067 1600 1134 1666 hoc
1158 1602 1346 1687 specialiter
1361 1603 1574 1684 constitutos,
1587 1605 1701 1690 jurent
1717 1629 1861 1672 conven-

499 1706 610 1770 tiones
625 1705 791 1789 predictas
818 1704 1054 1769 inviolabiliter
1070 1708 1246 1769 observare
1262 1714 1297 1770 et
1313 1726 1372 1791 per
1388 1727 1423 1771 se
1440 1707 1494 1771 vel
1511 1708 1593 1773 alios
1609 1709 1643 1773 in
1660 1711 1860 1776 contrarium

499 1831 565 1875 non
582 1810 695 1875 venire
711 1810 764 1871 vel
789 1807 897 1871 facere
914 1808 1152 1891 quoquomodo
1166 1832 1174 1886 ;
1192 1810 1348 1893 quodque
1371 1830 1577 1876 successores
1593 1812 1704 1897 ipsius,
1722 1814 1861 1880 comites

500 1913 666 1990 Flandrie,
680 1911 815 1995 quando
825 1910 885 1974 tibi
902 1911 1010 1975 tuisve
1023 1913 1267 1976 successorihus
1278 1912 1470 1997 homagium
1483 1922 1518 1978 et
1529 1913 1728 1981 fidelitatem
1738 1925 1860 2001 presta-

498 2022 595 2096 bunt,
613 2016 718 2081 simile
746 2022 896 2099 prestent
921 2022 956 2078 et
981 2014 1102 2079 faciant
1126 2016 1364 2098 juramentum,
1392 2026 1426 2081 et
1451 2017 1686 2083 universitates
1713 2018 1861 2103 predicte

497 2126 724 2209 juramentum
741 2117 929 2202 hujusmodi
948 2118 989 2182 de
1007 2118 1104 2183 dictis
1120 2119 1402 2184 conventionibus
1417 2121 1632 2186 observandis
1647 2142 1811 2186 renovare
1823 2121 1861 2185 de

500 2224 727 2311 quinquennio
744 2223 776 2285 in
793 2222 1068 2305 quinquennium,
1081 2223 1157 2287 loco
1182 2233 1216 2285 et
1244 2230 1395 2307 tempore
1419 2224 1583 2308 expressis
1608 2224 1641 2288 in
1668 2246 1755 2311 pace
1780 2225 1863 2289 inter

500 2332 589 2394 clare
606 2326 767 2390 memorie
784 2325 985 2410 Philippum,
1010 2345 1122 2408 regem
1146 2323 1297 2405 Francie,
1309 2327 1558 2410 progenitorem
1574 2336 1681 2407 tuum,
1697 2335 1734 2392 et
1756 2327 1864 2393 dictos

502 2432 529 2496 F
532 2431 725 2496 lamlrenses
735 2428 860 2493 dudum
878 2429 970 2504 inita,
987 2437 1175 2506 teneantur,
1192 2437 1226 2493 et
1250 2428 1499 2514 quodpropter
1514 2432 1580 2495 hoc
1597 2451 1712 2496 comes
1737 2431 1809 2516 ipse
1833 2437 1865 2494 et

502 2555 708 2602 successores
720 2533 767 2597 sui
781 2554 820 2598 ac
827 2532 1061 2597 universitates
1068 2533 1218 2617 obligent
1230 2533 1344 2597 omnia
1355 2534 1444 2598 bona
1454 2535 1689 2619 suapresentia
1700 2544 1736 2599 et
1748 2535 1866 2599 futura.

506 2641 549 2704 Et
566 2648 603 2704 ut
618 2639 682 2703 hec
699 2639 811 2702 omnia
828 2637 982 2721 utrinque
998 2636 1134 2701 solidius
1151 2645 1184 2700 et
1202 2637 1326 2701 firmius
1342 2638 1570 2717 observentur,
1585 2639 1817 2704 consuluimus
1834 2646 1866 2701 et

502 2743 708 2811 consulendo
732 2741 874 2806 diximus
904 2740 994 2824 quod
1018 2749 1088 2805 tam
1113 2750 1149 2804 tu
1173 2761 1274 2824 quam
1297 2741 1368 2825 ipse
1395 2753 1428 2805 et
1454 2742 1689 2808 universitates
1713 2743 1865 2828 predicte

502 2847 684 2934 prescripta
700 2845 812 2908 onrnia
828 2853 861 2909 et
879 2845 1006 2927 singula
1031 2865 1091 2928 pro
1118 2845 1213 2908 vobis
1236 2854 1270 2908 et
1293 2845 1538 2910 successoribus
1555 2846 1673 2911 vestris
1690 2849 1867 2911 observare

503 2950 707 3037 promittatis
730 2952 789 3012 sub
806 2970 893 3032 pena
910 2948 1126 3012 ducentarum
1146 2948 1273 3012 milium
1291 2950 1500 3012 marcharum
1519 2949 1646 3034 argenti
1664 2951 1866 3036 applicanda

505 3056 590 3139 parti
608 3053 867 3135 servanti‚quam
886 3053 957 3136 ipso
975 3051 1065 3116 lacto
1078 3072 1152 3136 pars
1168 3073 1235 3115 non
1252 3073 1388 3116 servans
1404 3052 1559 3131 incurrat,
1576 3061 1610 3117 et
1626 3053 1868 3118 nichilominus

502 3179 577 3244 pars
593 3180 657 3241 que
674 3159 761 3242 ipsas
777 3156 1021 3221 conventiones
1037 3155 1192 3238 infringet
1209 3177 1250 3219 eo
1267 3155 1340 3240 ipso
1352 3156 1443 3219 omni
1460 3156 1567 3221 fructu
1583 3165 1618 3221 et
1634 3159 1869 3222 emolumento

504 3270 616 3327 careat
630 3260 721 3344 quod
737 3269 816 3324 tunc
827 3260 965 3323 haberet
977 3262 1030 3322 vel
1048 3258 1200 3323 habitura
1216 3266 1303 3322 esset
1314 3281 1354 3322 ex
1365 3259 1645 3325 conventionibus
1661 3262 1869 3339 memoratis,

503 3375 537 3430 et
564 3364 674 3448 quoad
699 3385 772 3427 eam
800 3363 920 3426 nullius
941 3362 1075 3447 penitus
1101 3362 1166 3425 sint
1194 3362 1367 3441 momenti,
1393 3362 1439 3427 eis
1462 3370 1576 3426 tamen
1599 3362 1710 3446 quoad
1736 3373 1869 3448 partem

503 3478 694 3533 servantem
712 3467 744 3530 in
762 3488 822 3531 suo
837 3469 955 3529 robore
971 3465 1145 3530 duraturis.
1171 3464 1336 3529 lixecutio
1351 3475 1463 3529 autem
1489 3486 1650 3550 penarum
1677 3466 1869 3550 hujusmodi

502 3575 556 3636 vel
573 3593 687 3636 earum
703 3572 839 3653 alicujus
856 3571 924 3632 fieri
942 3578 1097 3653 nequeat,
1114 3569 1223 3633 donec
1247 3570 1417 3652 cognitum
1440 3569 1618 3634 summarie
1639 3580 1673 3634 et
1700 3569 1743 3634 de
1767 3570 1871 3654 plano

503 3676 615 3740 debite
641 3676 738 3738 inerit
761 3695 799 3737 ac
827 3674 929 3736 etiam
951 3673 1156 3737 declaratum
1180 3681 1348 3755 partema
1373 3694 1437 3756 qua
1463 3672 1608 3757 petende
1635 3672 1757 3736 fuerint
1781 3673 1871 3736 dicte

504 3801 591 3865 pene
608 3778 850 3843 conventiones
867 3777 954 3860 ipsas
969 3777 1021 3839 vel
1040 3798 1151 3839 eurum
1169 3776 1314 3859 aliquam
1331 3776 1484 3840 violasse.

547 3884 624 3964 Quo
649 3881 789 3944 consilio
821 3880 961 3963 prestito
975 3889 998 3958 ‘¹,
1027 3887 1258 3963 procuratores
1288 3879 1335 3942 tui
1363 3887 1570 3942 secesserunt
1598 3878 1631 3941 in
1658 3887 1791 3962 partem
1825 3891 1871 3952 et,

502 3985 743 4050 deliberatione
761 3985 903 4047 invicem
921 3984 1065 4046 brevitor
1081 3983 1207 4061 habita,
1230 3981 1272 4045 ad
1296 3990 1446 4046 nostram
1469 3982 1672 4067 presentiam
1688 3981 1873 4046 redeuntes

504 4088 747 4173 responderunt
772 4086 871 4169 quod,
899 4087 975 4150 licet
1001 4087 1032 4148 in
1062 4084 1215 4169 predicto
1240 4085 1380 4148 consilio
1405 4086 1509 4149 multa
1529 4092 1641 4148 essent
1666 4105 1810 4148 onerosa
1837 4093 1871 4148 et

503 4203 671 4268 extranea,
689 4202 723 4252 et
737 4210 867 4274 prorsus
885 4191 1016 4253 insolita
1032 4189 1163 4268 regibus
1181 4187 1207 4250 F
1211 4188 1330 4264 rancie,
1348 4189 1402 4270 qui
1420 4210 1482 4252 nec
1499 4208 1646 4271 unquam
1658 4188 1869 4272 imperatori-

504 4298 565 4359 bus
589 4305 623 4357 et
647 4294 776 4374 regibus
802 4315 876 4357 cum
894 4294 1011 4375 quibus
1028 4294 1214 4355 hahuerunt
1232 4291 1400 4356 interdum
1416 4292 1539 4374 aliquid
1558 4312 1667 4376 agere,
1684 4312 1748 4356 nec
1764 4292 1866 4356 etiam

506 4398 684 4463 comitibus
711 4395 864 4459 Flandric
890 4418 965 4459 cum
995 4396 1112 4477 quibus
1142 4395 1183 4458 ad
1212 4395 1302 4479 pacis
1329 4395 1416 4458 viam
1447 4396 1545 4458 variis
1570 4395 1642 4459 aliis
1661 4397 1870 4479 temporibus

504 4502 722 4573 devenerunt,
740 4500 856 4562 talium
882 4500 1097 4562 securitatum
1122 4501 1281 4581 prebuere
1306 4501 1463 4577 caldelas,
1487 4499 1564 4581 quin
1592 4499 1697 4562 immo
1718 4500 1868 4562 stabatur

504 4627 545 4668 ex
569 4603 688 4668 litteris
712 4604 777 4666 tuis
802 4602 909 4685 sigillo
930 4602 1077 4678 munitis,
1099 4611 1236 4686 propter
1259 4603 1479 4665 reverentiam
1506 4611 1618 4664 tamen
1648 4609 1798 4665 nostram
1830 4621 1867 4663 ac

506 4718 641 4792 propter
663 4707 779 4788 ingens
808 4706 1006 4770 desiderium
1030 4706 1139 4786 regnis
1170 4706 1235 4768 tuis
1268 4714 1302 4767 et
1324 4705 1464 4767 subditis
1491 4703 1628 4787 parandi
1654 4704 1804 4786 quietem
1835 4715 1867 4765 et

505 4831 634 4896 pacem,
654 4819 687 4872 et
708 4820 844 4893 propter
864 4808 1022 4892 grandem
1049 4810 1151 4871 etiam
1181 4830 1220 4871 ac
1251 4808 1436 4870 ferventem
1458 4807 1615 4870 aflectum
1640 4826 1741 4889 quem
1765 4806 1866 4869 habes

506 4914 549 4978 ad
573 4912 755 4976 subsidium
782 4911 811 4975 Τ
813 4934 883 4975 erre
909 4913 1040 4990 Sancte,
1065 4921 1251 4994 pretactum
1277 4921 1425 4973 nostrum
1443 4910 1628 4989 consilium,
1646 4917 1809 4993 quantum
1833 4909 1863 4970 in

541 5180 565 5212 a.
578 5163 679 5227 prebito
697 5176 747 5221 rep.
