4409 6017
421 721 478 787 196
959 715 1117 784 uernam
1137 716 1239 784 annea.

465 871 542 936 Vite
564 889 796 936 aemorum...

467 976 544 1042 Dat.
559 974 659 1039 Avin.
680 992 718 1037 10
733 972 799 1039 kal.
817 972 928 1058 aprilis
943 991 1034 1036 anno
1052 992 1080 1037 2.

466 1077 506 1143 In
537 1100 566 1144 e.
596 1099 641 1143 m.
672 1076 784 1142 abbati
811 1075 1005 1141 monasterii
1030 1075 1072 1139 de
1097 1073 1251 1155 Vercellis,
1282 1075 1535 1142 Cameracensis
1564 1075 1595 1140 di

422 1180 672 1248 Cameracensis
687 1201 726 1246 ac
743 1178 963 1245 Massiliensis
978 1179 1156 1266 prepositis
1171 1178 1398 1244 ecclesiarum.

455 1321 517 1381 Reg.
531 1323 577 1367 Ar.
587 1323 611 1374 ll,
624 1320 641 1367 l.
651 1321 698 1368 27:
713 1318 770 1366 vat.
783 1320 820 1376 67,
838 1317 856 1365 f.
869 1319 922 1370 255.
936 1330 961 1363 n.
975 1317 1030 1362 856.

462 1509 575 1593 510.
1451 1524 1546 1603 1318,
1569 1542 1595 1604 2·

463 1625 686 1692 Noviomensi
703 1635 737 1690 et
755 1624 922 1690 Meldensi
932 1624 1098 1709 episcopis
1114 1645 1152 1689 ac
1167 1625 1404 1690 archidiacono
1414 1624 1589 1691 Parisiensi

420 1740 584 1817 quatenus
599 1731 774 1797 conferant
786 1730 805 1808 J
809 1731 934 1796 ohanni
956 1730 999 1795 de
1019 1730 1201 1813 Argilleriis
1216 1730 1524 1796 archidiaconatum
1542 1731 1595 1795 bl

420 1835 452 1899 in
478 1835 619 1901 ecclesia
634 1833 850 1919 Lingonensi,
866 1854 966 1919 quem
992 1833 1111 1899 Petrus
1134 1834 1177 1899 de
1194 1833 1355 1900 Cabilone
1382 1834 1518 1915 dimisit,
1534 1856 1595 1899 nor

421 1939 510 2023 quod
533 1939 642 2005 dictus
664 1936 837 2016 Johannes
863 1938 895 2002 in
917 1938 1047 2023 prefata
1063 1937 1264 2021 Lingonensi
1281 1938 1478 2023 dignitatem
1499 1940 1552 2003 vel
1568 1959 1595 2024 p

419 2062 478 2106 seu
493 2041 641 2108 officium
657 2050 814 2127 expectat
830 2050 865 2106 et
881 2042 913 2105 in
931 2040 1049 2105 eadem
1066 2049 1100 2105 et
1112 2039 1297 2106 Morinensi
1313 2041 1462 2107 ecclesiis
1471 2044 1531 2107 sub
1545 2063 1595 2128 ex]

420 2144 664 2230 prebendarum
680 2145 712 2208 in
730 2144 930 2210 canonicum
946 2153 998 2208 est
1014 2151 1178 2231 receptus.

462 2248 659 2333 Apostolice
683 2246 817 2312 Sedis...

464 2351 542 2418 Dat.
558 2352 658 2417 Avin.
680 2372 717 2417 ro
734 2350 799 2417 kal.
816 2352 929 2438 aprilis
945 2373 1034 2417 anno
1051 2373 1079 2419 2.

453 2491 515 2550 Ηυξ.
528 2493 574 2538 Αν.
587 2492 610 2548 8,
623 2489 640 2538 l.
649 2490 696 2536 490
709 2489 850 2551 (fragment
864 2490 997 2550 illisible);
1011 2490 1068 2538 vat.
1082 2492 1121 2549 ol,
1133 2491 1151 2538 l.
1163 2491 1231 2549 2883
1244 2505 1269 2538 u.
1281 2491 1337 2540 986.

464 2686 567 2770 511.
1453 2702 1595 2783 1318,3ι

467 2802 636 2888 Magistris
653 2800 812 2867 Michaeli
838 2802 881 2866 de
897 2800 934 2866 M
939 2802 1132 2882 auconduit,
1150 2801 1351 2882 Parisiensis‚
1368 2810 1403 2867 et
1418 2801 1595 2867 Guillelmc

425 2904 649 2985 Belvacensis,
669 2925 710 2970 ac
725 2904 888 2970 Gervasio
903 2904 946 2969 de
962 2903 1082 2985 Buseo,
1099 2904 1360 2970 Silvanectensis
1375 2906 1546 2971 canonicis
1561 2926 1595 2971 e<

424 3009 601 3074 mandatur
616 3016 781 3093 quatenus
796 3008 971 3073 conferant
988 3007 1089 3073 Petro
1101 3008 1194 3073 dicto
1204 3007 1332 3073 Tesson
1348 3008 1590 3094 parrochialem

425 3113 455 3177 S.
472 3112 588 3190 Jacobi
604 3112 646 3176 de
663 3112 804 3196 Dieppa,
823 3110 1105 3195 Rothomagensis
1120 3111 1271 3191 diocesis,
1288 3121 1467 3177 vacantem
1483 3132 1542 3198 per
1557 3111 1595 3175 di

424 3238 443 3280 a
470 3214 630 3281 Gaulrido
660 3214 702 3279 de
740 3213 925 3279 Brienzone
956 3213 1092 3295 factam,
1121 3236 1187 3280 non
1220 3218 1376 3280 obstante
1406 3215 1497 3299 quod
1529 3216 1595 3281 dict

424 3319 664 3405 parrochialem
690 3319 867 3382 eeclesiam
895 3318 926 3383 S.
952 3317 1041 3383 Petri
1067 3319 1110 3383 de
1138 3318 1358 3394 Vassonvilla
1385 3319 1476 3384 dicte
1506 3319 1595 3384 dioc<

424 3424 593 3489 dimittere
624 3421 801 3501 tenebitur,
825 3429 860 3485 et
884 3423 1106 3508 capellaniam
1123 3422 1154 3486 S.
1182 3421 1270 3487 Petri
1303 3422 1345 3487 de
1362 3420 1531 3499 Mesussio,
1563 3421 1592 3486 T

424 3528 578 3607 diocesis,
596 3526 737 3591 obtinet.

467 3630 663 3715 Apostolice
687 3627 821 3692 Sedis...

468 3735 545 3800 Dat.
561 3733 661 3797 Avin.
683 3753 720 3797 10
735 3731 802 3798 kal.
818 3732 931 3818 aprilis
946 3754 1036 3797 anno
1055 3754 1083 3798 2.

458 3874 518 3934 Reg.
530 3873 577 3919 Av.
590 3872 612 3930 9,
624 3871 642 3919 i.
655 3872 731 3922 autu:
746 3870 803 3919 Vat.
815 3872 854 3930 68,
867 3872 884 3918 l.
899 3872 964 3930 l3ll,
977 3885 1002 3918 n.
1016 3872 1086 3919 1405.

468 4068 574 4151 512.
1449 4100 1463 4143 1
1492 4083 1536 4145 18
1579 4102 1595 4144 ε

470 4183 636 4267 Philippo,
652 4181 718 4265 regi
738 4179 889 4259 Francie,
906 4180 1059 4245 scribitur
1081 4193 1247 4264 quatenus
1270 4078 1452 4248 subsidiudr
1462 4100 1494 4249 ia
1517 4079 1595 4270 pdbc

426 4286 493 4352 suis
508 4295 625 4357 contra
650 4283 871 4349 Flandrenses
883 4282 1026 4367 petitum
1050 4281 1160 4365 quoad
1184 4302 1319 4367 presens
1343 4284 1481 4349 concedi
1499 4295 1595 4370 oport

427 4389 567 4455 videtur.

472 4613 490 4655 <t
512 4590 691 4656 Carissimo
714 4589 747 4653 in
772 4587 905 4653 Christo
929 4588 998 4653 filio
1014 4588 1181 4674 Philippo,
1198 4589 1266 4672 regi
1284 4588 1424 4654 Francie
1441 4598 1475 4653 et
1491 4586 1595 4655 Nava:

426 4695 481 4759 Ad
496 4694 619 4779 grande
633 4695 706 4775 tibi,
724 4692 890 4758 carissime
915 4691 971 4771 fili,
996 4690 1098 4755 debet
1123 4690 1280 4773 gaudium
1297 4690 1415 4755 cedere
1439 4690 1587 4774 illudque

426 4800 512 4864 intra
527 4800 669 4864 claustra
684 4796 830 4882 pectoris
845 4796 943 4860 decet
952 4803 987 4859 te
999 4794 1193 4858 memoriter
1205 4795 1346 4858 retinere
1359 4794 1448 4878 quod
1460 4793 1593 4859 Roman

426 4911 535 4968 mater
549 4910 618 4983 tua,
634 4914 668 4967 te
684 4920 723 4966 ac
739 4897 1202 4981 christianissimumregnum
1219 4907 1313 4962 tuum
1331 4919 1371 4962 ea
1386 4898 1526 4964 caritate
1552 4919 1595 4985 pn

457 5160 482 5193 n.
494 5140 559 5189 illud
570 5140 638 5203 quod
649 5155 700 5204 rep.
712 5142 767 5189 110.
786 5168 817 5174 —
835 5140 856 5188 b.
867 5141 1043 5203 prmequimur
1056 5155 1105 5204 rep.
1120 5144 1174 5190 109.
