<?xml version="1.0" encoding="UTF-8"?>
<!DOCTYPE html PUBLIC "-//W3C//DTD XHTML 1.0 Transitional//EN"
    "http://www.w3.org/TR/xhtml1/DTD/xhtml1-transitional.dtd">
<html xmlns="http://www.w3.org/1999/xhtml" xml:lang="en" lang="en">
 <head>
  <title>
</title>
<meta http-equiv="Content-Type" content="text/html;charset=utf-8" />
  <meta name='ocr-system' content='tesseract 3.04.00' />
  <meta name='ocr-capabilities' content='ocr_page ocr_carea ocr_par ocr_line ocrx_word'/>
</head>
<body>
  <div class='ocr_page' id='page_1' title='image "./lettresdejeanxx00xxiigoog_0230.png"; bbox 0 0 4409 6017; ppageno 0'>
   <div class='ocr_carea' id='block_1_1' title="bbox 518 721 1334 789">
    <p class='ocr_par' dir='ltr' id='par_1_1' title="bbox 518 721 1334 789">
     <span class='ocr_line' id='line_1_1' title="bbox 518 721 1334 789; baseline -0.004 0"><span class='ocrx_word' id='word_1_1' title='bbox 518 724 576 789; x_wconf 80' lang='lat'>144</span> <span class='ocrx_word' id='word_1_2' title='bbox 1062 721 1210 788; x_wconf 75' lang='lat' dir='ltr'>Premibre</span> <span class='ocrx_word' id='word_1_3' title='bbox 1231 721 1334 787; x_wconf 73' lang='lat' dir='ltr'>annas.</span> 
     </span>
    </p>
   </div>
   <div class='ocr_carea' id='block_1_2' title="bbox 516 869 1882 3050">
    <p class='ocr_par' dir='ltr' id='par_1_2' title="bbox 516 869 1882 3050">
     <span class='ocr_line' id='line_1_2' title="bbox 518 869 1873 938; baseline -0.004 0"><span class='ocrx_word' id='word_1_4' title='bbox 518 874 629 938; x_wconf 90' lang='lat' dir='ltr'>minus</span> <span class='ocrx_word' id='word_1_5' title='bbox 643 872 774 938; x_wconf 91' lang='lat' dir='ltr'>dilectis</span> <span class='ocrx_word' id='word_1_6' title='bbox 798 872 873 937; x_wconf 89' lang='lat' dir='ltr'>filiis</span> <span class='ocrx_word' id='word_1_7' title='bbox 896 872 1062 937; x_wconf 92' lang='lat' dir='ltr'>nobilibus</span> <span class='ocrx_word' id='word_1_8' title='bbox 1077 871 1156 937; x_wconf 86' lang='lat' dir='ltr'>viris</span> <span class='ocrx_word' id='word_1_9' title='bbox 1172 871 1294 938; x_wconf 91' lang='lat' dir='ltr'>Valesii</span> <span class='ocrx_word' id='word_1_10' title='bbox 1311 879 1345 936; x_wconf 93' lang='lat' dir='ltr'>et</span> <span class='ocrx_word' id='word_1_11' title='bbox 1363 869 1514 938; x_wconf 90' lang='lat' dir='ltr'>Marchie</span> <span class='ocrx_word' id='word_1_12' title='bbox 1538 870 1720 937; x_wconf 86' lang='lat' dir='ltr'><strong>comitibus</strong></span> <span class='ocrx_word' id='word_1_13' title='bbox 1750 889 1873 935; x_wconf 88' lang='lat' dir='ltr'>necnon</span> 
     </span>
     <span class='ocr_line' id='line_1_3' title="bbox 519 974 1875 1061; baseline -0.001 -20"><span class='ocrx_word' id='word_1_14' title='bbox 519 976 594 1042; x_wconf 87' lang='lat' dir='ltr'>duci</span> <span class='ocrx_word' id='word_1_15' title='bbox 606 974 806 1060; x_wconf 77' lang='lat' dir='ltr'>Burgundio,</span> <span class='ocrx_word' id='word_1_16' title='bbox 817 985 854 1041; x_wconf 90' lang='lat' dir='ltr'>ut</span> <span class='ocrx_word' id='word_1_17' title='bbox 863 976 906 1042; x_wconf 91' lang='lat' dir='ltr'>ad</span> <span class='ocrx_word' id='word_1_18' title='bbox 915 984 949 1042; x_wconf 94' lang='lat' dir='ltr'>te</span> <span class='ocrx_word' id='word_1_19' title='bbox 965 975 998 1041; x_wconf 90' lang='lat' dir='ltr'>in</span> <span class='ocrx_word' id='word_1_20' title='bbox 1009 976 1073 1041; x_wconf 92' lang='lat' dir='ltr'>hiis</span> <span class='ocrx_word' id='word_1_21' title='bbox 1088 984 1123 1040; x_wconf 92' lang='lat' dir='ltr'>et</span> <span class='ocrx_word' id='word_1_22' title='bbox 1139 975 1212 1041; x_wconf 93' lang='lat' dir='ltr'>aliis</span> <span class='ocrx_word' id='word_1_23' title='bbox 1224 977 1297 1061; x_wconf 88' lang='lat' dir='ltr'>jura</span> <span class='ocrx_word' id='word_1_24' title='bbox 1313 976 1482 1060; x_wconf 85' lang='lat' dir='ltr'>sanguinis</span> <span class='ocrx_word' id='word_1_25' title='bbox 1497 983 1531 1041; x_wconf 93' lang='lat' dir='ltr'>et</span> <span class='ocrx_word' id='word_1_26' title='bbox 1541 974 1694 1041; x_wconf 89' lang='lat' dir='ltr'>debitum</span> <span class='ocrx_word' id='word_1_27' title='bbox 1712 974 1875 1041; x_wconf 86' lang='lat' dir='ltr'>fidelitatis</span> 
     </span>
     <span class='ocr_line' id='line_1_4' title="bbox 518 1076 1875 1166; baseline -0.001 -21"><span class='ocrx_word' id='word_1_28' title='bbox 518 1083 696 1145; x_wconf 86' lang='lat' dir='ltr'>observent</span> <span class='ocrx_word' id='word_1_29' title='bbox 710 1079 892 1146; x_wconf 86' lang='lat' dir='ltr'>affectuosa</span> <span class='ocrx_word' id='word_1_30' title='bbox 907 1080 1116 1165; x_wconf 83' lang='lat' dir='ltr'>repetitione,</span> <span class='ocrx_word' id='word_1_31' title='bbox 1133 1100 1193 1165; x_wconf 89' lang='lat' dir='ltr'>per</span> <span class='ocrx_word' id='word_1_32' title='bbox 1201 1080 1282 1145; x_wconf 90' lang='lat' dir='ltr'>alias</span> <span class='ocrx_word' id='word_1_33' title='bbox 1297 1088 1428 1146; x_wconf 89' lang='lat' dir='ltr'>nostras</span> <span class='ocrx_word' id='word_1_34' title='bbox 1438 1080 1619 1166; x_wconf 86' lang='lat' dir='ltr'>litteras(¹)</span> <span class='ocrx_word' id='word_1_35' title='bbox 1630 1078 1821 1146; x_wconf 87' lang='lat' dir='ltr'>suademus.</span> <span class='ocrx_word' id='word_1_36' title='bbox 1831 1076 1875 1143; x_wconf 91' lang='lat' dir='ltr'>Tu</span> 
     </span>
     <span class='ocr_line' id='line_1_5' title="bbox 517 1183 1875 1269; baseline 0 -24"><span class='ocrx_word' id='word_1_37' title='bbox 517 1203 608 1264; x_wconf 83' lang='lat' dir='ltr'>vero,</span> <span class='ocrx_word' id='word_1_38' title='bbox 625 1183 681 1264; x_wconf 88' lang='lat' dir='ltr'>fili,</span> <span class='ocrx_word' id='word_1_39' title='bbox 697 1183 782 1249; x_wconf 91' lang='lat' dir='ltr'>sicut</span> <span class='ocrx_word' id='word_1_40' title='bbox 794 1190 806 1214; x_wconf 75' lang='lat'>⁸</span> <span class='ocrx_word' id='word_1_41' title='bbox 816 1184 897 1250; x_wconf 88' lang='lat' dir='ltr'>alias</span> <span class='ocrx_word' id='word_1_42' title='bbox 912 1185 1022 1269; x_wconf 90' lang='lat' dir='ltr'>sepius</span> <span class='ocrx_word' id='word_1_43' title='bbox 1037 1190 1177 1269; x_wconf 89' lang='lat' dir='ltr'>paterne</span> <span class='ocrx_word' id='word_1_44' title='bbox 1192 1184 1253 1248; x_wconf 93' lang='lat' dir='ltr'>tibi</span> <span class='ocrx_word' id='word_1_45' title='bbox 1266 1184 1466 1269; x_wconf 85' lang='lat' dir='ltr'>suggessisse</span> <span class='ocrx_word' id='word_1_46' title='bbox 1481 1184 1705 1264; x_wconf 90' lang='lat' dir='ltr'>meminimus,</span> <span class='ocrx_word' id='word_1_47' title='bbox 1723 1183 1875 1249; x_wconf 89' lang='lat' dir='ltr'>comitem</span> 
     </span>
     <span class='ocr_line' id='line_1_6' title="bbox 518 1285 1875 1375; baseline -0.004 -20"><span class='ocrx_word' id='word_1_48' title='bbox 518 1299 553 1355; x_wconf 91' lang='lat' dir='ltr'>et</span> <span class='ocrx_word' id='word_1_49' title='bbox 577 1290 696 1356; x_wconf 90' lang='lat' dir='ltr'>ducem</span> <span class='ocrx_word' id='word_1_50' title='bbox 729 1291 866 1356; x_wconf 90' lang='lat' dir='ltr'>eosdem</span> <span class='ocrx_word' id='word_1_51' title='bbox 892 1299 1054 1375; x_wconf 85' lang='lat' dir='ltr'>quantum</span> <span class='ocrx_word' id='word_1_52' title='bbox 1080 1291 1240 1357; x_wconf 91' lang='lat' dir='ltr'>decenter</span> <span class='ocrx_word' id='word_1_53' title='bbox 1276 1290 1402 1375; x_wconf 92' lang='lat' dir='ltr'>poteris</span> <span class='ocrx_word' id='word_1_54' title='bbox 1428 1290 1472 1356; x_wconf 91' lang='lat' dir='ltr'>ad</span> <span class='ocrx_word' id='word_1_55' title='bbox 1495 1299 1588 1355; x_wconf 88' lang='lat' dir='ltr'>tuam</span> <span class='ocrx_word' id='word_1_56' title='bbox 1617 1285 1875 1354; x_wconf 88' lang='lat' dir='ltr'>benivolentiam</span> 
     </span>
     <span class='ocr_line' id='line_1_7' title="bbox 517 1388 1875 1479; baseline -0.006 -19"><span class='ocrx_word' id='word_1_57' title='bbox 517 1394 665 1460; x_wconf 87' lang='lat' dir='ltr'>attrahas</span> <span class='ocrx_word' id='word_1_58' title='bbox 691 1402 726 1458; x_wconf 91' lang='lat' dir='ltr'>et</span> <span class='ocrx_word' id='word_1_59' title='bbox 741 1393 784 1459; x_wconf 93' lang='lat' dir='ltr'>de</span> <span class='ocrx_word' id='word_1_60' title='bbox 799 1393 1071 1478; x_wconf 89' lang='lat' dir='ltr'>contingentibus</span> <span class='ocrx_word' id='word_1_61' title='bbox 1094 1394 1141 1458; x_wconf 95' lang='lat' dir='ltr'>nil</span> <span class='ocrx_word' id='word_1_62' title='bbox 1170 1393 1340 1474; x_wconf 88' lang='lat' dir='ltr'>omittens,</span> <span class='ocrx_word' id='word_1_63' title='bbox 1357 1393 1525 1460; x_wconf 91' lang='lat' dir='ltr'>residuum</span> <span class='ocrx_word' id='word_1_64' title='bbox 1541 1390 1754 1479; x_wconf 91' lang='lat' dir='ltr'>dispositioni</span> <span class='ocrx_word' id='word_1_65' title='bbox 1770 1388 1875 1455; x_wconf 85' lang='lat' dir='ltr'>divine</span> 
     </span>
     <span class='ocr_line' id='line_1_8' title="bbox 517 1494 1876 1583; baseline -0.007 -18"><span class='ocrx_word' id='word_1_66' title='bbox 517 1498 720 1565; x_wconf 88' lang='lat' dir='ltr'>committas.</span> <span class='ocrx_word' id='word_1_67' title='bbox 736 1498 768 1562; x_wconf 86' lang='lat' dir='ltr'>Si</span> <span class='ocrx_word' id='word_1_68' title='bbox 794 1518 885 1577; x_wconf 84' lang='lat' dir='ltr'>vem,</span> <span class='ocrx_word' id='word_1_69' title='bbox 901 1498 992 1582; x_wconf 92' lang='lat' dir='ltr'>quod</span> <span class='ocrx_word' id='word_1_70' title='bbox 1008 1497 1100 1563; x_wconf 92' lang='lat' dir='ltr'>Deus</span> <span class='ocrx_word' id='word_1_71' title='bbox 1115 1505 1247 1563; x_wconf 85' lang='lat' dir='ltr'>avertat</span> <span class='ocrx_word' id='word_1_72' title='bbox 1262 1496 1283 1577; x_wconf 77' lang='lat'>⁶,</span> <span class='ocrx_word' id='word_1_73' title='bbox 1299 1517 1367 1562; x_wconf 92' lang='lat' dir='ltr'>non</span> <span class='ocrx_word' id='word_1_74' title='bbox 1391 1498 1497 1583; x_wconf 91' lang='lat' dir='ltr'>possit</span> <span class='ocrx_word' id='word_1_75' title='bbox 1511 1508 1521 1532; x_wconf 74' lang='lat'><em>⁶</em></span> <span class='ocrx_word' id='word_1_76' title='bbox 1536 1497 1579 1563; x_wconf 87' lang='lat' dir='ltr'>ad</span> <span class='ocrx_word' id='word_1_77' title='bbox 1593 1504 1712 1561; x_wconf 90' lang='lat' dir='ltr'>votum</span> <span class='ocrx_word' id='word_1_78' title='bbox 1738 1494 1826 1558; x_wconf 90' lang='lat' dir='ltr'>inter</span> <span class='ocrx_word' id='word_1_79' title='bbox 1846 1501 1876 1555; x_wconf 88' lang='lat' dir='ltr'>te</span> 
     </span>
     <span class='ocr_line' id='line_1_9' title="bbox 517 1600 1876 1688; baseline -0.004 -22"><span class='ocrx_word' id='word_1_80' title='bbox 517 1609 553 1667; x_wconf 94' lang='lat' dir='ltr'>et</span> <span class='ocrx_word' id='word_1_81' title='bbox 569 1600 761 1685; x_wconf 86' lang='lat' dir='ltr'>Flamingos</span> <span class='ocrx_word' id='word_1_82' title='bbox 784 1602 921 1668; x_wconf 87' lang='lat' dir='ltr'>eosdem</span> <span class='ocrx_word' id='word_1_83' title='bbox 945 1603 1120 1688; x_wconf 89' lang='lat' dir='ltr'>prolocuta</span> <span class='ocrx_word' id='word_1_84' title='bbox 1145 1602 1325 1668; x_wconf 90' lang='lat' dir='ltr'>concordia</span> <span class='ocrx_word' id='word_1_85' title='bbox 1348 1601 1474 1687; x_wconf 88' lang='lat' dir='ltr'>perfici,</span> <span class='ocrx_word' id='word_1_86' title='bbox 1501 1622 1564 1667; x_wconf 92' lang='lat' dir='ltr'>nos</span> <span class='ocrx_word' id='word_1_87' title='bbox 1589 1600 1762 1666; x_wconf 86' lang='lat' dir='ltr'>indubiam</span> <span class='ocrx_word' id='word_1_88' title='bbox 1788 1618 1876 1683; x_wconf 89' lang='lat' dir='ltr'>spem</span> 
     </span>
     <span class='ocr_line' id='line_1_10' title="bbox 518 1698 1876 1791; baseline -0.005 -20"><span class='ocrx_word' id='word_1_89' title='bbox 518 1706 680 1771; x_wconf 88' lang='lat' dir='ltr'>babentes</span> <span class='ocrx_word' id='word_1_90' title='bbox 706 1705 806 1790; x_wconf 89' lang='lat' dir='ltr'>quod,</span> <span class='ocrx_word' id='word_1_91' title='bbox 829 1706 978 1771; x_wconf 92' lang='lat' dir='ltr'>Domino</span> <span class='ocrx_word' id='word_1_92' title='bbox 1011 1706 1165 1787; x_wconf 86' lang='lat' dir='ltr'>faciente,</span> <span class='ocrx_word' id='word_1_93' title='bbox 1197 1706 1230 1770; x_wconf 93' lang='lat' dir='ltr'>in</span> <span class='ocrx_word' id='word_1_94' title='bbox 1265 1712 1379 1770; x_wconf 86' lang='lat' dir='ltr'>nostra</span> <span class='ocrx_word' id='word_1_95' title='bbox 1406 1704 1594 1791; x_wconf 89' lang='lat' dir='ltr'>promptius</span> <span class='ocrx_word' id='word_1_96' title='bbox 1616 1711 1720 1787; x_wconf 88' lang='lat' dir='ltr'>atque</span> <span class='ocrx_word' id='word_1_97' title='bbox 1744 1698 1876 1766; x_wconf 85' lang='lat' dir='ltr'>solidius</span> 
     </span>
     <span class='ocr_line' id='line_1_11' title="bbox 516 1806 1877 1898; baseline -0.004 -21"><span class='ocrx_word' id='word_1_98' title='bbox 516 1811 640 1898; x_wconf 90' lang='lat' dir='ltr'>poterit</span> <span class='ocrx_word' id='word_1_99' title='bbox 656 1812 878 1877; x_wconf 88' lang='lat' dir='ltr'>consummari</span> <span class='ocrx_word' id='word_1_100' title='bbox 894 1820 929 1877; x_wconf 88' lang='lat' dir='ltr'>et</span> <span class='ocrx_word' id='word_1_101' title='bbox 945 1811 1067 1877; x_wconf 88' lang='lat' dir='ltr'>firmari</span> <span class='ocrx_word' id='word_1_102' title='bbox 1083 1811 1252 1898; x_wconf 89' lang='lat' dir='ltr'>presentia</span> <span class='ocrx_word' id='word_1_103' title='bbox 1278 1819 1313 1875; x_wconf 93' lang='lat' dir='ltr'>et</span> <span class='ocrx_word' id='word_1_104' title='bbox 1330 1810 1417 1875; x_wconf 90' lang='lat' dir='ltr'>inter</span> <span class='ocrx_word' id='word_1_105' title='bbox 1431 1818 1466 1875; x_wconf 90' lang='lat' dir='ltr'>te</span> <span class='ocrx_word' id='word_1_106' title='bbox 1482 1818 1517 1876; x_wconf 91' lang='lat' dir='ltr'>et</span> <span class='ocrx_word' id='word_1_107' title='bbox 1533 1809 1675 1877; x_wconf 90' lang='lat' dir='ltr'>comites</span> <span class='ocrx_word' id='word_1_108' title='bbox 1689 1806 1877 1874; x_wconf 87' lang='lat' dir='ltr'>antedictos</span> 
     </span>
     <span class='ocr_line' id='line_1_12' title="bbox 517 1912 1877 2001; baseline -0.004 -20"><span class='ocrx_word' id='word_1_109' title='bbox 517 1915 664 2001; x_wconf 84' lang='lat' dir='ltr'>optando</span> <span class='ocrx_word' id='word_1_110' title='bbox 680 1915 908 1982; x_wconf 87' lang='lat' dir='ltr'>unanimitatis</span> <span class='ocrx_word' id='word_1_111' title='bbox 931 1915 1155 1981; x_wconf 90' lang='lat' dir='ltr'>reconsiliatio</span> <span class='ocrx_word' id='word_1_112' title='bbox 1180 1914 1307 1981; x_wconf 86' lang='lat' dir='ltr'>facilius</span> <span class='ocrx_word' id='word_1_113' title='bbox 1330 1914 1508 1999; x_wconf 89' lang='lat' dir='ltr'>procurari,</span> <span class='ocrx_word' id='word_1_114' title='bbox 1524 1934 1614 1994; x_wconf 88' lang='lat' dir='ltr'>ecce,</span> <span class='ocrx_word' id='word_1_115' title='bbox 1630 1913 1710 1979; x_wconf 91' lang='lat' dir='ltr'>licet</span> <span class='ocrx_word' id='word_1_116' title='bbox 1725 1912 1826 1977; x_wconf 83' lang='lat' dir='ltr'>variis</span> <span class='ocrx_word' id='word_1_117' title='bbox 1847 1919 1877 1976; x_wconf 92' lang='lat' dir='ltr'>et</span> 
     </span>
     <span class='ocr_line' id='line_1_13' title="bbox 517 2018 1878 2105; baseline -0.003 -19"><span class='ocrx_word' id='word_1_118' title='bbox 517 2020 628 2086; x_wconf 88' lang='lat' dir='ltr'>arduis</span> <span class='ocrx_word' id='word_1_119' title='bbox 643 2018 745 2085; x_wconf 89' lang='lat' dir='ltr'>simus</span> <span class='ocrx_word' id='word_1_120' title='bbox 760 2019 914 2105; x_wconf 91' lang='lat' dir='ltr'>occupati</span> <span class='ocrx_word' id='word_1_121' title='bbox 932 2020 1085 2105; x_wconf 91' lang='lat' dir='ltr'>negotiis,</span> <span class='ocrx_word' id='word_1_122' title='bbox 1102 2019 1159 2084; x_wconf 91' lang='lat' dir='ltr'>illa</span> <span class='ocrx_word' id='word_1_123' title='bbox 1173 2028 1287 2083; x_wconf 90' lang='lat' dir='ltr'>tamen</span> <span class='ocrx_word' id='word_1_124' title='bbox 1304 2026 1506 2103; x_wconf 89' lang='lat' dir='ltr'>postponere</span> <span class='ocrx_word' id='word_1_125' title='bbox 1534 2027 1568 2083; x_wconf 92' lang='lat' dir='ltr'>et</span> <span class='ocrx_word' id='word_1_126' title='bbox 1583 2018 1754 2104; x_wconf 86' lang='lat' dir='ltr'>premissis</span> <span class='ocrx_word' id='word_1_127' title='bbox 1769 2038 1878 2083; x_wconf 90' lang='lat' dir='ltr'>snmus</span> 
     </span>
     <span class='ocr_line' id='line_1_14' title="bbox 517 2121 1878 2209; baseline -0.001 -20"><span class='ocrx_word' id='word_1_128' title='bbox 517 2144 636 2189; x_wconf 78' lang='lat' dir='ltr'>vacare</span> <span class='ocrx_word' id='word_1_129' title='bbox 651 2123 768 2209; x_wconf 86' lang='lat' dir='ltr'>parati,</span> <span class='ocrx_word' id='word_1_130' title='bbox 784 2123 810 2188; x_wconf 93' lang='lat' dir='ltr'>si</span> <span class='ocrx_word' id='word_1_131' title='bbox 827 2131 864 2187; x_wconf 87' lang='lat' dir='ltr'>tu</span> <span class='ocrx_word' id='word_1_132' title='bbox 880 2137 915 2188; x_wconf 90' lang='lat' dir='ltr'>et</span> <span class='ocrx_word' id='word_1_133' title='bbox 932 2123 978 2187; x_wconf 95' lang='lat' dir='ltr'>illi</span> <span class='ocrx_word' id='word_1_134' title='bbox 995 2124 1107 2189; x_wconf 92' lang='lat' dir='ltr'>locum</span> <span class='ocrx_word' id='word_1_135' title='bbox 1122 2123 1268 2207; x_wconf 87' lang='lat' dir='ltr'>aliquem</span> <span class='ocrx_word' id='word_1_136' title='bbox 1284 2122 1376 2207; x_wconf 90' lang='lat' dir='ltr'>regni</span> <span class='ocrx_word' id='word_1_137' title='bbox 1402 2121 1450 2187; x_wconf 92' lang='lat' dir='ltr'>tui</span> <span class='ocrx_word' id='word_1_138' title='bbox 1477 2121 1626 2187; x_wconf 83' lang='lat' dir='ltr'>vicinum</span> <span class='ocrx_word' id='word_1_139' title='bbox 1649 2121 1748 2186; x_wconf 91' lang='lat' dir='ltr'>nobis</span> <span class='ocrx_word' id='word_1_140' title='bbox 1768 2130 1878 2208; x_wconf 85' lang='lat' dir='ltr'>capta-</span> 
     </span>
     <span class='ocr_line' id='line_1_15' title="bbox 517 2225 1879 2312; baseline -0.001 -20"><span class='ocrx_word' id='word_1_141' title='bbox 517 2227 605 2307; x_wconf 86' lang='lat' dir='ltr'>bitis,</span> <span class='ocrx_word' id='word_1_142' title='bbox 616 2226 670 2291; x_wconf 91' lang='lat' dir='ltr'>ubi</span> <span class='ocrx_word' id='word_1_143' title='bbox 686 2226 831 2312; x_wconf 88' lang='lat' dir='ltr'>prompti</span> <span class='ocrx_word' id='word_1_144' title='bbox 842 2225 856 2261; x_wconf 72' lang='lat'>‘¹</span> <span class='ocrx_word' id='word_1_145' title='bbox 865 2227 1044 2292; x_wconf 85' lang='lat' dir='ltr'>convenire</span> <span class='ocrx_word' id='word_1_146' title='bbox 1055 2226 1186 2306; x_wconf 90' lang='lat' dir='ltr'>curetis,</span> <span class='ocrx_word' id='word_1_147' title='bbox 1198 2233 1232 2291; x_wconf 90' lang='lat' dir='ltr'>et</span> <span class='ocrx_word' id='word_1_148' title='bbox 1247 2246 1310 2292; x_wconf 93' lang='lat' dir='ltr'>nos</span> <span class='ocrx_word' id='word_1_149' title='bbox 1325 2226 1467 2291; x_wconf 87' lang='lat' dir='ltr'>libenter</span> <span class='ocrx_word' id='word_1_150' title='bbox 1483 2225 1529 2290; x_wconf 93' lang='lat' dir='ltr'>illi</span> <span class='ocrx_word' id='word_1_151' title='bbox 1540 2225 1879 2311; x_wconf 86' lang='lat' dir='ltr'>appropinquabimus</span> 
     </span>
     <span class='ocr_line' id='line_1_16' title="bbox 518 2328 1879 2415; baseline -0.001 -19"><span class='ocrx_word' id='word_1_152' title='bbox 518 2338 553 2396; x_wconf 91' lang='lat' dir='ltr'>et</span> <span class='ocrx_word' id='word_1_153' title='bbox 564 2350 653 2395; x_wconf 92' lang='lat' dir='ltr'>nunc</span> <span class='ocrx_word' id='word_1_154' title='bbox 662 2332 776 2409; x_wconf 91' lang='lat' dir='ltr'>verb0,</span> <span class='ocrx_word' id='word_1_155' title='bbox 786 2350 876 2395; x_wconf 93' lang='lat' dir='ltr'>nunc</span> <span class='ocrx_word' id='word_1_156' title='bbox 886 2330 1014 2410; x_wconf 90' lang='lat' dir='ltr'>litteris,</span> <span class='ocrx_word' id='word_1_157' title='bbox 1025 2350 1114 2395; x_wconf 92' lang='lat' dir='ltr'>nunc</span> <span class='ocrx_word' id='word_1_158' title='bbox 1124 2329 1338 2395; x_wconf 87' lang='lat' dir='ltr'>internuntiis</span> <span class='ocrx_word' id='word_1_159' title='bbox 1352 2329 1512 2395; x_wconf 85' lang='lat' dir='ltr'>faciemus</span> <span class='ocrx_word' id='word_1_160' title='bbox 1522 2328 1681 2413; x_wconf 91' lang='lat' dir='ltr'>quicquid</span> <span class='ocrx_word' id='word_1_161' title='bbox 1695 2330 1879 2415; x_wconf 90' lang='lat' dir='ltr'>poterimus</span> 
     </span>
     <span class='ocr_line' id='line_1_17' title="bbox 518 2432 1878 2521; baseline 0.002 -22"><span class='ocrx_word' id='word_1_162' title='bbox 518 2436 551 2499; x_wconf 94' lang='lat' dir='ltr'>in</span> <span class='ocrx_word' id='word_1_163' title='bbox 567 2434 742 2521; x_wconf 89' lang='lat' dir='ltr'>premissis.</span> <span class='ocrx_word' id='word_1_164' title='bbox 759 2433 917 2498; x_wconf 90' lang='lat' dir='ltr'>Ceterum</span> <span class='ocrx_word' id='word_1_165' title='bbox 933 2433 1068 2519; x_wconf 85' lang='lat' dir='ltr'>prefatis</span> <span class='ocrx_word' id='word_1_166' title='bbox 1091 2434 1217 2499; x_wconf 87' lang='lat' dir='ltr'>nuntiis</span> <span class='ocrx_word' id='word_1_167' title='bbox 1241 2433 1363 2499; x_wconf 87' lang='lat' dir='ltr'>nostris</span> <span class='ocrx_word' id='word_1_168' title='bbox 1387 2454 1454 2499; x_wconf 94' lang='lat' dir='ltr'>non</span> <span class='ocrx_word' id='word_1_169' title='bbox 1471 2432 1658 2499; x_wconf 86' lang='lat' dir='ltr'>omittimus</span> <span class='ocrx_word' id='word_1_170' title='bbox 1673 2433 1820 2499; x_wconf 87' lang='lat' dir='ltr'>scribere</span> <span class='ocrx_word' id='word_1_171' title='bbox 1836 2434 1878 2518; x_wconf 76' lang='lat'>(²)</span> 
     </span>
     <span class='ocr_line' id='line_1_18' title="bbox 518 2536 1881 2624; baseline -0.001 -20"><span class='ocrx_word' id='word_1_172' title='bbox 518 2559 582 2623; x_wconf 91' lang='lat' dir='ltr'>que</span> <span class='ocrx_word' id='word_1_173' title='bbox 595 2537 682 2603; x_wconf 90' lang='lat' dir='ltr'>circa</span> <span class='ocrx_word' id='word_1_174' title='bbox 698 2538 857 2624; x_wconf 89' lang='lat' dir='ltr'>premissa</span> <span class='ocrx_word' id='word_1_175' title='bbox 872 2537 1016 2602; x_wconf 91' lang='lat' dir='ltr'>vidimus</span> <span class='ocrx_word' id='word_1_176' title='bbox 1025 2537 1192 2623; x_wconf 83' lang='lat' dir='ltr'>expedire,</span> <span class='ocrx_word' id='word_1_177' title='bbox 1207 2557 1299 2623; x_wconf 88' lang='lat' dir='ltr'>quos,</span> <span class='ocrx_word' id='word_1_178' title='bbox 1312 2536 1471 2621; x_wconf 87' lang='lat' dir='ltr'>quamdiu</span> <span class='ocrx_word' id='word_1_179' title='bbox 1482 2557 1541 2603; x_wconf 90' lang='lat' dir='ltr'>eos</span> <span class='ocrx_word' id='word_1_180' title='bbox 1549 2536 1610 2602; x_wconf 90' lang='lat' dir='ltr'>tibi</span> <span class='ocrx_word' id='word_1_181' title='bbox 1621 2545 1655 2603; x_wconf 91' lang='lat' dir='ltr'>et</span> <span class='ocrx_word' id='word_1_182' title='bbox 1665 2537 1806 2623; x_wconf 90' lang='lat' dir='ltr'>agendis</span> <span class='ocrx_word' id='word_1_183' title='bbox 1818 2537 1881 2603; x_wconf 90' lang='lat' dir='ltr'>tuis</span> 
     </span>
     <span class='ocr_line' id='line_1_19' title="bbox 518 2640 1882 2727; baseline 0.001 -22"><span class='ocrx_word' id='word_1_184' title='bbox 518 2641 615 2706; x_wconf 90' lang='lat' dir='ltr'>utiles</span> <span class='ocrx_word' id='word_1_185' title='bbox 630 2648 688 2706; x_wconf 91' lang='lat' dir='ltr'>aut</span> <span class='ocrx_word' id='word_1_186' title='bbox 705 2642 908 2706; x_wconf 89' lang='lat' dir='ltr'>necessarios</span> <span class='ocrx_word' id='word_1_187' title='bbox 923 2640 1055 2722; x_wconf 87' lang='lat' dir='ltr'>videris,</span> <span class='ocrx_word' id='word_1_188' title='bbox 1071 2641 1114 2706; x_wconf 89' lang='lat' dir='ltr'>ad</span> <span class='ocrx_word' id='word_1_189' title='bbox 1130 2649 1249 2706; x_wconf 91' lang='lat' dir='ltr'>nutum</span> <span class='ocrx_word' id='word_1_190' title='bbox 1272 2648 1368 2705; x_wconf 90' lang='lat' dir='ltr'>tuum</span> <span class='ocrx_word' id='word_1_191' title='bbox 1393 2640 1426 2704; x_wconf 92' lang='lat' dir='ltr'>in</span> <span class='ocrx_word' id='word_1_192' title='bbox 1451 2641 1515 2706; x_wconf 92' lang='lat' dir='ltr'>illis</span> <span class='ocrx_word' id='word_1_193' title='bbox 1535 2661 1708 2707; x_wconf 91' lang='lat' dir='ltr'>remanere</span> <span class='ocrx_word' id='word_1_194' title='bbox 1733 2642 1882 2727; x_wconf 89' lang='lat' dir='ltr'>partibus</span> 
     </span>
     <span class='ocr_line' id='line_1_20' title="bbox 517 2743 1881 2830; baseline 0.001 -22"><span class='ocrx_word' id='word_1_195' title='bbox 517 2746 681 2824; x_wconf 79' lang='lat' dir='ltr'>volumus,</span> <span class='ocrx_word' id='word_1_196' title='bbox 697 2744 843 2828; x_wconf 90' lang='lat' dir='ltr'>alioquin</span> <span class='ocrx_word' id='word_1_197' title='bbox 868 2744 911 2809; x_wconf 91' lang='lat' dir='ltr'>ad</span> <span class='ocrx_word' id='word_1_198' title='bbox 936 2765 1014 2809; x_wconf 91' lang='lat' dir='ltr'>eum</span> <span class='ocrx_word' id='word_1_199' title='bbox 1038 2746 1093 2829; x_wconf 92' lang='lat' dir='ltr'>qui</span> <span class='ocrx_word' id='word_1_200' title='bbox 1120 2766 1156 2809; x_wconf 91' lang='lat' dir='ltr'>se</span> <span class='ocrx_word' id='word_1_201' title='bbox 1181 2744 1272 2810; x_wconf 91' lang='lat' dir='ltr'>misit</span> <span class='ocrx_word' id='word_1_202' title='bbox 1296 2764 1354 2809; x_wconf 91' lang='lat' dir='ltr'>eos</span> <span class='ocrx_word' id='word_1_203' title='bbox 1383 2743 1521 2810; x_wconf 87' lang='lat' dir='ltr'>indilate</span> <span class='ocrx_word' id='word_1_204' title='bbox 1543 2744 1661 2811; x_wconf 87' lang='lat' dir='ltr'>redire.</span> <span class='ocrx_word' id='word_1_205' title='bbox 1682 2745 1761 2812; x_wconf 90' lang='lat' dir='ltr'>Dat.</span> <span class='ocrx_word' id='word_1_206' title='bbox 1781 2764 1800 2830; x_wconf 93' lang='lat'><em>7</em></span> <span class='ocrx_word' id='word_1_207' title='bbox 1817 2744 1881 2811; x_wconf 86' lang='lat' dir='ltr'>kal.</span> 
     </span>
     <span class='ocr_line' id='line_1_21' title="bbox 518 2849 829 2936; baseline -0.013 -21"><span class='ocrx_word' id='word_1_208' title='bbox 518 2849 719 2936; x_wconf 87' lang='lat' dir='ltr'>septembris</span> <span class='ocrx_word' id='word_1_209' title='bbox 736 2849 793 2933; x_wconf 84' lang='lat'>(³).</span> <span class='ocrx_word' id='word_1_210' title='bbox 812 2869 829 2911; x_wconf 73' lang='lat' dir='ltr'>a</span> 
     </span>
     <span class='ocr_line' id='line_1_22' title="bbox 552 2985 1411 3050; baseline -0.002 -14"><span class='ocrx_word' id='word_1_211' title='bbox 552 2988 613 3047; x_wconf 80' lang='lat' dir='ltr'>Rog.</span> <span class='ocrx_word' id='word_1_212' title='bbox 628 2987 685 3036; x_wconf 75' lang='lat' dir='ltr'>Vat.</span> <span class='ocrx_word' id='word_1_213' title='bbox 697 2989 749 3045; x_wconf 85' lang='lat'>110,</span> <span class='ocrx_word' id='word_1_214' title='bbox 763 3002 822 3050; x_wconf 68' lang='lat' dir='ltr'>pars</span> <span class='ocrx_word' id='word_1_215' title='bbox 836 2987 855 3045; x_wconf 90' lang='lat' dir='ltr'>l,</span> <span class='ocrx_word' id='word_1_216' title='bbox 868 2987 885 3034; x_wconf 85' lang='lat' dir='ltr'>f.</span> <span class='ocrx_word' id='word_1_217' title='bbox 898 2988 947 3045; x_wconf 71' lang='lat'>27⁸,</span> <span class='ocrx_word' id='word_1_218' title='bbox 962 3001 986 3033; x_wconf 89' lang='lat' dir='ltr'>n.</span> <span class='ocrx_word' id='word_1_219' title='bbox 1000 2988 1056 3033; x_wconf 67' lang='grc'><strong>311-</strong></span> <span class='ocrx_word' id='word_1_220' title='bbox 1073 2985 1196 3036; x_wconf 84' lang='lat' dir='ltr'>-Ooulon</span> <span class='ocrx_word' id='word_1_221' title='bbox 1210 3001 1233 3034; x_wconf 92' lang='lat' dir='ltr'>n.</span> <span class='ocrx_word' id='word_1_222' title='bbox 1247 2988 1294 3033; x_wconf 76' lang='lat' dir='ltr'>:llll</span> <span class='ocrx_word' id='word_1_223' title='bbox 1307 2987 1411 3048; x_wconf 80' lang='lat' dir='ltr'>(texte).</span> 
     </span>
    </p>
   </div>
   <div class='ocr_carea' id='block_1_3' title="bbox 518 3159 1883 3579">
    <p class='ocr_par' dir='ltr' id='par_1_3' title="bbox 561 3159 1839 3268">
     <span class='ocr_line' id='line_1_23' title="bbox 561 3159 1839 3268; baseline 0.003 -25"><span class='ocrx_word' id='word_1_224' title='bbox 561 3159 682 3244; x_wconf 82' lang='grc'>409.</span> <span class='ocrx_word' id='word_1_225' title='bbox 1183 3159 1187 3166; x_wconf 45' lang='grc'><strong><em>’</em></strong></span> <span class='ocrx_word' id='word_1_226' title='bbox 1526 3176 1637 3264; x_wconf 77' lang='lat'>[1317,</span> <span class='ocrx_word' id='word_1_227' title='bbox 1662 3181 1704 3244; x_wconf 83' lang='lat'>26</span> <span class='ocrx_word' id='word_1_228' title='bbox 1727 3181 1839 3268; x_wconf 65' lang='lat' dir='ltr'>nott}</span> 
     </span>
    </p>

    <p class='ocr_par' dir='ltr' id='par_1_4' title="bbox 518 3277 1883 3579">
     <span class='ocr_line' id='line_1_24' title="bbox 561 3277 1883 3373; baseline 0.005 -30"><span class='ocrx_word' id='word_1_229' title='bbox 561 3277 692 3361; x_wconf 84' lang='lat' dir='ltr'>CarolO,</span> <span class='ocrx_word' id='word_1_230' title='bbox 718 3278 833 3344; x_wconf 92' lang='lat' dir='ltr'>comiti</span> <span class='ocrx_word' id='word_1_231' title='bbox 859 3278 990 3361; x_wconf 85' lang='lat' dir='ltr'>Valesii‚</span> <span class='ocrx_word' id='word_1_232' title='bbox 1017 3281 1195 3346; x_wconf 85' lang='lat' dir='ltr'>mandatur</span> <span class='ocrx_word' id='word_1_233' title='bbox 1220 3289 1384 3364; x_wconf 89' lang='lat' dir='ltr'>quatenus</span> <span class='ocrx_word' id='word_1_234' title='bbox 1409 3302 1521 3366; x_wconf 88' lang='lat' dir='ltr'>regem</span> <span class='ocrx_word' id='word_1_235' title='bbox 1547 3280 1697 3367; x_wconf 89' lang='lat' dir='ltr'>Francie,</span> <span class='ocrx_word' id='word_1_236' title='bbox 1720 3298 1883 3373; x_wconf 91' lang='lat' dir='ltr'>nepotem</span> 
     </span>
     <span class='ocr_line' id='line_1_25' title="bbox 518 3385 1883 3474; baseline 0.004 -25"><span class='ocrx_word' id='word_1_237' title='bbox 518 3405 624 3464; x_wconf 92' lang='lat' dir='ltr'>suum,</span> <span class='ocrx_word' id='word_1_238' title='bbox 641 3385 831 3451; x_wconf 92' lang='lat' dir='ltr'>nullatenus</span> <span class='ocrx_word' id='word_1_239' title='bbox 846 3386 987 3466; x_wconf 88' lang='lat' dir='ltr'>deserat,</span> <span class='ocrx_word' id='word_1_240' title='bbox 1004 3386 1062 3451; x_wconf 89' lang='lat' dir='ltr'>sed</span> <span class='ocrx_word' id='word_1_241' title='bbox 1079 3387 1189 3452; x_wconf 90' lang='lat' dir='ltr'>eidem</span> <span class='ocrx_word' id='word_1_242' title='bbox 1205 3386 1347 3467; x_wconf 84' lang='lat' dir='ltr'>assistat,</span> <span class='ocrx_word' id='word_1_243' title='bbox 1364 3388 1509 3453; x_wconf 89' lang='lat' dir='ltr'>maxime</span> <span class='ocrx_word' id='word_1_244' title='bbox 1525 3388 1613 3454; x_wconf 88' lang='lat' dir='ltr'>circa</span> <span class='ocrx_word' id='word_1_245' title='bbox 1637 3389 1883 3474; x_wconf 82' lang='lat' dir='ltr'>perfectionem</span> 
     </span>
     <span class='ocr_line' id='line_1_26' title="bbox 518 3487 1883 3579; baseline 0.004 -27"><span class='ocrx_word' id='word_1_246' title='bbox 518 3488 696 3553; x_wconf 89' lang='lat' dir='ltr'>concordie</span> <span class='ocrx_word' id='word_1_247' title='bbox 711 3509 788 3554; x_wconf 92' lang='lat' dir='ltr'>cum</span> <span class='ocrx_word' id='word_1_248' title='bbox 806 3487 1065 3555; x_wconf 89' lang='lat' dir='ltr'>Flandrensibns</span> <span class='ocrx_word' id='word_1_249' title='bbox 1077 3492 1146 3576; x_wconf 83' lang='lat' dir='ltr'>jam</span> <span class='ocrx_word' id='word_1_250' title='bbox 1163 3498 1316 3571; x_wconf 88' lang='lat' dir='ltr'>tractate,</span> <span class='ocrx_word' id='word_1_251' title='bbox 1334 3511 1398 3575; x_wconf 92' lang='lat' dir='ltr'>que</span> <span class='ocrx_word' id='word_1_252' title='bbox 1414 3492 1499 3557; x_wconf 89' lang='lat' dir='ltr'>sicut</span> <span class='ocrx_word' id='word_1_253' title='bbox 1523 3513 1542 3556; x_wconf 91' lang='lat' dir='ltr'>a</span> <span class='ocrx_word' id='word_1_254' title='bbox 1565 3493 1679 3558; x_wconf 90' lang='lat' dir='ltr'>multis</span> <span class='ocrx_word' id='word_1_255' title='bbox 1695 3494 1883 3579; x_wconf 90' lang='lat' dir='ltr'>conjicitur,</span> 
     </span>
    </p>
   </div>
   <div class='ocr_carea' id='block_1_4' title="bbox 518 3592 1839 3883">
    <p class='ocr_par' dir='ltr' id='par_1_5' title="bbox 518 3592 1839 3883">
     <span class='ocr_line' id='line_1_27' title="bbox 518 3592 1839 3680; baseline 0.005 -23"><span class='ocrx_word' id='word_1_256' title='bbox 518 3613 558 3657; x_wconf 87' lang='lat' dir='ltr'>ex</span> <span class='ocrx_word' id='word_1_257' title='bbox 575 3592 702 3658; x_wconf 88' lang='lat' dir='ltr'>efficaci</span> <span class='ocrx_word' id='word_1_258' title='bbox 717 3594 930 3679; x_wconf 89' lang='lat' dir='ltr'>promotione</span> <span class='ocrx_word' id='word_1_259' title='bbox 941 3615 999 3659; x_wconf 92' lang='lat' dir='ltr'>sua</span> <span class='ocrx_word' id='word_1_260' title='bbox 1015 3597 1158 3660; x_wconf 90' lang='lat' dir='ltr'>celerem</span> <span class='ocrx_word' id='word_1_261' title='bbox 1175 3603 1209 3660; x_wconf 92' lang='lat' dir='ltr'>et</span> <span class='ocrx_word' id='word_1_262' title='bbox 1225 3596 1377 3660; x_wconf 81' lang='lat' dir='ltr'>votivum</span> <span class='ocrx_word' id='word_1_263' title='bbox 1393 3596 1520 3661; x_wconf 85' lang='lat' dir='ltr'>exitum</span> <span class='ocrx_word' id='word_1_264' title='bbox 1537 3595 1660 3662; x_wconf 88' lang='lat' dir='ltr'>habere</span> <span class='ocrx_word' id='word_1_265' title='bbox 1675 3603 1839 3680; x_wconf 86' lang='lat' dir='ltr'>speratur.</span> 
     </span>
     <span class='ocr_line' id='line_1_28' title="bbox 562 3696 790 3779; baseline 0.009 -19"><span class='ocrx_word' id='word_1_266' title='bbox 562 3696 673 3779; x_wconf 86' lang='lat' dir='ltr'>Silere,</span> <span class='ocrx_word' id='word_1_267' title='bbox 691 3696 790 3777; x_wconf 87' lang='lat' dir='ltr'>fili‚...</span> 
     </span>
     <span class='ocr_line' id='line_1_29' title="bbox 564 3798 832 3883; baseline 0.007 -22"><span class='ocrx_word' id='word_1_268' title='bbox 564 3798 641 3863; x_wconf 89' lang='lat' dir='ltr'>Dat.</span> <span class='ocrx_word' id='word_1_269' title='bbox 665 3805 701 3863; x_wconf 91' lang='lat' dir='ltr'>ut</span> <span class='ocrx_word' id='word_1_270' title='bbox 725 3819 832 3883; x_wconf 89' lang='lat' dir='ltr'>supra.</span> 
     </span>
    </p>
   </div>
   <div class='ocr_carea' id='block_1_5' title="bbox 551 3937 1418 4003">
    <p class='ocr_par' dir='ltr' id='par_1_6' title="bbox 551 3937 1418 4003">
     <span class='ocr_line' id='line_1_30' title="bbox 551 3937 1418 4003; baseline 0.006 -19"><span class='ocrx_word' id='word_1_271' title='bbox 551 3938 612 3997; x_wconf 80' lang='lat' dir='ltr'>llog.</span> <span class='ocrx_word' id='word_1_272' title='bbox 625 3937 682 3985; x_wconf 81' lang='lat' dir='ltr'>Vnt.</span> <span class='ocrx_word' id='word_1_273' title='bbox 698 3939 749 3996; x_wconf 82' lang='lat' dir='ltr'>llo,</span> <span class='ocrx_word' id='word_1_274' title='bbox 763 3951 822 3999; x_wconf 80' lang='lat' dir='ltr'>pars</span> <span class='ocrx_word' id='word_1_275' title='bbox 835 3937 854 3996; x_wconf 89' lang='lat' dir='ltr'>l,</span> <span class='ocrx_word' id='word_1_276' title='bbox 867 3937 885 3987; x_wconf 80' lang='lat' dir='ltr'>f.</span> <span class='ocrx_word' id='word_1_277' title='bbox 898 3939 948 3998; x_wconf 74' lang='lat'>28&#39;,</span> <span class='ocrx_word' id='word_1_278' title='bbox 961 3954 986 3987; x_wconf 89' lang='lat' dir='ltr'>n.</span> <span class='ocrx_word' id='word_1_279' title='bbox 999 3941 1038 3987; x_wconf 72' lang='lat'>87.</span> <span class='ocrx_word' id='word_1_280' title='bbox 1050 3966 1081 3974; x_wconf 92' lang='lat'>-</span> <span class='ocrx_word' id='word_1_281' title='bbox 1095 3940 1201 3999; x_wconf 75' lang='lat' dir='ltr'>Goulon,</span> <span class='ocrx_word' id='word_1_282' title='bbox 1215 3955 1239 3989; x_wconf 88' lang='lat' dir='ltr'>n.</span> <span class='ocrx_word' id='word_1_283' title='bbox 1252 3943 1299 3988; x_wconf 73' lang='grc'>363</span> <span class='ocrx_word' id='word_1_284' title='bbox 1312 3941 1418 4003; x_wconf 81' lang='lat' dir='ltr'>(texte).</span> 
     </span>
    </p>
   </div>
   <div class='ocr_carea' id='block_1_6' title="bbox 519 4116 1876 4628">
    <p class='ocr_par' dir='ltr' id='par_1_7' title="bbox 561 4116 1837 4226">
     <span class='ocr_line' id='line_1_31' title="bbox 561 4116 1837 4226; baseline 0.007 -26"><span class='ocrx_word' id='word_1_285' title='bbox 561 4116 678 4200; x_wconf 78' lang='grc'><strong>410.</strong></span> <span class='ocrx_word' id='word_1_286' title='bbox 1526 4139 1639 4226; x_wconf 68' lang='lat'>[1517,</span> <span class='ocrx_word' id='word_1_287' title='bbox 1662 4143 1706 4207; x_wconf 80' lang='lat'>26</span> <span class='ocrx_word' id='word_1_288' title='bbox 1729 4150 1837 4209; x_wconf 80' lang='lat' dir='ltr'>aortt.</span> 
     </span>
    </p>

    <p class='ocr_par' dir='ltr' id='par_1_8' title="bbox 519 4142 1876 4532">
     <span class='ocr_line' id='line_1_32' title="bbox 563 4142 1876 4332; baseline 0.009 -32"><span class='ocrx_word' id='word_1_289' title='bbox 563 4234 693 4316; x_wconf 82' lang='lat' dir='ltr'>carolo,</span> <span class='ocrx_word' id='word_1_290' title='bbox 718 4236 832 4301; x_wconf 89' lang='lat' dir='ltr'>comiti</span> <span class='ocrx_word' id='word_1_291' title='bbox 855 4235 1017 4319; x_wconf 90' lang='lat' dir='ltr'>Marchie,</span> <span class='ocrx_word' id='word_1_292' title='bbox 1042 4238 1195 4304; x_wconf 87' lang='lat' dir='ltr'>scribitur</span> <span class='ocrx_word' id='word_1_293' title='bbox 1219 4261 1262 4305; x_wconf 90' lang='lat' dir='ltr'>ne</span> <span class='ocrx_word' id='word_1_294' title='bbox 1286 4241 1487 4329; x_wconf 86' lang='lat' dir='ltr'>Philippum,</span> <span class='ocrx_word' id='word_1_295' title='bbox 1504 4265 1617 4329; x_wconf 89' lang='lat' dir='ltr'>regem</span> <span class='ocrx_word' id='word_1_296' title='bbox 1634 4243 1786 4328; x_wconf 87' lang='lat' dir='ltr'>Francie,</span> <span class='ocrx_word' id='word_1_297' title='bbox 1810 4142 1876 4332; x_wconf 60' lang='lat' dir='ltr'>der·</span> 
     </span>
     <span class='ocr_line' id='line_1_33' title="bbox 519 4340 1876 4431; baseline 0.009 -27"><span class='ocrx_word' id='word_1_298' title='bbox 519 4358 656 4404; x_wconf 89' lang='lat' dir='ltr'>manum</span> <span class='ocrx_word' id='word_1_299' title='bbox 672 4360 779 4420; x_wconf 86' lang='lat' dir='ltr'>suum,</span> <span class='ocrx_word' id='word_1_300' title='bbox 795 4340 936 4421; x_wconf 88' lang='lat' dir='ltr'>deserat,</span> <span class='ocrx_word' id='word_1_301' title='bbox 952 4342 1031 4407; x_wconf 90' lang='lat' dir='ltr'>dum</span> <span class='ocrx_word' id='word_1_302' title='bbox 1047 4343 1090 4408; x_wconf 90' lang='lat' dir='ltr'>de</span> <span class='ocrx_word' id='word_1_303' title='bbox 1106 4343 1311 4428; x_wconf 85' lang='lat' dir='ltr'>perfectione</span> <span class='ocrx_word' id='word_1_304' title='bbox 1337 4346 1429 4431; x_wconf 89' lang='lat' dir='ltr'>pacis</span> <span class='ocrx_word' id='word_1_305' title='bbox 1452 4346 1607 4414; x_wconf 83' lang='lat' dir='ltr'>Flandrie</span> <span class='ocrx_word' id='word_1_306' title='bbox 1628 4359 1668 4415; x_wconf 88' lang='lat' dir='ltr'>et·</span> <span class='ocrx_word' id='word_1_307' title='bbox 1686 4353 1876 4419; x_wconf 88' lang='lat' dir='ltr'>reconcilia·</span> 
     </span>
     <span class='ocr_line' id='line_1_34' title="bbox 519 4442 1146 4532; baseline 0.006 -24"><span class='ocrx_word' id='word_1_308' title='bbox 519 4443 613 4508; x_wconf 89' lang='lat' dir='ltr'>tione</span> <span class='ocrx_word' id='word_1_309' title='bbox 629 4464 705 4509; x_wconf 92' lang='lat' dir='ltr'>cum</span> <span class='ocrx_word' id='word_1_310' title='bbox 721 4442 806 4509; x_wconf 89' lang='lat' dir='ltr'>duce</span> <span class='ocrx_word' id='word_1_311' title='bbox 823 4443 1013 4530; x_wconf 81' lang='lat' dir='ltr'>Burgundio</span> <span class='ocrx_word' id='word_1_312' title='bbox 1029 4447 1146 4532; x_wconf 89' lang='lat' dir='ltr'>agitur.</span> 
     </span>
    </p>

    <p class='ocr_par' dir='ltr' id='par_1_9' title="bbox 564 4545 872 4628">
     <span class='ocr_line' id='line_1_35' title="bbox 564 4545 872 4628; baseline -0.003 -16"><span class='ocrx_word' id='word_1_313' title='bbox 564 4545 756 4628; x_wconf 89' lang='lat' dir='ltr'>Continere,</span> <span class='ocrx_word' id='word_1_314' title='bbox 774 4546 872 4628; x_wconf 89' lang='lat' dir='ltr'>lili,...</span> 
     </span>
    </p>
   </div>
   <div class='ocr_carea' id='block_1_7' title="bbox 565 4649 835 4737">
    <p class='ocr_par' dir='ltr' id='par_1_10' title="bbox 565 4649 835 4737">
     <span class='ocr_line' id='line_1_36' title="bbox 565 4649 835 4737; baseline 0.004 -22"><span class='ocrx_word' id='word_1_315' title='bbox 565 4649 644 4717; x_wconf 87' lang='lat' dir='ltr'>Dat.</span> <span class='ocrx_word' id='word_1_316' title='bbox 667 4660 704 4716; x_wconf 93' lang='lat' dir='ltr'>nt</span> <span class='ocrx_word' id='word_1_317' title='bbox 728 4672 835 4737; x_wconf 88' lang='lat' dir='ltr'>supra.</span> 
     </span>
    </p>
   </div>
   <div class='ocr_carea' id='block_1_8' title="bbox 554 4785 1411 4856">
    <p class='ocr_par' dir='ltr' id='par_1_11' title="bbox 554 4785 1411 4856">
     <span class='ocr_line' id='line_1_37' title="bbox 554 4785 1411 4856; baseline 0.009 -21"><span class='ocrx_word' id='word_1_318' title='bbox 554 4785 616 4849; x_wconf 82' lang='lat' dir='ltr'>Reg.</span> <span class='ocrx_word' id='word_1_319' title='bbox 630 4788 689 4836; x_wconf 75' lang='lat' dir='ltr'>Vnt.</span> <span class='ocrx_word' id='word_1_320' title='bbox 703 4791 756 4846; x_wconf 80' lang='lat'>110,</span> <span class='ocrx_word' id='word_1_321' title='bbox 768 4805 826 4852; x_wconf 84' lang='lat' dir='ltr'>pars</span> <span class='ocrx_word' id='word_1_322' title='bbox 839 4791 859 4846; x_wconf 83' lang='lat' dir='ltr'>l,</span> <span class='ocrx_word' id='word_1_323' title='bbox 872 4793 889 4841; x_wconf 82' lang='lat' dir='ltr'>f.</span> <span class='ocrx_word' id='word_1_324' title='bbox 905 4793 943 4849; x_wconf 73' lang='grc'>23,</span> <span class='ocrx_word' id='word_1_325' title='bbox 961 4805 985 4839; x_wconf 89' lang='lat' dir='ltr'>n.</span> <span class='ocrx_word' id='word_1_326' title='bbox 998 4792 1036 4839; x_wconf 81' lang='grc'>33.</span> <span class='ocrx_word' id='word_1_327' title='bbox 1049 4818 1079 4825; x_wconf 92' lang='lat'><em>-</em></span> <span class='ocrx_word' id='word_1_328' title='bbox 1093 4791 1199 4850; x_wconf 78' lang='lat' dir='ltr'>Goulon,</span> <span class='ocrx_word' id='word_1_329' title='bbox 1212 4807 1237 4841; x_wconf 89' lang='lat' dir='ltr'>n.</span> <span class='ocrx_word' id='word_1_330' title='bbox 1250 4796 1296 4840; x_wconf 81' lang='grc'>366</span> <span class='ocrx_word' id='word_1_331' title='bbox 1308 4795 1411 4856; x_wconf 74' lang='lat' dir='ltr'>(texto).</span> 
     </span>
    </p>
   </div>
   <div class='ocr_carea' id='block_1_9' title="bbox 554 4927 1492 4997">
    <p class='ocr_par' dir='ltr' id='par_1_12' title="bbox 554 4927 1492 4997">
     <span class='ocr_line' id='line_1_38' title="bbox 554 4927 1492 4997; baseline 0.01 -23"><span class='ocrx_word' id='word_1_332' title='bbox 554 4942 578 4974; x_wconf 82' lang='lat' dir='ltr'>n.</span> <span class='ocrx_word' id='word_1_333' title='bbox 591 4928 626 4974; x_wconf 74' lang='lat' dir='ltr'>uic</span> <span class='ocrx_word' id='word_1_334' title='bbox 639 4934 666 4975; x_wconf 81' lang='lat' dir='ltr'>ct</span> <span class='ocrx_word' id='word_1_335' title='bbox 678 4942 727 4989; x_wconf 65' lang='lat' dir='ltr'>rep.</span> <span class='ocrx_word' id='word_1_336' title='bbox 742 4957 772 4963; x_wconf 87' lang='lat'><em>-</em></span> <span class='ocrx_word' id='word_1_337' title='bbox 785 4927 806 4976; x_wconf 80' lang='lat' dir='ltr'>b.</span> <span class='ocrx_word' id='word_1_338' title='bbox 819 4929 939 4977; x_wconf 73' lang='lat' dir='ltr'>advertat.</span> <span class='ocrx_word' id='word_1_339' title='bbox 952 4946 1002 4993; x_wconf 67' lang='lat' dir='ltr'>req.</span> <span class='ocrx_word' id='word_1_340' title='bbox 1057 4947 1079 4979; x_wconf 79' lang='lat' dir='ltr'>e.</span> <span class='ocrx_word' id='word_1_341' title='bbox 1093 4933 1173 4993; x_wconf 79' lang='lat' dir='ltr'>possis</span> <span class='ocrx_word' id='word_1_342' title='bbox 1185 4947 1235 4995; x_wconf 73' lang='lat' dir='ltr'>rep.</span> <span class='ocrx_word' id='word_1_343' title='bbox 1248 4961 1278 4967; x_wconf 96' lang='lat'>—</span> <span class='ocrx_word' id='word_1_344' title='bbox 1291 4933 1317 4981; x_wconf 85' lang='lat' dir='ltr'>d.</span> <span class='ocrx_word' id='word_1_345' title='bbox 1330 4936 1428 4997; x_wconf 82' lang='lat' dir='ltr'>perpeti</span> <span class='ocrx_word' id='word_1_346' title='bbox 1443 4950 1492 4997; x_wconf 71' lang='lat' dir='ltr'>rep.</span> 
     </span>
    </p>
   </div>
   <div class='ocr_carea' id='block_1_10' title="bbox 528 5052 1194 5065">
    <p class='ocr_par' dir='ltr' id='par_1_13' title="bbox 528 5052 1194 5065">
     <span class='ocr_line' id='line_1_39' title="bbox 528 5052 1194 5065; baseline 0.008 -6"><span class='ocrx_word' id='word_1_347' title='bbox 528 5052 655 5059; x_wconf 76' lang='lat'>——-</span> <span class='ocrx_word' id='word_1_348' title='bbox 687 5055 765 5060; x_wconf 68' lang='lat'>.—-</span> <span class='ocrx_word' id='word_1_349' title='bbox 1078 5058 1194 5065; x_wconf 76' lang='lat'><em>.——.</em></span> 
     </span>
    </p>
   </div>
   <div class='ocr_carea' id='block_1_11' title="bbox 557 5127 1714 5196">
    <p class='ocr_par' dir='ltr' id='par_1_14' title="bbox 557 5127 1714 5196">
     <span class='ocr_line' id='line_1_40' title="bbox 557 5127 1714 5196; baseline 0.01 -21"><span class='ocrx_word' id='word_1_350' title='bbox 557 5128 578 5176; x_wconf 94' lang='grc'>1.</span> <span class='ocrx_word' id='word_1_351' title='bbox 597 5127 659 5188; x_wconf 64' lang='lat' dir='ltr'>Vox.</span> <span class='ocrx_word' id='word_1_352' title='bbox 673 5136 711 5174; x_wconf 68' lang='lat' dir='ltr'>n⁰⁸</span> <span class='ocrx_word' id='word_1_353' title='bbox 723 5129 769 5175; x_wconf 73' lang='lat' dir='ltr'>lus</span> <span class='ocrx_word' id='word_1_354' title='bbox 781 5137 805 5176; x_wconf 81' lang='lat' dir='ltr'>ct</span> <span class='ocrx_word' id='word_1_355' title='bbox 819 5131 873 5178; x_wconf 78' lang='lat'><strong>410.</strong></span> <span class='ocrx_word' id='word_1_356' title='bbox 902 5158 922 5163; x_wconf 86' lang='lat'>-</span> <span class='ocrx_word' id='word_1_357' title='bbox 941 5132 963 5178; x_wconf 79' lang='lat'>2.</span> <span class='ocrx_word' id='word_1_358' title='bbox 977 5129 1040 5191; x_wconf 80' lang='lat' dir='ltr'>l&#39;oy.</span> <span class='ocrx_word' id='word_1_359' title='bbox 1053 5139 1080 5177; x_wconf 85' lang='lat' dir='ltr'>n⁰</span> <span class='ocrx_word' id='word_1_360' title='bbox 1093 5132 1148 5180; x_wconf 75' lang='lat' dir='ltr'>tlt.</span> <span class='ocrx_word' id='word_1_361' title='bbox 1161 5159 1193 5166; x_wconf 89' lang='lat'>—</span> <span class='ocrx_word' id='word_1_362' title='bbox 1204 5135 1227 5181; x_wconf 84' lang='lat'>3.</span> <span class='ocrx_word' id='word_1_363' title='bbox 1242 5134 1307 5181; x_wconf 85' lang='lat' dir='ltr'>Ponr</span> <span class='ocrx_word' id='word_1_364' title='bbox 1322 5134 1346 5182; x_wconf 82' lang='lat' dir='ltr'>la</span> <span class='ocrx_word' id='word_1_365' title='bbox 1360 5134 1426 5194; x_wconf 76' lang='lat' dir='ltr'>(lale,</span> <span class='ocrx_word' id='word_1_366' title='bbox 1441 5150 1497 5196; x_wconf 74' lang='lat' dir='ltr'>roy.</span> <span class='ocrx_word' id='word_1_367' title='bbox 1511 5144 1538 5183; x_wconf 76' lang='grc' dir='ltr'>ηο</span> <span class='ocrx_word' id='word_1_368' title='bbox 1552 5137 1605 5195; x_wconf 83' lang='grc'><strong>312,</strong></span> <span class='ocrx_word' id='word_1_369' title='bbox 1619 5142 1680 5186; x_wconf 83' lang='lat' dir='ltr'>note</span> <span class='ocrx_word' id='word_1_370' title='bbox 1693 5140 1714 5186; x_wconf 94' lang='lat' dir='ltr'>l.</span> 
     </span>
    </p>
   </div>
   <div class='ocr_carea' id='block_1_12' title="bbox 0 0 2222 6017">
    <p class='ocr_par' dir='ltr' id='par_1_15' title="bbox 0 0 2222 6017">
     <span class='ocr_line' id='line_1_41' title="bbox 0 0 2222 6017; baseline 0 0"><span class='ocrx_word' id='word_1_371' title='bbox 0 0 2222 6017; x_wconf 95' lang='lat' dir='ltr'> </span> 
     </span>
    </p>
   </div>
  </div>
 </body>
</html>
