4409 6017
902 743 1047 825 Septieme
1067 745 1170 811 annte.
1654 752 1715 817 485

355 898 616 968 consistentibus
631 896 800 964 decimam
814 895 1005 981 hujusmodi
1018 896 1224 983 integraliter
1235 895 1347 962 eidem
1357 897 1426 982 regi
1435 902 1591 984 persolvi,
1603 910 1717 969 nostre

355 1015 471 1071 tamen
494 1001 692 1069 intentionis
722 1021 791 1066 non
821 999 944 1082 extitit,
967 1021 1031 1067 nec
1062 1000 1187 1081 existit,
1210 1020 1275 1066 nec
1306 1000 1409 1066 etiam
1440 1006 1596 1072 volumus
1629 1007 1719 1091 quod

355 1109 508 1189 ecclesie,
524 1105 739 1186 monasteria,
754 1106 830 1171 loca
844 1111 880 1169 et
895 1123 1038 1190 persone
1059 1103 1289 1171 ecclesiastice
1311 1114 1406 1172 extra
1429 1106 1556 1174 dictum
1580 1131 1719 1195 regnum

354 1211 574 1279 consistentia
589 1210 632 1276 de
647 1209 831 1275 redditibus
847 1215 883 1273 et
897 1208 1116 1294 proventibus
1131 1208 1207 1286 suis,
1217 1207 1259 1274 de
1275 1208 1381 1290 terris,
1404 1213 1668 1296 possessionibus
1684 1223 1720 1279 et

355 1316 624 1400 quibuscumque
639 1312 713 1378 aliis
727 1311 825 1377 bonis
841 1310 1075 1378 ecclesiasticis
1102 1332 1169 1397 que
1185 1319 1279 1378 extra
1294 1312 1462 1398 prefatum
1476 1335 1617 1401 regnum
1641 1338 1721 1384 con·

354 1419 476 1485 sistant
491 1415 770 1504 provenientibus
785 1435 885 1502 super
899 1413 1068 1480 solutione
1084 1435 1142 1481 seu
1167 1414 1345 1482 exactione
1372 1415 1563 1503 hujusmodi
1586 1421 1721 1488 decime

354 1523 543 1589 litterarum
558 1519 786 1607 predictarum
800 1525 959 1604 pretextu
974 1519 1185 1604 aliquatenus
1200 1520 1457 1605 compellantur,
1473 1543 1538 1589 nec
1563 1526 1666 1590 abbas
1688 1534 1722 1591 et

355 1634 555 1705 conventus,
571 1623 749 1702 abbatissa,
764 1629 914 1688 rectores
924 1629 959 1687 et
975 1641 1119 1708 persone
1128 1622 1280 1708 predicte
1292 1631 1411 1689 contra
1423 1624 1573 1710 predicta
1583 1648 1723 1694 consue·

355 1728 491 1795 tudines
507 1735 543 1793 et
557 1726 697 1811 antiqua
715 1733 864 1811 regestra
887 1744 987 1811 super
998 1725 1166 1791 solutione
1181 1725 1372 1809 hujusmodi
1383 1726 1514 1795 decime
1529 1739 1565 1795 et
1580 1751 1724 1817 proven·
1811 1751 1814 1756 ·

361 1832 451 1897 tibus
466 1839 502 1896 et
516 1829 701 1896 redditibus
717 1827 900 1895 eorundem
927 1829 969 1895 de
985 1828 1091 1911 terris,
1107 1829 1373 1915 possessionibus
1397 1839 1433 1896 et
1459 1833 1724 1920 quibuscumque

357 1935 433 2001 aliis
447 1934 546 2000 bonis
560 1930 886 2016 ecclesiasticisque,
903 1941 941 1997 ut
963 1932 1141 2018 prefertur,
1167 1939 1261 1998 extra
1287 1933 1455 2019 prefatum
1480 1957 1619 2023 regnum
1645 1960 1724 2005 con·

357 2038 481 2103 sistunt
497 2036 774 2124 provenientibus
789 2036 824 2100 in
851 2028 963 2121 aliquo
988 2038 1222 2102 molestentur.
1247 2035 1414 2120 Quocirca
1440 2036 1639 2104 fraternitati
1666 2049 1724 2106 tue

358 2161 420 2228 per
434 2141 621 2226 apostolica
645 2138 770 2224 scripta
791 2138 991 2204 mandamus
1006 2148 1183 2224 quatenus,
1199 2140 1226 2205 si
1242 2139 1303 2205 tibi
1320 2140 1511 2221 summarie,
1527 2141 1724 2227 simpliciter

357 2244 452 2310 etde
468 2246 581 2330 plano,
597 2243 670 2309 sine
686 2242 829 2328 strepitu
844 2250 880 2307 et
891 2242 1129 2328 ligurajudicii,
1146 2242 1193 2308 sic
1205 2263 1278 2308 esse
1288 2243 1488 2325 constiterit,
1501 2251 1539 2310 ut
1548 2245 1724 2330 prefertur,

357 2347 509 2434 prefatos
533 2348 691 2412 abbatem
721 2353 757 2410 et
782 2354 988 2410 conventum
1012 2366 1053 2412 ac
1077 2353 1234 2426 rectores,
1261 2366 1421 2434 personas
1447 2340 1495 2413 et
1512 2351 1724 2431 abbatissam,

356 2458 537 2538 pretextu⁶
546 2450 771 2537 predictarum
786 2449 973 2515 litterarum
985 2449 1046 2515 tibi
1056 2470 1156 2535 super
1165 2450 1240 2530 hoc,
1252 2456 1289 2515 ut
1301 2452 1516 2536 premittitur,
1522 2452 1724 2519 directarum

356 2555 402 2621 ad
419 2554 623 2621 solutionem
638 2551 770 2618 decime
786 2552 950 2638 prelibate
965 2552 1008 2619 de
1022 2551 1208 2618 redditibus
1223 2561 1258 2618 et
1273 2554 1493 2640 proventibus
1520 2556 1587 2621 suis
1614 2557 1724 2640 hujus·

356 2658 453 2725 modi
469 2678 538 2724 non
554 2657 737 2743 compellas
765 2656 976 2741 aliquatenus
990 2657 1045 2722 vel
1067 2657 1236 2738 molestes,
1253 2677 1317 2724 nec
1341 2679 1401 2745 per
1426 2659 1529 2724 alium
1553 2680 1612 2725 seu
1639 2661 1723 2727 alios

356 2762 519 2848 compelli
534 2760 709 2849 permittas
723 2759 779 2824 vel
806 2760 909 2827 etiam
931 2759 1114 2842 molestari,
1139 2759 1199 2826 sed
1223 2781 1341 2827 omnes
1364 2783 1540 2849 processus
1564 2771 1642 2829 tuos
1669 2766 1723 2829 vel

354 2866 562 2933 auctoritate
577 2873 635 2931 tua
650 2872 768 2931 contra
783 2885 841 2930 eos
856 2864 1035 2931 occasione
1051 2863 1211 2952 premissa
1227 2863 1334 2931 factos
1360 2875 1395 2932 et
1423 2865 1558 2932 habitos
1581 2888 1723 2934 revoces

358 2980 397 3037 et
413 2972 578 3036 annulles.
595 2971 674 3036 Dat.
690 2969 792 3035 Avin.
812 2987 850 3054 17
865 2968 932 3036 kal.
945 2970 1029 3057 junii
1046 2991 1138 3037 anno
1156 2989 1185 3056 7.
1203 2992 1220 3033 a

395 3116 460 3177 Reg.
471 3118 519 3164 Av.
533 3118 569 3175 19,
582 3116 601 3166 f.
618 3118 675 3165 1³7¹
687 3133 693 3175 ;
706 3117 765 3166 vm.
778 3118 817 3177 74,
828 3117 848 3165 f.
863 3118 918 3177 ³2⁷,
930 3130 956 3165 n.
969 3118 1025 3166 9³3.

405 3352 544 3437 1158.
1431 3381 1529 3443 1323,
1547 3360 1585 3424 16
1603 3359 1680 3424 moi.

402 3471 435 3537 S.
450 3470 583 3557 Agerici
600 3468 817 3535 virdunensis
832 3475 867 3533 et
883 3467 914 3533 S.
932 3465 1048 3544 Jacobi
1065 3464 1263 3532 Leodiensis
1278 3466 1559 3531 monasteriorum
1583 3466 1723 3528 abbates

352 3598 398 3644 ac
414 3576 605 3662 prepositus
621 3571 762 3639 ecclesie
786 3570 1038 3637 Cameracensis
1052 3570 1175 3636 dantur
1189 3576 1445 3636 conservatores
1468 3567 1512 3634 ad
1538 3567 1724 3652 quinquen-

353 3681 456 3748 nium
470 3678 584 3745 abbati
600 3676 793 3743 monasterii
811 3674 1143 3755 Premonstratensis,
1159 3672 1391 3740 Laudunensis
1406 3671 1558 3739 diocesis.

405 3781 571 3849 Militanti
588 3779 769 3846 ecclesie...

406 3886 488 3952 Dat.
503 3884 603 3950 Avin.
624 3902 662 3968 17
677 3881 746 3949 kal.
759 3882 844 3967 junii
862 3901 954 3947 anno
973 3901 1003 3967 7.

392 4032 456 4093 Reg.
469 4034 516 4079 Av.
533 4032 571 4090 18,
582 4030 601 4079 f.
613 4031 681 4089 306¹,
693 4044 718 4078 n.
731 4030 762 4076 67
775 4044 781 4084 ;
795 4028 853 4077 Vat.
865 4030 904 4087 75,
916 4028 935 4076 l.
948 4029 1017 4087 272¹,
1032 4041 1059 4080 n.
1076 4028 1135 4074 1⁷21
1151 4027 1240 4088 (nouv.
1255 4025 1338 4088 1769).

407 4235 547 4319 1159.
1435 4264 1530 4327 1323,
1547 4260 1589 4327 17
1605 4244 1682 4308 moi.

405 4354 424 4434 J
428 4351 553 4420 ohanni
569 4352 612 4417 de
627 4350 777 4416 Brebant
804 4350 975 4416 confertur
990 4348 1210 4416 canonicatus
1234 4348 1375 4415 ecclesie
1397 4349 1428 4414 S.
1447 4346 1554 4413 Marie
1570 4347 1726 4411 Antwer-

357 4460 497 4548 piensiS,
513 4455 766 4522 Cameracensis
782 4453 937 4535 diocesis,
954 4457 1014 4519 sub
1030 4452 1270 4540 expectatione
1286 4453 1466 4538 prebende,
1483 4472 1551 4517 non
1568 4454 1725 4517 obstante

357 4562 455 4651 quod
470 4563 503 4627 in
520 4560 551 4626 S.
568 4558 739 4625 Laurentii
755 4557 797 4624 de
815 4558 943 4625 Roseto
958 4566 993 4624 et
1009 4557 1047 4623 B.
1066 4555 1174 4622 Marie
1189 4556 1232 4623 de
1250 4555 1422 4624 Namurco
1449 4555 1599 4622 ecclesiis
1626 4576 1725 4620 cano-

355 4669 493 4735 nicatus
518 4674 553 4731 et
568 4662 766 4751 prebendas,
783 4684 821 4729 ac
837 4663 1081 4750 parrochialem
1097 4663 1275 4730 ecclesiam
1290 4661 1333 4728 de
1353 4661 1474 4744 Lilet0,
1491 4659 1725 4727 Laudunensis

353 4782 394 4841 et
411 4769 611 4836 Leodiensis
627 4767 812 4848 diocesum,
830 4767 973 4833 obtinet.

405 4874 460 4941 Ex
473 4882 530 4939 tue
540 4872 773 4938 devotionis...

403 4979 486 5043 Dat.
502 4976 603 5041 Avin.
623 4979 660 5039 16
676 4973 743 5039 kal.
757 4971 840 5059 junii
857 4991 946 5036 anno
964 4991 993 5056 7.

387 5199 416 5233 a.
431 5182 556 5243 pretextu
569 5191 677 5239 nauaque
689 5190 739 5238 rap.
758 5173 813 5223 Vua.
