4409 6017
505 684 562 751 174
1039 679 1197 746 Deuxieme
1218 684 1320 748 annea.

505 844 540 900 et
554 836 596 901 de
613 833 779 912 Condato,
795 828 1019 895 Tornacensis
1034 838 1069 894 et
1084 828 1336 898 Cameracensis
1356 832 1538 912 diocesum,
1555 831 1706 897 ecclesiis
1729 831 1851 896 canoni·

506 948 600 1005 catus
616 948 651 1003 et
666 935 852 1024 prebendas
867 934 1009 999 obtinet.

550 1037 751 1124 Multiplicia
766 1047 867 1109 tue...

549 1141 628 1208 Dat.
643 1142 744 1209 Avin.
762 1164 797 1209 12
815 1144 882 1211 lral.
894 1144 1035 1229 januarii
1052 1165 1143 1212 anno
1161 1168 1190 1213 2.
1902 1159 1907 1238 l

550 1244 588 1309 In
605 1268 634 1311 e.
650 1268 695 1311 m.
711 1250 824 1314 abbati
840 1249 1033 1314 monasterii
1051 1249 1082 1314 S.
1093 1250 1233 1316 Auberti
1262 1258 1297 1316 et
1321 1251 1493 1337 preposito
1521 1250 1656 1334 majoris
1682 1271 1722 1316 ac
1736 1251 1852 1317 decano
1901 1243 1907 1308 l

505 1351 537 1416 S.
553 1350 728 1436 Gangetici
745 1351 1038 1418 Cameracensiunr
1054 1354 1280 1419 ecclesiarum.

539 1491 658 1550 luerat.
671 1495 710 1541 ur.
723 1494 740 1541 1.
758 1494 823 1544 rau.
837 1508 862 1541 n.
876 1497 930 1541 raa.
1901 1475 1907 1618 l

546 1691 665 1774 464.
1474 1726 1568 1790 1317,
1586 1710 1820 1774 arderembrr.
1903 1743 1906 1790 2

549 1811 718 1898 Episcopo
734 1810 966 1875 Cameracensi
983 1811 1161 1875 mandatur
1177 1818 1341 1893 quatenus
1352 1809 1622 1877 informationem
1635 1811 1760 1877 habeat
1769 1831 1858 1897 super

505 1916 628 1982 unione
643 1915 764 1980 domus
790 1914 831 1979 de
848 1912 1023 1980 Belloloco
1043 1933 1149 1999 prope
1177 1914 1289 1978 locum
1313 1914 1355 1980 de
1381 1913 1590 1995 Valencenis,
1616 1915 1860 1981 Cameracensis
1903 1937 1906 1944 ·

504 2020 655 2100 diocesis,
687 2040 751 2103 que
782 2019 843 2083 luit
874 2018 1045 2102 quondam
1076 2017 1202 2084 ordinis
1232 2017 1351 2082 militie
1382 2018 1527 2105 Templi,
1554 2028 1589 2084 et
1620 2018 1714 2102 cujus
1742 2018 1861 2083 fructus

507 2146 568 2190 200
584 2124 640 2189 lib.
656 2130 720 2188 tur.
737 2143 829 2207 parv.
840 2124 989 2188 valorem
1005 2143 1154 2188 annuum
1169 2144 1238 2189 non
1256 2124 1434 2205 excedunt,
1451 2123 1656 2190 monasterio
1671 2123 1862 2187 monialium

505 2226 716 2293 Bellinrontis
741 2224 822 2290 dicti
850 2226 982 2291 locide
1009 2226 1219 2306 Valenceuis,
1236 2229 1296 2292 sub
1324 2248 1403 2293 cura
1429 2236 1464 2292 et
1494 2227 1680 2293 secundum
1711 2226 1862 2291 instituta

505 2333 644 2397 fratrum
670 2328 794 2394 ordinis
820 2327 1070 2395 predicatorum
1096 2330 1294 2410 viventium,
1327 2330 1473 2396 instante
1500 2329 1664 2409 Beatrice,
1696 2328 1865 2394 comitissa

506 2432 799 2517 Lucemburgensi,
830 2454 894 2516 que
924 2442 1075 2518 paratam
1101 2455 1137 2499 se
1164 2434 1311 2513 exhibet,
1340 2434 1373 2499 in
1404 2434 1756 2521 recompensationem
1778 2433 1866 2499 dicte

504 2539 633 2618 domus,
660 2536 817 2622 hospitali
843 2536 874 2599 S.
901 2535 1065 2613 Johannis
1087 2536 1400 2622 Hierosolymitani‚
1425 2539 1477 2604 cui
1504 2541 1594 2604 bona
1620 2538 1702 2604 dicti
1735 2537 1866 2625 Templi

504 2643 673 2728 applicata
701 2663 759 2728 per
783 2640 903 2706 Sedent
928 2642 1148 2725 apostolicam
1176 2642 1369 2723 extiterunt,
1399 2643 1441 2708 de
1472 2642 1569 2708 bonis
1598 2642 1867 2726 equivalentibus

506 2738 693 2821 providere.

551 2840 602 2905 Ex
619 2850 713 2927 parte
729 2844 897 2912 dilecte...

551 2942 628 3008 Dat.
645 2946 744 3011 Avin.
766 2968 801 3011 12
819 2946 885 3014 lral.
899 2950 1042 3034 januarii
1060 2971 1150 3016 anno
1168 2972 1196 3016 2.
1275 2991 1294 3020 ι

540 3085 600 3147 lieu.
613 3090 659 3136 Av.
672 3089 695 3146 a,
708 3089 725 3135 f.
738 3090 797 3135 anu
811 3106 816 3145 ;
831 3090 888 3137 l'ul.
902 3093 940 3148 lli,
953 3092 970 3139 i.
986 3094 1039 3151 159,
1052 3108 1076 3140 n.
1090 3095 1146 3141 535.

546 3275 663 3360 465.
1474 3318 1568 3384 1317,
1586 3322 1626 3365 ar
1644 3306 1824 3369 decembre.

547 3395 829 3481 Archiepiscopus
855 3397 1069 3464 Treverensis
1093 3400 1191 3465 datur
1218 3409 1376 3487 tanquam
1403 3414 1615 3469 conservator
1651 3407 1807 3491 priorisse
1834 3423 1868 3474 et

504 3496 670 3562 sororibus
685 3500 877 3564 monasterii
894 3499 1106 3568 Bellimontis
1121 3503 1163 3567 de
1179 3503 1412 3585 valenchenis,
1429 3508 1489 3571 sub
1506 3526 1583 3572 cura
1600 3508 1738 3573 fratrum
1755 3510 1868 3576 Predi-

504 3607 654 3665 catorum
670 3601 872 3682 viventibus,
889 3603 1141 3671 Cameracensis
1156 3606 1307 3673 diocesis.

549 3701 620 3768 Etsi
638 3705 878 3788 quibuslibet...

548 3806 628 3872 Dat.
645 3808 744 3873 Avin.
765 3830 800 3874 12
818 3808 883 3875 kal.
897 3811 1038 3895 januarii
1056 3834 1146 3878 anno
1164 3836 1192 3879 2.
1251 3850 1254 3855 ·

537 3945 597 4003 Rip.
611 3947 657 3993 Λν.
673 3948 707 4004 ro,
721 3946 738 3994 f.
751 3948 815 3996 363:
830 3949 1048 4007 vitiaretur.
1062 3966 1086 3999 n.
1100 3955 1170 4000 2207.

545 4133 665 4217 466.
1476 4180 1570 4246 1317,
1588 4186 1605 4227 2
1605 4183 1626 4247 3
1644 4167 1824 4231 decembre.

549 4254 724 4340 Preposito
747 4267 781 4322 et
807 4258 965 4323 Hanouie
992 4283 1031 4327 ac
1054 4263 1293 4348 Antverpiensi
1320 4266 1462 4331 ecclesie
1490 4265 1745 4333 Cameracensis
1760 4268 1868 4335 archi·

503 4359 652 4424 diaconis
662 4362 839 4426 mandatur
852 4373 1016 4447 quatenus
1028 4386 1047 4431 a
1058 4366 1216 4450 magistro
1228 4366 1433 4444 Jolrannede
1445 4369 1539 4450 pinu,
1550 4370 1717 4437 canonico
1726 4372 1868 4438 ecclesie

504 4461 535 4527 S.
562 4461 649 4526 Petri
679 4463 942 4531 Tomodorensis
966 4479 988 4547 ¹¹,
1027 4466 1247 4552 lingonensis
1282 4472 1435 4553 diocesis,
1465 4476 1645 4540 collectore
1677 4477 1867 4543 reddituum

443 4611 447 4619 -
503 4567 653 4632 omnium
669 4570 907 4634 beneficiorum
924 4573 1236 4656 ecclesiasticorum,
1249 4597 1312 4660 que
1329 4578 1362 4641 in
1379 4578 1550 4663 provincia
1569 4578 1739 4660 Remensi,
1752 4602 1814 4668 pro
1829 4604 1868 4647 ea

503 4679 598 4755 parte
614 4692 677 4755 que
693 4672 734 4737 de
750 4694 853 4756 regno
870 4674 897 4738 1³
898 4677 1009 4740 rancie
1022 4696 1088 4740 non
1106 4677 1228 4759 existit,
1242 4701 1345 4763 usque
1364 4681 1406 4746 ad
1421 4682 1601 4747 triennium
1623 4705 1745 4750 vacare
1760 4686 1867 4752 conti·

503 4774 597 4858 gerit,
610 4776 835 4859 juramentum
863 4780 1024 4864 recipiant
1041 4781 1132 4865 quod
1148 4784 1384 4849 collectionem
1409 4786 1597 4870 hujusmodi
1615 4787 1760 4855 fideliter
1775 4811 1866 4855 exer·

504 4879 594 4944 cebit
609 4890 643 4944 et
656 4882 813 4964 pecunias
829 4884 988 4949 collectas
1004 4895 1131 4968 quanto
1147 4887 1245 4952 citius
1261 4888 1401 4954 Camere
1417 4891 1603 4975 apostolice
1619 4892 1813 4978 assignabit.

536 5099 561 5134 α.
577 5084 739 5134 Tenlorensis
751 5102 801 5148 rep.
