4409 6017
928 739 931 745 ·
966 724 1093 792 Sixibne
1113 725 1216 792 annea
1701 729 1758 794 401

441 868 523 934 Dat.
540 870 641 938 Avin.
661 892 700 938 1o
715 872 781 940 kal.
794 874 877 960 junii
893 894 983 941 anno
1000 879 1028 941 6.

442 972 485 1038 In
502 994 531 1039 e.
547 996 592 1040 m.
609 976 640 1041 S.
664 977 826 1064 Stephani
842 978 885 1074 ad
901 978 1046 1044 Pontem
1071 977 1257 1046 Florentini
1282 988 1317 1046 et
1339 980 1371 1047 S.
1386 978 1520 1046 Thorne
1535 979 1638 1048 Vallis
1653 985 1760 1067 Agne,

403 1076 613 1146 pistoriensis
628 1081 780 1163 diocesiS,
792 1082 956 1169 prioribus
970 1104 1011 1149 ac
1025 1083 1154 1150 decano
1171 1082 1436 1169 Engolismensis
1450 1085 1676 1153 ecclesiarum.
1747 1123 1752 1129 ·

430 1216 495 1279 Reg.
508 1219 556 1270 Av.
572 1221 610 1278 16,
624 1219 642 1269 i.
658 1222 705 1269 117
717 1236 722 1279 ;
735 1221 795 1272 Vae.
810 1224 850 1281 73,
864 1222 883 1272 i.
897 1224 954 1282 272,
965 1237 991 1272 u.
1003 1224 1059 1274 767.
1089 1261 1091 1264 .
1112 1280 1116 1286 ⁵

442 1403 590 1486 1054.
1488 1427 1619 1506 13222
1629 1402 1722 1505 sitin.

443 1520 669 1603 Manfredino,
687 1521 756 1586 filio
773 1519 918 1587 Conradi
943 1522 986 1588 de
1011 1521 1358 1606 Goizano,'coniertur
1377 1524 1596 1593 canonicatus
1622 1526 1762 1593 ecclesie
1850 1570 1857 1589 .

403 1625 643 1707 iiacliniensis,
659 1625 909 1691 Cameracensis
924 1626 1074 1711 diocesis,
1090 1629 1151 1693 sub
1167 1627 1405 1714 expectatione
1419 1627 1600 1714 prebende.

441 1730 516 1796 Tue
532 1730 692 1797 merita...

444 1834 524 1900 Dat.
540 1834 640 1900 Avin.
656 1833 723 1899 kal.
736 1833 821 1920 junii
837 1855 928 1900 anno
946 1840 975 1901 6.

444 1937 486 2002 ln
503 1959 532 2004 e.
548 1959 593 2002 m.
614 1938 744 2004 decano
768 1938 1044 2025 Antwerpiensis,
1070 1937 1322 2006 Cameracensis
1343 1940 1499 2023 diocesis,
1522 1948 1557 2007 et
1583 1938 1762 2007 scolastico

403 2041 653 2106 Cameracensis
667 2061 706 2106 ac
715 2039 735 2118 J
738 2042 863 2107 obanni
881 2042 1039 2125 Bertaldi,
1055 2042 1220 2109 canonico
1235 2042 1450 2111 Treverensis
1465 2044 1690 2111 ecclesiarum.

437 2178 500 2240 Reg.
515 2179 563 2226 Ar.
579 2181 616 2239 16,
629 2180 649 2229 f.
662 2181 708 2227 179
721 2195 727 2236 3
739 2179 798 2228 Vat.
813 2182 851 2239 73,
866 2181 884 2229 1.
897 2182 963 2241 2921,
976 2196 1002 2231 u.
1018 2182 1074 2232 827.

447 2362 593 2447 1055.
1324 2371 1328 2394 “
1489 2397 1619 2461 1322,1
1630 2379 1717 2462 juin.

442 2480 463 2557 J
467 2481 591 2546 ohanni
622 2482 743 2564 Amici,
776 2483 897 2548 clerico
935 2483 1106 2569 Brugensi,
1136 2482 1359 2550 Tomacensis
1395 2482 1547 2565 diocesis,
1577 2493 1763 2549 reservatur

403 2585 604 2650 beneficium
620 2586 894 2667 ecclesiasticum,
910 2587 1012 2652 etiam
1028 2588 1055 2652 si
1081 2587 1227 2673 dignitas
1252 2587 1307 2653 vel
1330 2594 1528 2672 personatus
1551 2586 1666 2652 existit
1682 2588 1762 2672 (100

403 2688 457 2753 iib.
474 2689 589 2774 paris.)
606 2689 649 2755 ad
663 2690 881 2756 collationem
896 2689 1044 2776 episcopi
1061 2689 1277 2759 Morinensis.

446 2791 651 2858 Litterarum
668 2794 847 2859 scientia...

447 2896 527 2961 Dat.
542 2896 641 2963 Avin.
657 2896 724 2964 kal.
737 2897 819 2982 Junii
835 2917 925 2962 anno
943 2902 972 2966 6.

446 2999 487 3064 ln
504 3021 533 3065 e.
549 3022 594 3066 m.
610 3000 740 3067 decano
755 3001 787 3068 S.
804 3000 986 3067 Donatiani
1004 2999 1183 3084 Brugensis
1206 3008 1241 3065 et
1256 2999 1429 3086 preposito
1450 2998 1481 3065 S.
1498 2998 1706 3065 Pharahssdis
1728 2987 1761 3063 in

403 3103 580 3185 Gandavo,
592 3102 813 3171 Tomacensis
823 3105 974 3186 diocesis,
986 3124 1026 3171 ac
1037 3102 1275 3170 archidiacono
1289 3103 1520 3170 Atrebatensis
1535 3103 1761 3169 ecclesiarum.

436 3242 498 3301 neg.
514 3244 562 3292 xv.
579 3244 616 3301 n,
630 3244 649 3290 r.
663 3246 730 3301 mn,
745 3257 771 3293 n.
787 3244 867 3301 raao;
885 3244 945 3291 vu.
960 3244 998 3301 aa,
1011 3242 1030 3291 t.
1043 3244 1099 3301 rsa,
1114 3257 1139 3291 n.
1154 3244 1224 3292 rare.

448 3429 598 3513 1056.
1466 3461 1561 3525 1322,
1578 3461 1619 3506 1r
1629 3439 1718 3523 juin.

443 3546 593 3623 Johanni
613 3545 710 3610 Haec
733 3544 902 3610 confertur
924 3544 1141 3610 canonicatus
1156 3544 1297 3610 ecclesie
1314 3545 1346 3611 S.
1362 3544 1452 3609 Petri
1474 3544 1633 3625 Ariensis,
1657 3543 1762 3609 Mori-

403 3650 515 3715 nensis
524 3649 676 3729 diocesis,
689 3651 749 3714 snb
760 3647 998 3733 expectatione
1009 3648 1190 3733 prebende,
1200 3647 1468 3714 consideratione
1485 3646 1606 3729 Caroli,
1623 3646 1762 3713 Francie

403 3754 497 3838 regis,
524 3773 593 3818 non
621 3756 778 3818 obstante
806 3751 897 3836 quod
923 3751 957 3815 in
979 3752 1120 3817 ecclesia
1145 3752 1176 3817 S.
1194 3750 1281 3817 Piati
1307 3751 1520 3834 Sicliniensis,
1541 3751 1762 3818 Tornacensis

403 3857 553 3937 diocesis,
570 3858 604 3920 in
621 3856 820 3922 canonicum
836 3864 888 3920 est
904 3863 1057 3940 receptus
1073 3857 1134 3921 sub
1151 3855 1385 3941 expectatione
1401 3855 1579 3941 prebende.

446 3958 648 4045 Multiplicia
664 3969 761 4026 tue...

446 4064 524 4128 Dat.
541 4063 639 4127 Avin.
658 4085 675 4147 3
693 4064 737 4129 id.
750 4064 835 4149 junii
852 4084 943 4128 anno
961 4068 989 4129 6.

445 4166 486 4231 ln
513 4187 543 4232 e.
570 4189 615 4232 m.
644 4168 817 4253 preposito
842 4165 1042 4252 Maguntine
1067 4176 1102 4233 et
1126 4167 1256 4233 decano
1284 4187 1324 4231 ac
1348 4167 1527 4233 scolastico
1560 4166 1761 4233 Morinensis

403 4271 629 4336 ecclesiarum.

435 4408 497 4469 Reg.
512 4410 561 4458 Av.
578 4410 615 4465 16,
629 4407 647 4455 f.
663 4408 721 4454 482*
736 4423 741 4463 ;
755 4406 814 4455 Vat.
828 4408 868 4464 73,
883 4407 901 4455 i.
915 4408 972 4465 297,
986 4421 1010 4454 n.
1026 4407 1081 4454 811.

447 4606 591 4689 1057-
1469 4633 1563 4696 1322,
1580 4634 1620 4678 ιι
1631 4615 1719 4697 juin.

445 4722 617 4787 Vasellino
645 4723 743 4789 Haec
768 4723 938 4789 confertur
962 4721 1179 4785 canonicatus
1203 4716 1344 4782 ecclesie
1369 4716 1401 4782 S.
1425 4717 1539 4782 Amati
1567 4717 1761 4798 DuacensiS,

408 4825 635 4892 atrebatensis
650 4828 801 4907 diocesis,
818 4829 878 4892 sub
894 4823 1130 4911 expectatione
1153 4821 1333 4907 prebende,
1355 4820 1624 4886 consideratione
1640 4820 1762 4902 Caroli,

410 4925 544 4995 Francie
568 4932 661 5015 regiS,
685 4953 754 4996 non
780 4933 934 4996 obstante
958 4928 1047 5012 quod
1078 4927 1112 4990 in
1143 4924 1284 4990 ecclesia
1308 4923 1341 4992 S.
1368 4923 1459 4989 Petri
1482 4925 1642 5007 AriensiS,
1660 4926 1761 4991 Mori·

409 5033 516 5098 nensis
531 5033 681 5114 diocesis
698 5035 731 5099 in
747 5035 947 5100 canonicum
963 5038 1118 5116 receptus
1134 5036 1186 5093 est
1201 5030 1261 5093 sub
1278 5027 1513 5113 expectatione
1529 5028 1709 5113 prebende.

450 5137 647 5222 Apostolice
663 5137 795 5202 Sedis...

457 5270 558 5309 Analecta
567 5270 762 5321 vaticano-belgica.
776 5272 805 5310 11.
1688 5268 1712 5305 ²⁶
