4409 6017
507 694 569 759 338
1038 688 1207 768 Quatrihme
1227 689 1330 755 annes.

508 842 626 928 parati,
657 848 819 925 quantum
845 853 922 904 cum
953 839 1029 904 Deo
1058 839 1260 924 poterimus,
1284 838 1441 904 adhibere
1467 844 1623 923 prompte
1650 834 1847 901 solicitudinis
1891 864 1903 906 ·;

509 955 623 1012 nostre
638 952 760 1029 partes,
777 944 857 1009 Dat.
873 942 974 1010 Avin.
991 961 1009 1027 7
1026 942 1092 1008 kal.
1105 943 1188 1027 junii
1201 962 1291 1008 anno
1307 963 1366 1026 4.»

543 1104 602 1164 lteg.
617 1103 675 1150 l'ut.
689 1104 741 1159 110,
755 1115 814 1164 pars
828 1101 845 1159 l,
859 1101 877 1151 s.
889 1102 941 1160 ὅδ’,
953 1114 979 1150 n.
991 1101 1087 1148 2111-
1100 1099 1207 1158 (bulon,
1219 1113 1244 1149 n.
1256 1100 1318 1146 1052
1331 1096 1437 1158 (texte).

553 1293 663 1377 831.
1540 1294 1654 1387 [1520,
1671 1300 1716 1366 26
1731 1298 1819 1386 mad.

552 1411 737 1477 Gaucelmo
753 1409 910 1476 cardinali
927 1410 1079 1475 scribitur
1095 1409 1185 1494 quod
1201 1408 1262 1494 ipsi
1279 1406 1475 1474 conceditur
1490 1405 1633 1472 facultas
1655 1401 1849 1490 dispensandi

508 1516 708 1582 auctoritate
721 1516 906 1601 apostolica
917 1534 1015 1599 super
1025 1514 1193 1579 nonnullis
1204 1511 1453 1599 impedimentis
1465 1510 1498 1576 in
1509 1510 1729 1576 matrimonio
1741 1517 1850 1575 contra·
1895 1511 1899 1516 ’

509 1620 621 1685 hendo
651 1620 738 1685 inter
763 1618 999 1702 Margaretam,
1027 1618 1129 1682 filiam
1160 1618 1245 1703 regis
1277 1616 1428 1698 Francie,
1455 1624 1489 1681 et
1520 1614 1744 1694 Ludovicum,
1767 1612 1851 1677 filiun

509 1724 644 1789 comitis
661 1723 891 1789 Nivernensis

555 1910 719 1977 «Dilecto
744 1911 812 1976 filio
837 1911 1070 1997 G[aucehno],
1088 1911 1286 1976 Sanctorum
1312 1909 1501 1976 Marcellini
1518 1917 1553 1975 et
1577 1908 1668 1975 Petri
1688 1907 1855 1995 presbitero
1902 1935 1903 1940 ¹

509 2017 678 2097 cardinali,
695 2015 788 2081 Sedis
800 2015 985 2101 apostolice
1002 2016 1130 2080 nuntio.
1146 2015 1202 2080 Ad
1217 2016 1397 2080 reformate
1412 2016 1503 2101 pacis
1519 2022 1553 2079 et
1570 2014 1772 2080 confirmate
1787 2013 1856 2078 inter
1901 2007 1903 2012 ’

509 2122 715 2188 carissimum
731 2121 835 2185 filium
851 2129 1001 2185 nostrum
1019 2120 1222 2206 Philippum,
1238 2140 1350 2204 regem
1375 2118 1514 2185 Francie
1541 2127 1576 2183 et
1603 2116 1762 2183 Navarre
1785 2119 1856 2182 illus

509 2238 606 2307 trem,
623 2247 663 2289 ex
680 2246 745 2289 una
760 2234 865 2310 parte,
882 2233 917 2289 et
934 2224 1166 2304 FlandrenseS,
1183 2246 1224 2289 ex
1237 2226 1350 2305 altera,
1363 2223 1569 2289 soliditatem
1582 2226 1723 2288 uberem
1736 2222 1857 2289 intensis

510 2330 681 2396 desideriis
701 2330 883 2409 anelantes,
901 2338 937 2393 ut
952 2349 1050 2414 super
1066 2328 1326 2415 impedimentis
1350 2329 1376 2393 si
1400 2349 1465 2412 qua
1489 2327 1598 2393 forsan
1622 2328 1859 2395 matrimonium

511 2434 779 2502 contrahendum
794 2433 881 2497 inter
896 2431 1052 2497 dilectam
1070 2433 1172 2497 filiam
1185 2434 1332 2497 nobilem
1349 2432 1523 2497 mulierem
1540 2431 1782 2518 Margaretam,
1791 2433 1859 2517 ejus

511 2541 588 2604 dem
611 2538 696 2622 regis
720 2537 832 2618 filiam,
848 2545 883 2601 et
906 2535 1125 2616 Ludovicum,
1144 2537 1403 2623 primogenitum
1426 2536 1539 2602 dilecti
1564 2537 1622 2602 filii
1646 2538 1770 2604 nobilis
1788 2536 1860 2602 tiri..

511 2643 644 2709 comitis
668 2641 897 2722 Niremensis,
920 2641 1132 2727 impedirent,
1155 2642 1267 2706 valeas
1290 2640 1491 2727 dispensare,
1517 2641 1712 2708 discretioni
1735 2650 1793 2708 tue
1816 2660 1862 2728 per

512 2747 713 2833 apostolicas
728 2746 808 2816 alias
823 2746 952 2810 litteras
967 2747 1028 2810 sub
1038 2754 1130 2810 certa
1140 2744 1245 2810 forma
1259 2747 1305 2829 (¹)
1321 2746 1564 2811 committimus
1575 2745 1667 2812 vices
1678 2754 1818 2827 nostras,
1831 2743 1864 2810 ad

513 2872 644 2935 queque
662 2850 726 2915 alia
749 2858 908 2935 prompto
920 2849 1033 2914 animo
1043 2849 1227 2934 processuri
1243 2870 1307 2933 que
1324 2858 1449 2915 statum
1464 2850 1550 2934 regis
1564 2850 1685 2935 prefati
1702 2851 1865 2937 pacificum

513 2954 691 3040 respiciant
707 2962 742 3018 et
757 2974 946 3038 regnorum,
963 2961 1126 3037 quantum
1142 2953 1287 3039 patietur
1303 2961 1409 3019 status
1424 2953 1529 3019 nostri
1544 2953 1704 3021 decentia
1714 2955 1867 3021 ethones

514 3063 575 3122 tas
593 3057 671 3122 Dat.
688 3068 724 3121 ut
740 3078 838 3142 supra
849 3059 906 3142 (2).
923 3078 941 3119 n

549 3210 609 3270 hog.
621 3210 679 3257 l'at.
697 3213 750 3268 ltu,
762 3225 821 3272 pars
834 3211 852 3264 l,
862 3211 880 3259 f.
893 3213 943 3268 h5v,
957 3225 982 3259 n.
995 3213 1051 3259 217.
1066 3239 1097 3244 --
1108 3210 1212 3271 Ooulon,
1226 3225 1251 3260 n.
1264 3213 1326 3259 1053
1338 3212 1445 3274 (texte).

561 3403 673 3489 832.
1553 3422 1723 3507 [1320,2‹5
1738 3424 1833 3511 ancil.

563 3521 732 3609 Episcopo
759 3522 925 3590 hleldensi
952 3526 1131 3589 mandatur
1158 3535 1321 3609 quatenus
1345 3527 1388 3590 ad
1417 3546 1536 3612 pacem
1568 3526 1656 3591 inter
1687 3526 1867 3615 Philippum

518 3646 631 3709 regern
648 3637 682 3691 et
697 3627 918 3694 Flandrenses
935 3629 1144 3694 solidandam
1157 3629 1304 3695 studium
1320 3630 1488 3695 adhibeat.

565 3806 781 3872 «Venerabili
799 3809 889 3874 fratri
905 3808 1066 3893 episcopo
1084 3806 1260 3873 Meldensi.
1277 3808 1470 3874 Gaudemus
1486 3807 1519 3873 in
1537 3808 1687 3875 Domino
1712 3831 1784 3876 non
1799 3808 1870 3875 indi·

519 3935 583 3996 gne
600 3933 676 3976 cum
700 3911 815 3976 fratres
832 3921 964 3977 nostros
979 3912 1197 3997 coepiscopos
1219 3912 1420 3997 percipimus
1443 3912 1528 3978 circa
1551 3934 1591 3978 ea
1613 3934 1680 3998 que
1703 3915 1748 3980 ad
1768 3932 1870 3981 eorum

521 4016 669 4081 officium
692 4016 863 4100 pertinent
888 4015 1061 4081 intendere
1088 4016 1274 4099 vigilanter,
1298 4016 1388 4099 quod
1411 4017 1499 4082 circa
1522 4038 1642 4103 pacem
1667 4018 1870 4085 reformatam

522 4121 607 4185 inter
630 4119 834 4184 carissimum
859 4120 962 4183 lilium
986 4128 1138 4184 nostrum
1162 4120 1364 4205 Philippum,
1380 4141 1492 4205 regem
1518 4119 1656 4189 Francie
1680 4131 1716 4188 et
1734 4122 1871 4189 Navarre

523 4225 693 4303 illustrem,
722 4246 762 4287 ex
787 4245 851 4287 uua
874 4233 978 4308 parte,
1001 4232 1034 4286 et
1058 4222 1288 4305 Flandrenses,
1312 4245 1353 4287 ex
1380 4226 1494 4306 altera,
1522 4228 1822 4294 consummandam
1844 4235 1872 4291 et

521 4326 728 4391 solidandam
745 4327 876 4392 uberius
887 4336 956 4391 tam
969 4349 1009 4391 ex
1023 4326 1143 4391 litteris
1155 4327 1266 4393 dilecti
1279 4328 1336 4391 filii
1349 4326 1573 4415 G[aucelmi],
1585 4329 1675 4395 tituli
1685 4330 1870 4398 Sanctorum

523 4428 708 4494 Marcellini
727 4441 761 4494 et
778 4430 866 4494 Petri
883 4431 1056 4516 presbiteri
1073 4431 1260 4512 cardinalis,
1277 4432 1462 4518 apostolice
1476 4432 1569 4498 Sedis
1590 4435 1712 4516 nuntii,
1723 4457 1820 4521 quam
1838 4453 1871 4498 ex

522 4532 662 4596 aliorum
689 4533 851 4598 relatione
874 4535 1085 4620 percepimus
1105 4543 1139 4600 te
1165 4557 1323 4602 servasse.
1340 4536 1445 4622 Super
1466 4558 1532 4621 quo
1556 4543 1651 4602 tuam
1676 4538 1710 4604 in
1736 4540 1872 4606 Domino

522 4634 769 4699 solicitudinem
785 4637 1071 4718 commendantes,
1088 4647 1122 4702 te
1139 4639 1310 4704 hortamur
1325 4640 1488 4705 attentius
1504 4648 1541 4705 ut
1551 4641 1639 4706 circa
1649 4641 1706 4707 illa
1716 4664 1780 4728 que
1789 4652 1872 4710 tuum

523 4738 645 4802 decent
661 4737 808 4803 officium
824 4762 890 4804 non
908 4750 1052 4827 torpeas,
1070 4741 1129 4806 sed
1141 4742 1228 4807 circa
1244 4744 1299 4808 illa
1315 4744 1512 4828 exequenda
1527 4744 1709 4811 studiosius
1721 4746 1871 4822 intendas,

524 4842 663 4906 sciturus
691 4843 780 4926 quod
802 4844 843 4908 ad
868 4866 999 4929 queque
1024 4846 1236 4931 respicientia
1262 4856 1388 4912 statum
1412 4847 1497 4933 regis
1520 4848 1641 4933 prefati
1658 4852 1831 4938 pacificum
1845 4856 1872 4914 et

558 5140 579 5184 1.
597 5137 660 5197 loy.
674 5153 699 5187 n.
714 5139 768 5183 ⁸28..
782 5164 810 5170 -
825 5140 846 5182 2.
863 5137 895 5183 lh
910 5137 985 5183 lettre
999 5136 1151 5197 qrre'cddcnte
1163 5144 1202 5184 cst
1214 5138 1237 5184 lc
1247 5152 1272 5185 n.
1285 5139 1339 5184 830.
