4409 6017
910 711 1067 778 Neurieno
1087 709 1190 778 sunto.
1676 720 1732 786 591

366 857 401 923 S.
424 856 590 924 Leonardi
614 857 656 924 de
676 857 865 941 Laiatico⁰,
887 859 1085 926 Volterrane
1112 859 1264 943 diocesis,
1281 862 1314 927 in
1334 863 1485 949 partibus
1504 863 1626 930 Tuscie
1652 887 1731 933 con-

367 962 547 1027 sistentem
571 971 607 1027 et
630 982 690 1048 per
714 963 845 1028 obitum
869 963 1001 1030 Thome
1027 964 1070 1030 de
1096 963 1235 1047 Casulis,
1263 965 1295 1031 in
1322 965 1386 1032 illis
1409 967 1557 1052 partibus
1584 968 1732 1036 defuncti

366 1075 561 1147 vacantem,
576 1086 646 1132 non
673 1069 829 1132 obstante
856 1067 947 1152 quod
973 1066 1006 1132 in
1033 1067 1176 1133 ecclesia
1202 1068 1244 1135 de
1260 1069 1291 1135 S.
1308 1068 1513 1151 Andomaro,
1531 1069 1732 1140 Morinensis

366 1170 523 1252 diocesis,
539 1172 599 1236 sub
615 1170 853 1257 expectatione
868 1170 1038 1257 prebende
1053 1170 1086 1235 in
1118 1172 1318 1238 canonicum
1343 1182 1395 1240 est
1420 1183 1576 1261 receptus
1591 1186 1627 1242 et
1642 1178 1732 1262 quod

366 1275 494 1359 patitur
509 1274 550 1339 'in
573 1283 665 1340 etate
685 1273 854 1340 defectum
870 1278 925 1358 (22
942 1275 1048 1356 ann).

411 1378 506 1444 Sedis
520 1378 747 1464 apostolice...

411 1483 490 1548 Dat.
506 1483 607 1549 Avin.
625 1504 642 1567 3
659 1503 736 1549 non.
750 1483 823 1568 julii
839 1503 930 1549 anno
947 1503 976 1563 9.

398 1620 460 1682 Reg.
472 1623 520 1668 Av.
533 1621 572 1671 23.
585 1622 603 1669 i.
615 1623 663 1669 295
674 1637 680 1677 ;
693 1621 752 1669 Vct..
768 1623 805 1680 79,
819 1621 839 1674 i,
853 1623 907 1679 235,
921 1635 946 1669 n.
961 1622 1030 1670 1898.

412 1820 550 1901 1610.
1421 1855 1517 1918 1325,
1533 1839 1557 1900 8
1563 1836 1685 1918 juillet.

410 1937 511 2004 Petro
525 1938 689 2023 Arquerii,
706 1938 835 2003 decano
851 1936 1131 2021 Rothomagensi,
1148 1937 1300 2003 scribitur
1315 1947 1353 2003 ut
1368 1959 1403 2004 se
1427 1939 1585 2005 informet
1600 1962 1643 2006 an
1664 1942 1729 2010 due

363 2042 485 2109 domus
502 2043 535 2107 in
553 2041 711 2107 Flandria
729 2041 954 2108 consistentes
966 2039 1229 2107 etaBenedicto
1242 2041 1369 2106 Rotarii
1389 2041 1531 2109 Camere
1543 2047 1729 2130 apostolice

362 2146 501 2227 donate,
517 2146 611 2213 dicto
628 2146 815 2212 Benedicto
833 2153 986 2230 tempore
1002 2144 1194 2210 donationis
1209 2145 1398 2230 hujusmodi
1413 2148 1629 2232 pertinerent.

409 2299 546 2366 «Petro
566 2299 730 2383 Arquerii,
751 2299 880 2364 decano
901 2297 1175 2382 Rothomagensi.
1193 2297 1289 2363 Licet
1304 2319 1364 2383 per
1387 2300 1468 2366 alias
1494 2311 1624 2369 nostras
1638 2305 1727 2370 litte-

361 2425 425 2485 ras,
450 2425 532 2489 quas
548 2404 608 2469 tibi
622 2424 687 2469 una
710 2423 787 2469 cum
804 2401 1016 2488 presentibus
1026 2400 1243 2482 destinamus,
1255 2401 1449 2469 discretioni
1464 2411 1522 2469 tue
1537 2406 1728 2475 duxerimus

362 2507 647 2574 committendum
672 2514 710 2571 ut
736 2506 818 2571 duas
841 2505 962 2571 domos
989 2503 1022 2568 in
1052 2502 1208 2569 Flandria
1232 2505 1465 2588 consistentes
1481 2529 1563 2592 quas
1585 2509 1728 2578 dilectus

361 2612 450 2678 filius
472 2611 675 2676 Benedictus
692 2609 856 2684 Rotharii
872 2607 954 2674 civis
970 2606 1133 2689 Astensis,
1150 2608 1244 2673 adse
1260 2610 1427 2695 pertinere
1451 2631 1601 2678 asserens
1624 2615 1727 2700 pleno

357 2717 443 2802 jure,
470 2716 567 2781 nobis
591 2724 626 2779 et
653 2713 795 2779 Camere
821 2721 937 2778 nostre
962 2731 1068 2797 nuper
1092 2711 1230 2777 cessisse
1255 2713 1405 2779 noscitur
1434 2723 1469 2779 et
1500 2714 1654 2799 donasse,
1684 2719 1726 2785 ad

361 2839 501 2884 manum
516 2829 667 2886 nostram
682 2826 718 2883 et
733 2816 883 2902 ejusdem
900 2814 1041 2880 Camere
1051 2814 1187 2893 studeas
1198 2815 1347 2903 recipere
1357 2837 1397 2882 ac
1408 2817 1511 2883 etiam
1524 2821 1725 2906 explectare,

362 2943 583 3007 quoscunque
599 2930 820 3008 occupatores
837 2940 895 2984 seu
910 2919 1106 2983 detentores
1122 2938 1236 2983 earum
1252 2918 1294 2985 ad
1310 2921 1382 2987 illas
1391 2922 1580 2988 tibinostro
1589 2925 1726 2991 nomine

361 3027 466 3091 libere
482 3025 700 3092 dimittendas
715 3044 775 3111 per
790 3042 965 3089 censuram
988 3021 1262 3104 ecclesiasticam,
1278 3025 1505 3110 appellatione
1526 3028 1725 3114 postposita,

360 3129 609 3216 compellendo,
625 3137 740 3194 nostre
756 3136 871 3192 tamen
884 3123 1081 3190 intentionis
1093 3124 1207 3190 existit
1218 3133 1253 3190 et
1263 3127 1427 3209 volumus,
1438 3128 1530 3212 quod
1544 3139 1725 3215 antequam

359 3234 512 3320 predicta
526 3233 762 3300 commissione
778 3231 890 3312 utaris,
906 3251 948 3296 an
965 3230 1009 3296 ad
1023 3229 1168 3294 eundern
1185 3229 1406 3297 Benedictum
1430 3233 1550 3300 domus
1575 3236 1725 3321 predicte

357 3347 513 3423 ternpore
529 3338 688 3404 cessionis
703 3333 892 3420 hujusmodi
909 3335 1120 3420 pertinerent
1135 3336 1327 3421 diligentius
1342 3344 1378 3402 te
1394 3337 1552 3405 informes
1565 3363 1574 3420 ;
1591 3342 1724 3424 quodsi

356 3442 521 3528 repereris
536 3442 584 3507 ita
599 3462 682 3523 esse,
698 3441 741 3506 ad
756 3437 993 3504 executionem
1011 3446 1250 3505 contentorum
1267 3441 1300 3505 in
1317 3441 1554 3507 commissione
1562 3443 1725 3528 jamdicta

356 3546 541 3631 prudenter
565 3554 600 3610 et
623 3544 762 3631 provide
786 3541 967 3629 procedere
991 3563 1060 3607 non
1087 3551 1295 3630 postponas3
1321 3545 1403 3610 alias
1418 3564 1493 3609 eam
1508 3546 1674 3612 subticeas
1689 3553 1724 3611 et

355 3650 521 3731 remittas,
537 3649 754 3735 rescripturus
778 3645 875 3712 nobis
900 3644 1043 3711 fideliter
1069 3646 1227 3731 quicquid
1253 3649 1360 3731 egeris
1383 3648 1417 3713 in
1442 3648 1506 3714 hac
1522 3658 1626 3735 parte.
1643 3650 1722 3716 Dat.

355 3753 459 3818 Avin.
477 3754 495 3818 8
512 3751 639 3839 injurii
655 3772 745 3817 anno
762 3771 792 3832 9.
809 3772 826 3814 u

389 3891 454 3952 Reg.
466 3891 527 3940 Vat.
542 3891 594 3949 113,
609 3890 627 3938 f.
642 3891 692 3949 w,
704 3903 730 3939 n.
744 3890 798 3937 131.

404 4115 537 4196 1611.
1389 4143 1541 4207 1525,10
1551 4124 1675 4206 juillet.

399 4231 560 4312 Johanni‚
575 4230 667 4296 dicto
683 4230 724 4296 dc
742 4229 860 4314 Hoy0,
877 4229 958 4294 olim
974 4229 1086 4294 abbati
1100 4223 1294 4294 monasterii
1311 4227 1582 4309 Triumfontium,
1599 4227 1720 4294 Cister-

354 4335 478 4404 ciensis
493 4335 628 4417 ordinis,
646 4333 927 4400 Cathalaunensis
941 4332 1093 4414 diocesis,
1106 4333 1160 4417 qui
1172 4333 1205 4397 in
1216 4332 1358 4398 eeclesia
1370 4331 1572 4398 Cunaviensi
1588 4334 1623 4397 in
1635 4333 1722 4420 epis-

353 4461 481 4527 copum
491 4460 527 4505 se
537 4437 910 4519 intruserat,mandatur
922 4445 1086 4521 quatenus
1096 4437 1139 4502 ad
1151 4437 1278 4502 dictum
1288 4437 1527 4503 monasterium
1537 4445 1722 4503 revertatur

353 4554 390 4610 et
407 4544 486 4608 inibi
503 4552 541 4609 ut
557 4543 741 4609 monachus
757 4546 931 4625 moretur(
950 4543 974 4625 ).

387 4724 413 4757 u.
430 4708 546 4756 Luitiuco
559 4722 610 4769 req.
630 4706 683 4755 Vnt.

389 4963 411 5008 1.
433 4961 518 5007 Surce
530 4972 696 5021 pcrsonnngc,
714 4958 759 5017 qui
780 4957 821 5004 fut
839 4955 936 5017 estque
954 4957 1090 5004 auxiliairc
1110 4957 1141 5003 de
1159 4958 1290 5016 Cambroi,
1308 4971 1365 5017 roy.
1387 4955 1417 5006 U.
1432 4953 1549 5015 Berlicre,
1569 4955 1603 5002 ies
1620 4952 1721 5018 &requos

348 5041 511 5091 auriliaires
523 5040 554 5087 de
568 5039 688 5089 (Ιαιιιὸναὶ
703 5043 727 5086 et
739 5038 770 5085 de
784 5039 901 5096 Touruae',
921 5053 964 5101 pp.
987 5041 1060 5087 11-211
1079 5039 1196 5097 (Extrait
1216 5037 1343 5101 completd
1358 5037 1390 5086 ‹ic
1407 5037 1433 5085 lu
1449 5037 1535 5085 Iterue
1555 5036 1719 5096 be'ruidietiuo,

350 5136 371 5176 t.
385 5123 440 5172 XX
453 5125 549 5183 (1903),
562 5137 605 5186 pp.
623 5122 719 5183 13-16).
