4409 6017
432 697 471 761 60
972 698 1118 763 Premiire
1140 697 1240 763 anna‘e.

431 852 465 910 et
482 843 699 925 Ludovicum,
712 845 959 926 Ebroicensenr,
972 846 1050 912 dicti
1067 844 1211 931 Philippi
1229 846 1353 924 iratres,
1381 866 1511 912 necnon
1529 853 1563 911 et
1587 845 1757 931 Philippum

432 947 589 1029 Pictavie,
615 959 650 1015 et
675 949 845 1027 Karolurn,
873 949 1033 1026 hiarchie,
1059 950 1206 1036 ejusdem
1233 951 1327 1024 lilios,
1353 950 1503 1028 comites
1522 949 1565 1014 ad
1583 949 1673 1015 dicte
1687 947 1760 1013 Tem

431 1054 552 1120 Sancte
582 1057 866 1142 recuperationem
898 1057 983 1121 adeo
1012 1057 1067 1141 pie
1100 1057 1289 1122 devotionis
1326 1056 1500 1121 affectibus
1534 1055 1649 1121 divina
1685 1055 1760 1139 grati:

430 1159 590 1226 animavit
613 1162 712 1245 quod,
736 1170 871 1246 propter
895 1160 1063 1225 Christum
1088 1164 1293 1245 abnegantes
1308 1159 1513 1246 semetipsos,
1530 1167 1663 1225 terrena
1677 1179 1760 1240 regna

430 1269 617 1334 mundanos
653 1269 807 1345 honores,
847 1286 974 1339 uxores,
1013 1266 1134 1331 liberos
1167 1278 1201 1331 et
1232 1267 1390 1332 secularia
1420 1263 1584 1333 desideria
1616 1271 1760 1346 contemp

430 1381 558 1452 nentes,
584 1373 626 1437 ad
652 1372 756 1436 crucis
781 1369 1042 1453 assumptionem
1069 1380 1103 1434 et
1129 1372 1267 1455 passagii
1295 1372 1377 1436 infra
1404 1369 1618 1455 septennium
1643 1387 1702 1453 per
1728 1387 1760 1431 eo

429 1476 569 1542 faciendi
580 1476 858 1562 prosecutionem,
870 1495 904 1537 se
916 1474 947 1535 in
959 1472 1050 1538 dicto
1062 1477 1205 1541 concilio
1214 1487 1227 1510 ⁶
1237 1477 1424 1561 obligarunt
1439 1474 1632 1558 dictamque
1647 1492 1760 1538 crucem

429 1602 493 1647 una
510 1602 585 1647 cum
602 1582 770 1646 carissimo
794 1580 862 1643 filio
878 1587 993 1641 nostro
1019 1578 1184 1654 liduardo,
1201 1602 1278 1666 rege
1293 1582 1478 1664 :inglorurn
1500 1578 1628 1658 illustri,
1644 1588 1680 1642 et
1696 1577 1760 1640 inru

427 1706 519 1750 mera
539 1689 711 1760 baronunr,
737 1703 921 1771 procerum,
947 1685 1107 1750 nobilium
1132 1706 1171 1750 ac
1193 1686 1307 1772 populi
1331 1683 1556 1763 multitudine,
1572 1680 1760 1768 postmodur

428 1788 579 1869 Parisius,
596 1789 638 1855 de
653 1811 755 1854 manu
771 1790 883 1856 dilecti
903 1789 957 1854 lilii
975 1791 1077 1855 nostri
1095 1790 1261 1864 Nicholai
1277 1791 1365 1856 tituli
1383 1790 1488 1856 sancti
1506 1788 1641 1854 Eusebii
1664 1785 1760 1872 presb*

427 1894 488 1957 teri
499 1894 683 1968 cardinalis,
694 1915 753 1979 per
768 1898 856 1959 bone
872 1895 1031 1959 rnernorie
1043 1879 1253 1960 Clementem
1265 1895 1275 1928 ⁶
1285 1894 1324 1970 V,
1340 1894 1610 1980 predecessorem
1627 1899 1759 1956 nostrun

426 1997 468 2062 ad
484 1997 549 2063 hoc
564 1998 752 2082 specialiter
766 1999 922 2064 destinati
940 1999 973 2062 in
991 1998 1141 2076 Francia,
1158 2000 1343 2064 solenniter
1364 2006 1573 2083 receperunt.
1592 1995 1696 2061 Porro
1712 2015 1759 2060 cur

394 2190 398 2198 Ι
426 2122 461 2165 se
476 2100 518 2167 ad
542 2102 621 2167 dicti
647 2103 787 2186 passagii
814 2104 1080 2188 prosecutionem
1107 2124 1222 2189 parare
1246 2104 1471 2189 disponerent,
1494 2099 1633 2166 humani
1657 2118 1760 2184 gener

426 2205 587 2284 inimicus,
603 2206 694 2291 pacis
710 2209 848 2288 emulus,
871 2229 1057 2285 rancorunr,
1074 2208 1225 2272 odiorum
1242 2216 1276 2273 et
1292 2207 1530 2273 discordiarum
1552 2205 1733 2271 seminator
1750 2202 1758 2266 i

424 2311 577 2376 cordibus
593 2310 769 2395 impiorum
793 2333 813 2376 a
835 2313 954 2396 quibus
969 2313 1061 2397 pacis
1075 2315 1212 2387 bonum,
1236 2312 1325 2396 quod
1342 2316 1430 2376 bona
1448 2310 1602 2377 continet
1621 2309 1760 2374 universa

424 2414 562 2494 tollitur,
573 2423 608 2478 et
625 2414 656 2477 in
673 2415 895 2480 tabernaculis
908 2416 1041 2480 Domini
1058 2424 1091 2480 et
1106 2417 1269 2500 justorum
1284 2437 1406 2480 nomen
1421 2414 1557 2479 Domini
1573 2411 1760 2496 diligentior

423 2521 578 2602 boneque
602 2519 785 2584 voluntatis
809 2521 984 2596 sauciatur,
1000 2541 1061 2586 vos
1076 2520 1119 2584 ad
1134 2521 1308 2585 seditiosas
1328 2540 1516 2605 guerrarum
1541 2516 1760 2583 commotione

426 2621 693 2688 contradictum
717 2644 829 2706 regem
855 2624 1044 2709 Philippum
1069 2625 1217 2708 maligno
1243 2633 1367 2690 conatu
1391 2622 1554 2709 perduxit.
1580 2620 1632 2685 Ex
1657 2618 1760 2703 quibu

425 2727 511 2792 sicut
526 2728 625 2809 longe
641 2727 773 2812 lateque
798 2729 967 2794 notorium
989 2737 1049 2802 est,
1074 2728 1197 2794 nedum
1222 2728 1496 2794 christianissimo
1519 2746 1623 2811 regno
1644 2722 1761 2789 Franci

424 2836 508 2901 sicut
522 2836 554 2899 iu
576 2856 661 2898 traua
686 2834 771 2897 linea
788 2834 968 2897 (nutriatur
982 2844 1001 2898 ⁶.
1026 2833 1243 2898 Postmodum
1268 2836 1419 2898 addatur
1442 2833 1473 2895 r'n
1490 2832 1577 2896 dicta
1598 2837 1676 2894 uota
1696 2826 1759 2892 ibit

424 2939 579 3023 quatinus
595 2959 727 3005 crucem
743 2937 917 3003 assumatis
943 2937 1129 3022 predictam
1144 2958 1271 3022 uosque
1287 2937 1329 3002 ad
1345 2936 1472 3002 dictum
1494 2934 1686 3021 passagium
1702 2933 1758 2999 obl

423 3044 508 3128 getis
523 3053 624 3128 atque
640 3041 807 3128 premissis
823 3041 977 3107 omnibus
992 3042 1135 3108 discrete
1150 3041 1298 3127 pensatis
1314 3050 1378 3106 etc.
1397 3048 1433 3104 ut
1448 3041 1478 3103 iu
1498 3046 1552 3102 unt
1577 3088 1584 3102 .

466 3147 551 3213 Item
569 3148 600 3211 iu
618 3151 694 3234 fine
710 3154 781 3211 nou
795 3149 947 3211 addatur
961 3166 973 3207 .·
992 3146 1244 3232 quibuscunque
1260 3144 1500 3219 occasionibus,
1516 3141 1760 3209 dilationibus<

423 3250 742 3319 contradictionibus
757 3251 875 3316 vestris
890 3251 996 3317 solitis
1012 3271 1051 3316 ac
1062 3250 1342 3336 appellationibus
1354 3246 1568 3316 frustratoriis
1580 3267 1650 3313 non
1663 3246 1760 3313 admit

422 3356 476 3436 sis,
492 3354 600 3421 eidem
616 3356 743 3439 regenti
761 3363 949 3439 quemdam
965 3376 1024 3440 per
1039 3355 1167 3421 litteras
1182 3363 1322 3432 nostras,
1333 3375 1433 3440 quam
1445 3353 1522 3418 vive
1538 3351 1632 3418 vocis
1649 3352 1760 3418 oracul

422 3459 456 3524 in
471 3469 584 3525 nostra
600 3459 766 3546 presentia
782 3459 1062 3535 constitutum‚ad
1078 3459 1158 3526 dicti
1176 3459 1316 3544 passagii
1333 3457 1613 3544 prosecutionem,
1624 3464 1660 3523 et
1677 3457 1758 3524 hum

422 3565 576 3643 liationis,
588 3564 865 3629 reconsiliatiouis
880 3585 919 3629 ac
934 3564 1178 3648 pacificationis
1196 3572 1305 3628 vestre
1318 3563 1559 3647 acceptionem,
1571 3561 1653 3626 dum
1669 3571 1760 3627 tarne

422 3690 486 3753 pax
503 3670 574 3753 ipsa
591 3690 657 3733 non
675 3678 804 3732 tantum
822 3668 931 3732 uerbis
947 3678 981 3731 et
999 3668 1084 3732 fictis
1100 3667 1312 3751 applausibus
1329 3667 1533 3742 ostendatur,
1550 3664 1660 3730 sedin
1678 3667 1758 3731 cord

421 3776 483 3838 hus
499 3773 616 3838 vestris
632 3792 769 3857 operurn
786 3771 992 3835 exhibitione
1016 3771 1162 3835 radicata
1179 3779 1391 3842 monstretur,
1415 3770 1557 3853 talisque
1573 3789 1613 3833 ac
1628 3776 1726 3834 tanta
1743 3790 1758 3834 s

422 3878 511 3961 quod
527 3878 635 3948 liceat.
653 3877 770 3940 deceat
787 3884 821 3939 et
838 3874 993 3958 expediat
1019 3874 1267 3956 magnificentie
1284 3894 1341 3938 sue
1357 3894 1396 3938 ac
1413 3894 1535 3938 corone
1551 3872 1648 3955 regis,
1667 3893 1760 3957 accep

424 3990 494 4046 tare
519 3981 659 4045 eandenr
687 3978 832 4064 paternis
858 3978 1045 4060 crebrisque
1069 3999 1109 4042 ac
1134 3978 1330 4042 salutaribus
1360 3978 1497 4044 monitis
1526 3977 1717 4042 induximus
1750 3999 1760 4041 ε

423 4106 521 4168 quern
539 4084 580 4148 ad
595 4084 744 4168 predicta
756 4093 790 4146 et
803 4082 865 4146 alia
879 4082 1044 4146 catholice
1059 4081 1134 4145 fidei
1148 4082 1397 4158 exaltationem,
1408 4089 1619 4146 sacrosancte
1630 4080 1760 4146 Roman

423 4187 573 4253 licclesie
590 4197 806 4269 nostrumque
823 4187 984 4249 honorem
1008 4206 1047 4249 ac.
1070 4186 1316 4269 beneplacitum
1342 4186 1571 4266 contingentia
1590 4194 1760 4271 pronrptur

422 4312 663 4375 comparamus,
695 4290 868 4374 apostolici
902 4289 1023 4352 latoris
1053 4298 1086 4352 et
1118 4289 1269 4372 potentie
1294 4290 1434 4369 gratiani
1467 4299 1626 4373 tanquam
1659 4290 1757 4354 dexot

424 4402 536 4459 nostro
554 4394 622 4457 lilio
637 4403 671 4458 et
690 4393 838 4458 licclesie
855 4392 956 4477 pugili
974 4401 1090 4457 contra
1108 4413 1176 4462 ros,
1194 4395 1440 4476 perturbatores
1455 4392 1535 4457 dicti
1553 4391 1645 4476 pacis
1661 4403 1695 4458 et
1711 4412 1760 4478 pas

422 4498 512 4580 sagii,
532 4498 724 4562 tribuemus.

467 4602 548 4665 llrru
566 4604 755 4683 corrigatur
772 4603 802 4663 in
821 4603 906 4665 daila
925 4609 1000 4665 nala
1017 4603 1098 4665 salis
1110 4606 1210 4687 propa
1222 4603 1415 4686 prrrrripr'uru
1433 4612 1442 4635 ‘
1464 4603 1549 4668 illud
1567 4624 1657 4669 :vos
1673 4601 1760 4669 edica

420 4706 502 4769 citer
518 4717 705 4770 seruatuurs
721 4705 909 4789 promisisse
926 4705 1072 4769 dicimini
1092 4714 1123 4769 ul
1138 4714 1311 4769 asseratur
1327 4728 1379 4768 aas
1390 4708 1582 4792 [lrarnisr'sse
1599 4729 1628 4773 n.

453 4834 514 4892 lica.
531 4834 588 4881 tar.
605 4837 655 4882 llll.
669 4850 726 4896 pru·-
743 4835 759 4882 l.
773 4836 790 4883 l'.
806 4838 843 4880 2-1.
862 4849 886 4881 ιι,
900 4837 949 4881 sas.
1007 4835 1113 4882 t'urrlou.
1128 4850 1150 4882 u.
1166 4837 1194 4880 id
1207 4836 1310 4894 (textu).

451 4955 476 4987 a.
487 4940 593 4988 cornilio
606 4956 654 5000 rap.
676 4969 698 4974 —
711 4940 731 4988 lr.
746 4942 902 4987 (tribuuntur
919 4956 968 5001 up.
1024 4957 1045 4988 u.
1063 4941 1108 4987 lau·
1121 4947 1181 4986 riuus
1198 4941 1291 4987 runhnn
1311 4941 1522 4989 christianissinur
1544 4957 1622 5000 ragno
1639 4945 1760 4992 Francius

419 5026 533 5070 truamur*
546 5038 574 5069 au
587 5022 644 5082 affui
657 5022 754 5069 durrrxlu
767 5038 816 5082 rep.
829 5023 843 5067 ri
858 5023 883 5067 lr
898 5023 1022 5068 narn-itum·
1040 5023 1108 5083 lique
1127 5024 1157 5070 p,
1178 5022 1202 5068 lu
1217 5023 1289 5068 lurra·
1307 5022 1461 5085 pru-triaue.
1490 5024 1546 5086 l'up.
1560 5040 1583 5071 u.
1602 5026 1656 5085 lut,
1669 5027 1685 5073 Ι.
1699 5027 1732 5072 ΙΙ),
1745 5048 1760 5056 --

419 5104 443 5152 d.
463 5104 521 5168 l'uy.
541 5103 608 5160 ilu'd,
626 5121 651 5167 p.
670 5106 708 5154 rix,
722 5104 738 5151 Ι.
753 5107 789 5150 L’b'.
811 5134 818 5137 -
842 5122 862 5151 e.
883 5105 937 5166 l'up.
959 5120 981 5152 u.
996 5105 1047 5152 [δι’.
1060 5105 1077 5151 l.
1093 5107 1147 5153 ur,-
1179 5104 1203 5165 ,ί
1221 5105 1257 5151 lah
1272 5121 1357 5165 errrrrpc
1369 5123 1377 5153 :
1391 5108 1439 5154 ista
1459 5113 1519 5154 nota
1533 5106 1636 5154 ridetur
1654 5108 1760 5164 contum

420 5189 561 5250 proximam
580 5186 764 5250 praroli-nuru.
