4409 6017
488 713 580 779 LVIII
1075 714 1265 781 IormuIaire,

489 860 612 916 clericali
637 861 784 916 dumtaxat
808 872 952 916 caractere
978 863 1118 931 insignito,
1140 875 1170 919 ut
1189 883 1206 920 a
1225 883 1405 931 quocumque
1425 866 1526 921 malles
1546 866 1690 923 catholico
1711 869 1830 936 episcopo,

490 942 613 1006 gratiam
635 955 663 997 et
684 946 913 998 communionem
936 947 1091 1010 apostolice
1113 945 1346 1021 Sedis'babente,
1362 958 1391 1002 te
1407 949 1445 1002 ad
1459 966 1559 1003 omnes
1574 951 1700 1004 minores
1716 962 1743 1003 et
1757 967 1830 1005 sacros

489 1024 612 1090 ordInes,
629 1027 740 1078 statutis
757 1042 774 1077 a
792 1026 855 1088 jure
872 1028 1054 1092 temporibus,
1067 1017 1169 1091 posses
1191 1029 1286 1084 Iacere
1312 1031 1480 1095 promoveri,
1506 1041 1534 1084 et
1560 1032 1597 1084 ab
1622 1031 1780 1095 hujusmodi
1800 1031 1829 1084 vel

490 1105 546 1159 alio
569 1107 701 1172 antistite,
723 1106 844 1160 similem
864 1108 987 1171 gratiam
1008 1120 1035 1163 et
1057 1110 1288 1165 communionem
1304 1111 1437 1178 habente,
1455 1113 1529 1166 inira
1546 1129 1655 1167 annum
1671 1130 1689 1166 a
1708 1113 1771 1166 data
1784 1130 1828 1166 con

491 1191 626 1249 cessionis
653 1191 830 1255 hujusmodi
843 1195 1073 1258 computandum,
1091 1210 1205 1250 munus
1239 1196 1462 1249 consecrationis
1492 1195 1628 1259 recipere,
1663 1194 1828 1250 'concessimus

491 1289 541 1329 per
567 1284 679 1327 nostras
704 1275 831 1328 diversas
858 1276 965 1358 litteras
982 1286 1169 1357 potestatem.

529 1355 602 1408 Cum
615 1365 762 1418 autemtu,
775 1357 825 1421 otri
837 1350 896 1420 jani
908 1375 1032 1412 mrnores
1043 1357 1169 1420 ordines
1189 1359 1260 1412 sicut
1278 1344 1388 1423 asseris,
1406 1341 1545 1423 recepisti,
1565 1377 1601 1411 ex
1616 1358 1781 1422 quibusdam
1794 1368 1826 1412 tue

492 1455 612 1502 persone
634 1438 871 1504 contingentibus,
893 1439 1005 1493 dubites
1027 1450 1055 1493 te
1074 1457 1145 1494 non
1153 1458 1238 1505 posse
1259 1441 1361 1496 iacere
1389 1440 1463 1494 inira
1491 1457 1598 1494 annum
1626 1439 1783 1503 huiusmodi
1803 1441 1829 1493 td

492 1536 586 1572 sacros
603 1520 719 1574 ordines
736 1523 896 1585 promoveri
916 1532 943 1574 et
959 1523 989 1576 in
1006 1522 1171 1586 episcopum
1193 1523 1360 1588 consecrari,
1378 1524 1415 1577 de
1432 1540 1489 1587 quo
1507 1539 1583 1576 anno
1599 1523 1726 1586 quinque
1741 1533 1828 1574 mense

493 1612 520 1654 et
542 1604 615 1656 ultra
635 1620 785 1666 superesse
807 1614 968 1670 noscuntur,
990 1605 1072 1658 nobis
1092 1605 1239 1665 humiliter
1261 1606 1426 1669 supplicasti
1449 1615 1478 1658 ut
1502 1604 1653 1703 providere
1674 1603 1754 1657 tibi'
1747 1619 1774 1657 ιιι
1788 1601 1829 1662 luc

492 1695 572 1748 parte
592 1685 629 1738 de
650 1685 826 1748 benignitate
847 1686 1003 1752 apostolica
1023 1687 1215 1750 dignaremur.

483 1757 487 1765 ’
529 1767 614 1820 Nos
607 1768 692 1831 igitur
707 1768 834 1822 volentes
852 1787 1004 1834 personam
1018 1781 1105 1835 tuam,
1121 1769 1316 1835 predictorum
1332 1744 1499 1831 meritorum
1515 1770 1643 1835 obtentu,
1662 1767 1774 1833 speciali
1788 1781 1828 1831 ιιι.

492 1850 574 1913 sequi
604 1851 784 1914 prerogativa
815 1850 927 1916 favoris,
959 1852 1014 1905 tuis
1044 1852 1299 1916 supplicationibus
1311 1851 1448 1920 inclinati
1463 1852 1514 1906 tibi
1530 1852 1568 1905 ad
1581 1850 1831 1917 suscipiendumlu

492 1934 616 2003 jusmodi
633 1952 728 2001 sacros
744 1936 859 1999 ordines
877 1953 948 2000 quos
964 1937 1091 1997 nondum
1108 1936 1249 2000 recepisti,
1261 1947 1297 1997 ‚et
1315 1935 1420 1989 deinde
1437 1934 1658 1989 consecrationis
1675 1944 1726 1989 tue
1742 1946 1831 2000 ιιιιιιιιιι,

494 2016 645 2075 terminum
667 2034 755 2081 usque
776 2017 814 2069 ad
833 2034 922 2070 unum
942 2033 1049 2071 annum
1069 2036 1086 2071 a
1106 2019 1173 2071 data
1198 2018 1378 2082 presentium
1416 2016 1666 2082 computandum,
1689 2014 1878 2069 auctoritato

494 2098 650 2162 apostolica
671 2101 708 2153 de
727 2102 843 2163 speciali
865 2102 956 2165 gratia
978 2120 1172 2166 prorogamus.
1756 2124 1805 2157 ...Δ
1810 2120 1826 2128 ·’

526 2182 668 2251 Volumus
683 2193 780 2245 autem
794 2184 872 2248 quod
887 2184 1050 2246 hujusmodi
1063 2187 1155 2248 gratia
1175 2187 1214 2239 ad
1227 2184 1370 2239 beneficia
1386 2203 1442 2250 que
1457 2185 1570 2244 obtines
1584 2182 1747 2237 nullatenus
1762 2141 1834 2235 enei·

496 2246 593 2332 datur;
620 2264 733 2327 proviso
759 2276 855 2318 tamen
881 2267 959 2329 quod
986 2266 1097 2320 interim
1123 2268 1219 2322 taliter
1234 2268 1297 2322 de
1290 2268 1378 2332 ipsius
1398 2268 1516 2322 ecclesie
1533 2263 1835 2325 administrationem
1889 2295 1894 2314 1

494 2348 599 2414 videas,
622 2350 728 2413 quod
722 2367 784 2414 ipsa
806 2351 834 2403 in
855 2349 1046 2451 spiritualibus
1068 2368 1127 2404 non
1147 2350 1305 2449 fraudetur,
1326 2367 1379 2403 nec
1398 2350 1521 2414 patiatur
1541 2350 1569 2402 in
1588 2344 1789 2411 temporalibus
1803 2342 1839 2400 dte

494 2433 673 2487 trimentum.
1884 2443 1889 2448 '

531 2516 610 2569 Nulli
633 2527 685 2572 etc.
708 2527 804 2571 nostre
828 2518 1034 2582 prorogationis
1057 2528 1085 2570 et
1108 2488 1261 2572 voluntatis
1281 2515 1444 2580 infringere

529 2598 639 2652 Datum
659 2599 806 2658 Avinione
821 2601 881 2657 IIII
903 2602 958 2658 kal.
979 2599 1138 2655 decembris
1158 2617 1235 2654 anno
1254 2614 1340 2655 nono

1114 2855 1204 2946 ιι.

523 3114 705 3166 ΕιοιιιιΕ
731 3102 968 3166 nccoaose
970 3116 996 3166 A
1020 3062 1072 3165 uu
1098 3040 1259 3176 eunoun
1285 3111 1352 3164 ιιΕ
1350 3041 1604 3162 ocissume
1602 3046 1849 3200 tinniebant

654 3219 757 3270 poure
783 3219 836 3272 La
860 3207 1197 3272 ιιιῖοοιιειιιιιιοιι
1220 3216 1298 3267 nas
1323 3199 1490 3290 accisus
1512 3176 1730 3310 montius

1097 3341 1251 3402 (n1025).

529 3519 694 3575 Venerabili
719 3518 800 3575 fratri
825 3520 917 3584 Petro,
945 3518 1078 3584 episcopo
1102 3508 1313 3582 Cameracensi,
1333 3516 1463 3569 salutem.

530 3602 720 3656 Attendentes
734 3602 886 3665 benignius
902 3619 1006 3665 magne
1017 3601 1175 3657 devotionis
1195 3600 1340 3654 allectum
1359 3612 1416 3663 quo
1442 3595 1511 3661 erga
1537 3613 1590 3651 nos
1616 3606 1644 3649 et
1671 3582 1856 3661 apostolicare

496 3672 600 3739 sedem
626 3685 733 3750 pollere
759 3685 922 3748 dinosceris,
950 3701 1100 3746 personam
1125 3694 1209 3737 tuam
1226 3680 1381 3775 apostolico
1396 3680 1495 3735 favore
1510 3679 1708 3743 prosequlmur
1724 3688 1760 3740 et,
1774 3680 1860 3743 quan'-

496 3779 556 3822 tum
572 3785 637 3821 cum
653 3767 717 3820 Deo
734 3783 892 3831 possumus,
907 3767 1088 3820 honoramus
1594 3788 1597 3793 ·

530 3851 668 3904 Volentes
697 3850 792 3913 itaque
821 3859 936 3913 propter
964 3849 1018 3901 hoc
1045 3849 1242 3902 faiorabiliter
1256 3855 1382 3901 annuere
1396 3847 1467 3899 votis
1482 3847 1544 3909 tuiS,
1558 3844 1609 3898 nbi
1622 3843 1700 3908 quod
1714 3842 1859 3904 ecclesias

496 3934 620 3998 capellas
644 3944 672 3987 et
694 3933 830 3987 cimiteria
853 3943 966 3986 tuarum
987 3932 1107 3985 civitatis
1131 3941 1157 3985 et
1173 3931 1298 3984 diocesis
1327 3928 1581 3993 quotienscumque
1600 3944 1660 3991 per
1685 3924 1857 3981 effusionem

496 4015 642 4078 sanguinis
666 4017 710 4069 vel
735 4016 849 4069 seminis
873 4016 935 4080 ipsa
956 4014 1055 4067 violari
1079 4012 1238 4077 contigerit,
1270 4029 1321 4076 per
1351 4012 1475 4075 aliquem
1506 4009 1650 4072 ydoneum
1679 4007 1858 4061 sacerdotem

496 4115 581 4163 quem
601 4098 638 4151 ad
657 4098 710 4151 hoc
730 4098 843 4151 duxeris
862 4097 1065 4161 deputandum,
1084 4111 1176 4159 usque
1199 4094 1237 4147 ad
1264 4093 1416 4146 triennium
1443 4091 1617 4145 reconciliari
1645 4089 1743 4143 facere
1771 4088 1859 4144 libere

496 4180 592 4233 valeas
611 4178 742 4242 quotiens
761 4178 846 4231 luerit
866 4189 1044 4241 oportunum,
1064 4194 1138 4240 aqua
1157 4175 1235 4267 prius
1262 4192 1312 4239 per
1338 4185 1365 4227 te
1391 4173 1436 4225 vel
1461 4173 1549 4226 alium
1575 4172 1750 4236 episcopum,
1777 4178 1859 4235 prout

496 4261 581 4315 moris
603 4270 653 4325 est
674 4262 828 4314 solenniter
848 4257 1006 4321 benedicta,
1027 4259 1122 4322 aliqua
1142 4251 1343 4310 constitutione
1358 4256 1387 4309 in
1401 4254 1573 4309 contrarium
1587 4253 1665 4306 edita
1676 4269 1737 4306 non
1749 4252 1860 4306 obstan
1899 4261 1903 4356 ι

497 4353 533 4409 te,
549 4342 716 4397 auctoritate
730 4341 782 4396 tibi
798 4341 973 4406 presentium
986 4340 1175 4403 indulgemus
1198 4340 1253 4391 Per
1268 4339 1323 4392 hoc
1341 4348 1437 4391 autern
1457 4334 1649 4388 constitutioni
1667 4350 1724 4397 que
1742 4334 1903 4399 precipit

499 4426 528 4479 id
548 4424 699 4487 dumtaxat
716 4443 766 4490 per
787 4424 935 4488 episcopos
955 4423 1027 4485 fieri,
1048 4422 1159 4475 nullum
1179 4425 1309 4490 volumus
1341 4419 1526 4485 imposterum
1555 4416 1747 4481 prejudicium
1763 4433 1863 4487 gene

499 4508 561 4562 rari.

534 4589 613 4643 Nulli
639 4601 690 4643 etc.
717 4598 812 4643 nostre
838 4587 1027 4642 concessionis
1053 4584 1209 4649 infringere
1233 4596 1285 4640 etc.

535 4673 642 4725 Datum
664 4671 803 4723 Avinione
823 4670 848 4720 V
870 4668 906 4727 id,
927 4667 1061 4721 februarii
1082 4684 1158 4721 anno
1179 4677 1267 4721 sexto.
1307 4692 1313 4697 -
