<?xml version="1.0" encoding="UTF-8"?>
<!DOCTYPE html PUBLIC "-//W3C//DTD XHTML 1.0 Transitional//EN"
    "http://www.w3.org/TR/xhtml1/DTD/xhtml1-transitional.dtd">
<html xmlns="http://www.w3.org/1999/xhtml" xml:lang="en" lang="en">
 <head>
  <title>
</title>
<meta http-equiv="Content-Type" content="text/html;charset=utf-8" />
  <meta name='ocr-system' content='tesseract 3.04.00' />
  <meta name='ocr-capabilities' content='ocr_page ocr_carea ocr_par ocr_line ocrx_word'/>
</head>
<body>
  <div class='ocr_page' id='page_1' title='image "./lettresdejeanxx00xxiigoog_0538.png"; bbox 0 0 4409 6017; ppageno 0'>
   <div class='ocr_carea' id='block_1_1' title="bbox 491 734 1309 816">
    <p class='ocr_par' dir='ltr' id='par_1_1' title="bbox 491 734 1309 816">
     <span class='ocr_line' id='line_1_1' title="bbox 491 734 1309 816; baseline -0.002 -15"><span class='ocrx_word' id='word_1_1' title='bbox 491 736 554 801; x_wconf 79' lang='lat'>452</span> <span class='ocrx_word' id='word_1_2' title='bbox 1041 734 1187 816; x_wconf 79' lang='lat' dir='ltr'>Septibme</span> <span class='ocrx_word' id='word_1_3' title='bbox 1207 736 1309 800; x_wconf 74' lang='lat' dir='ltr'>ambe.</span> 
     </span>
    </p>
   </div>
   <div class='ocr_carea' id='block_1_2' title="bbox 489 883 1858 1076">
    <p class='ocr_par' dir='ltr' id='par_1_2' title="bbox 489 883 1858 1076">
     <span class='ocr_line' id='line_1_2' title="bbox 489 883 1858 976; baseline 0.001 -23"><span class='ocrx_word' id='word_1_4' title='bbox 489 889 622 954; x_wconf 88' lang='lat' dir='ltr'>notario</span> <span class='ocrx_word' id='word_1_5' title='bbox 648 910 746 976; x_wconf 86' lang='lat' dir='ltr'>pape,</span> <span class='ocrx_word' id='word_1_6' title='bbox 762 898 798 955; x_wconf 93' lang='lat' dir='ltr'>et</span> <span class='ocrx_word' id='word_1_7' title='bbox 813 890 844 955; x_wconf 87' lang='lat' dir='ltr'>S.</span> <span class='ocrx_word' id='word_1_8' title='bbox 863 889 1034 955; x_wconf 90' lang='lat' dir='ltr'>Laurentii</span> <span class='ocrx_word' id='word_1_9' title='bbox 1052 888 1131 955; x_wconf 84' lang='lat' dir='ltr'>foris</span> <span class='ocrx_word' id='word_1_10' title='bbox 1155 908 1268 954; x_wconf 90' lang='lat' dir='ltr'>muros</span> <span class='ocrx_word' id='word_1_11' title='bbox 1284 886 1387 954; x_wconf 86' lang='lat' dir='ltr'>Urbis</span> <span class='ocrx_word' id='word_1_12' title='bbox 1402 907 1442 953; x_wconf 90' lang='lat' dir='ltr'>ac</span> <span class='ocrx_word' id='word_1_13' title='bbox 1457 886 1489 953; x_wconf 86' lang='lat' dir='ltr'>S.</span> <span class='ocrx_word' id='word_1_14' title='bbox 1507 883 1641 953; x_wconf 86' lang='lat' dir='ltr'>Nicolai</span> <span class='ocrx_word' id='word_1_15' title='bbox 1660 885 1858 969; x_wconf 85' lang='lat' dir='ltr'>Fumensis,</span> 
     </span>
     <span class='ocr_line' id='line_1_3' title="bbox 491 990 1364 1076; baseline -0.003 -17"><span class='ocrx_word' id='word_1_16' title='bbox 491 990 696 1059; x_wconf 89' lang='lat' dir='ltr'>Morinensis</span> <span class='ocrx_word' id='word_1_17' title='bbox 709 992 863 1076; x_wconf 90' lang='lat' dir='ltr'>diocesis,</span> <span class='ocrx_word' id='word_1_18' title='bbox 878 994 1159 1061; x_wconf 84' lang='lat' dir='ltr'><strong>monasteriorum</strong></span> <span class='ocrx_word' id='word_1_19' title='bbox 1174 992 1364 1058; x_wconf 86' lang='lat' dir='ltr'><strong>abbatibus.</strong></span> 
     </span>
    </p>
   </div>
   <div class='ocr_carea' id='block_1_3' title="bbox 522 1131 1157 1193">
    <p class='ocr_par' dir='ltr' id='par_1_3' title="bbox 522 1131 1157 1193">
     <span class='ocr_line' id='line_1_4' title="bbox 522 1131 1157 1193; baseline 0.003 -16"><span class='ocrx_word' id='word_1_20' title='bbox 522 1131 582 1193; x_wconf 65' lang='lat' dir='ltr'>neg.</span> <span class='ocrx_word' id='word_1_21' title='bbox 595 1132 642 1179; x_wconf 74' lang='lat' dir='ltr'>av.</span> <span class='ocrx_word' id='word_1_22' title='bbox 657 1132 694 1190; x_wconf 78' lang='lat' dir='ltr'>ro,</span> <span class='ocrx_word' id='word_1_23' title='bbox 705 1132 724 1179; x_wconf 85' lang='lat' dir='ltr'>r.</span> <span class='ocrx_word' id='word_1_24' title='bbox 736 1134 779 1179; x_wconf 82' lang='lat'>271</span> <span class='ocrx_word' id='word_1_25' title='bbox 795 1148 801 1182; x_wconf 85' lang='grc'>;</span> <span class='ocrx_word' id='word_1_26' title='bbox 815 1132 872 1180; x_wconf 76' lang='lat' dir='ltr'>vat.</span> <span class='ocrx_word' id='word_1_27' title='bbox 886 1134 924 1190; x_wconf 71' lang='lat' dir='ltr'>rs,</span> <span class='ocrx_word' id='word_1_28' title='bbox 936 1132 954 1180; x_wconf 83' lang='lat' dir='ltr'>r.</span> <span class='ocrx_word' id='word_1_29' title='bbox 968 1133 1035 1190; x_wconf 69' lang='lat' dir='ltr'>rosv,</span> <span class='ocrx_word' id='word_1_30' title='bbox 1047 1145 1073 1179; x_wconf 85' lang='lat' dir='ltr'>n.</span> <span class='ocrx_word' id='word_1_31' title='bbox 1087 1132 1157 1180; x_wconf 80' lang='lat' dir='ltr'>nra</span> 
     </span>
    </p>
   </div>
   <div class='ocr_carea' id='block_1_4' title="bbox 491 1298 1860 2743">
    <p class='ocr_par' dir='ltr' id='par_1_4' title="bbox 540 1298 1817 1383">
     <span class='ocr_line' id='line_1_5' title="bbox 540 1298 1817 1383; baseline 0.005 -6"><span class='ocrx_word' id='word_1_32' title='bbox 540 1298 670 1380; x_wconf 90' lang='lat'>1212.</span> <span class='ocrx_word' id='word_1_33' title='bbox 1554 1299 1817 1383; x_wconf 55' lang='lat'>13225171&#39;1‘5’1·</span> 
     </span>
    </p>

    <p class='ocr_par' dir='ltr' id='par_1_5' title="bbox 491 1414 1858 2229">
     <span class='ocr_line' id='line_1_6' title="bbox 533 1414 1857 1499; baseline -0.001 -17"><span class='ocrx_word' id='word_1_34' title='bbox 533 1415 554 1494; x_wconf 93' lang='lat' dir='ltr'>J</span> <span class='ocrx_word' id='word_1_35' title='bbox 556 1416 681 1483; x_wconf 92' lang='lat' dir='ltr'>ohanni</span> <span class='ocrx_word' id='word_1_36' title='bbox 699 1414 897 1499; x_wconf 89' lang='lat' dir='ltr'>Manissero‚</span> <span class='ocrx_word' id='word_1_37' title='bbox 914 1416 1064 1483; x_wconf 83' lang='lat' dir='ltr'>familiari</span> <span class='ocrx_word' id='word_1_38' title='bbox 1076 1416 1266 1484; x_wconf 89' lang='lat' dir='ltr'>domestico</span> <span class='ocrx_word' id='word_1_39' title='bbox 1275 1424 1310 1482; x_wconf 92' lang='lat' dir='ltr'>et</span> <span class='ocrx_word' id='word_1_40' title='bbox 1320 1416 1482 1483; x_wconf 91' lang='lat' dir='ltr'>continuo</span> <span class='ocrx_word' id='word_1_41' title='bbox 1492 1417 1718 1483; x_wconf 87' lang='lat' dir='ltr'>commensali</span> <span class='ocrx_word' id='word_1_42' title='bbox 1729 1416 1749 1495; x_wconf 89' lang='lat' dir='ltr'>J</span> <span class='ocrx_word' id='word_1_43' title='bbox 1753 1417 1857 1496; x_wconf 86' lang='lat' dir='ltr'>acobi‚</span> 
     </span>
     <span class='ocr_line' id='line_1_7' title="bbox 492 1520 1857 1607; baseline 0 -22"><span class='ocrx_word' id='word_1_44' title='bbox 492 1520 523 1585; x_wconf 85' lang='lat' dir='ltr'>S.</span> <span class='ocrx_word' id='word_1_45' title='bbox 540 1520 674 1607; x_wconf 87' lang='lat' dir='ltr'>Georgii</span> <span class='ocrx_word' id='word_1_46' title='bbox 698 1520 741 1587; x_wconf 95' lang='lat' dir='ltr'>ad</span> <span class='ocrx_word' id='word_1_47' title='bbox 757 1520 877 1588; x_wconf 88' lang='lat' dir='ltr'>Velum</span> <span class='ocrx_word' id='word_1_48' title='bbox 903 1542 1041 1588; x_wconf 90' lang='lat' dir='ltr'>aureum</span> <span class='ocrx_word' id='word_1_49' title='bbox 1063 1521 1196 1588; x_wconf 92' lang='lat' dir='ltr'>diaconi</span> <span class='ocrx_word' id='word_1_50' title='bbox 1221 1521 1410 1602; x_wconf 90' lang='lat' dir='ltr'>cardinalis,</span> <span class='ocrx_word' id='word_1_51' title='bbox 1426 1530 1614 1587; x_wconf 88' lang='lat' dir='ltr'>reservatur</span> <span class='ocrx_word' id='word_1_52' title='bbox 1641 1522 1857 1607; x_wconf 84' lang='lat' dir='ltr'>parrochialis</span> 
     </span>
     <span class='ocr_line' id='line_1_8' title="bbox 491 1624 1856 1712; baseline -0.001 -21"><span class='ocrx_word' id='word_1_53' title='bbox 491 1626 632 1692; x_wconf 88' lang='lat' dir='ltr'>ecclesia</span> <span class='ocrx_word' id='word_1_54' title='bbox 646 1624 688 1691; x_wconf 91' lang='lat' dir='ltr'>de</span> <span class='ocrx_word' id='word_1_55' title='bbox 705 1624 792 1705; x_wconf 91' lang='lat' dir='ltr'>Bari,</span> <span class='ocrx_word' id='word_1_56' title='bbox 807 1627 1041 1692; x_wconf 55' lang='lat' dir='ltr'>attrebatensis</span> <span class='ocrx_word' id='word_1_57' title='bbox 1055 1625 1209 1708; x_wconf 89' lang='lat' dir='ltr'>diocesis,</span> <span class='ocrx_word' id='word_1_58' title='bbox 1226 1626 1260 1690; x_wconf 94' lang='lat' dir='ltr'>in</span> <span class='ocrx_word' id='word_1_59' title='bbox 1276 1626 1465 1712; x_wconf 85' lang='lat' dir='ltr'>proximum</span> <span class='ocrx_word' id='word_1_60' title='bbox 1484 1646 1544 1711; x_wconf 89' lang='lat' dir='ltr'>per</span> <span class='ocrx_word' id='word_1_61' title='bbox 1560 1625 1856 1692; x_wconf 88' lang='lat' dir='ltr'>consecrationem</span> 
     </span>
     <span class='ocr_line' id='line_1_9' title="bbox 492 1727 1856 1815; baseline -0.001 -22"><span class='ocrx_word' id='word_1_62' title='bbox 492 1728 635 1810; x_wconf 90' lang='lat' dir='ltr'>Thome,</span> <span class='ocrx_word' id='word_1_63' title='bbox 662 1729 762 1795; x_wconf 91' lang='lat' dir='ltr'>electi</span> <span class='ocrx_word' id='word_1_64' title='bbox 791 1728 1089 1815; x_wconf 89' lang='lat' dir='ltr'>Interampnensis,</span> <span class='ocrx_word' id='word_1_65' title='bbox 1114 1736 1274 1795; x_wconf 88' lang='lat' dir='ltr'>vacatura</span> <span class='ocrx_word' id='word_1_66' title='bbox 1293 1738 1328 1794; x_wconf 90' lang='lat' dir='ltr'>et</span> <span class='ocrx_word' id='word_1_67' title='bbox 1351 1728 1393 1794; x_wconf 87' lang='lat' dir='ltr'>ad</span> <span class='ocrx_word' id='word_1_68' title='bbox 1416 1727 1636 1794; x_wconf 90' lang='lat' dir='ltr'>collationem</span> <span class='ocrx_word' id='word_1_69' title='bbox 1658 1728 1856 1795; x_wconf 87' lang='lat' dir='ltr'>thesaurarii</span> 
     </span>
     <span class='ocr_line' id='line_1_10' title="bbox 492 1832 1858 1919; baseline 0.001 -23"><span class='ocrx_word' id='word_1_70' title='bbox 492 1833 632 1899; x_wconf 87' lang='lat' dir='ltr'>ecclesie</span> <span class='ocrx_word' id='word_1_71' title='bbox 651 1832 904 1898; x_wconf 86' lang='lat' dir='ltr'>Cameracensis</span> <span class='ocrx_word' id='word_1_72' title='bbox 925 1833 1108 1919; x_wconf 85' lang='lat' dir='ltr'>pertinens,</span> <span class='ocrx_word' id='word_1_73' title='bbox 1133 1853 1202 1897; x_wconf 91' lang='lat' dir='ltr'>non</span> <span class='ocrx_word' id='word_1_74' title='bbox 1231 1834 1388 1899; x_wconf 86' lang='lat' dir='ltr'>obstante</span> <span class='ocrx_word' id='word_1_75' title='bbox 1416 1832 1506 1918; x_wconf 91' lang='lat' dir='ltr'>quod</span> <span class='ocrx_word' id='word_1_76' title='bbox 1527 1832 1561 1896; x_wconf 94' lang='lat' dir='ltr'>in</span> <span class='ocrx_word' id='word_1_77' title='bbox 1582 1833 1731 1898; x_wconf 89' lang='lat' dir='ltr'>ecclesia</span> <span class='ocrx_word' id='word_1_78' title='bbox 1753 1832 1858 1899; x_wconf 89' lang='lat' dir='ltr'>Roth·</span> 
     </span>
     <span class='ocr_line' id='line_1_11' title="bbox 492 1935 1858 2022; baseline 0.002 -23"><span class='ocrx_word' id='word_1_79' title='bbox 492 1936 628 2002; x_wconf 91' lang='lat' dir='ltr'>nacensi</span> <span class='ocrx_word' id='word_1_80' title='bbox 643 1936 881 2002; x_wconf 89' lang='lat' dir='ltr'>canonicatum</span> <span class='ocrx_word' id='word_1_81' title='bbox 907 1945 941 2001; x_wconf 87' lang='lat' dir='ltr'>et</span> <span class='ocrx_word' id='word_1_82' title='bbox 968 1935 1187 2022; x_wconf 88' lang='lat' dir='ltr'>prebendam,</span> <span class='ocrx_word' id='word_1_83' title='bbox 1214 1943 1249 2001; x_wconf 93' lang='lat' dir='ltr'>et</span> <span class='ocrx_word' id='word_1_84' title='bbox 1276 1944 1474 2022; x_wconf 86' lang='lat' dir='ltr'>perpetuam</span> <span class='ocrx_word' id='word_1_85' title='bbox 1497 1936 1723 2022; x_wconf 87' lang='lat' dir='ltr'>capellaniam</span> <span class='ocrx_word' id='word_1_86' title='bbox 1747 1936 1858 2002; x_wconf 89' lang='lat' dir='ltr'>altaris</span> 
     </span>
     <span class='ocr_line' id='line_1_12' title="bbox 493 2036 1858 2125; baseline 0.001 -22"><span class='ocrx_word' id='word_1_87' title='bbox 493 2036 532 2105; x_wconf 93' lang='lat' dir='ltr'>B.</span> <span class='ocrx_word' id='word_1_88' title='bbox 550 2037 657 2105; x_wconf 89' lang='lat' dir='ltr'>Marie</span> <span class='ocrx_word' id='word_1_89' title='bbox 673 2038 727 2104; x_wconf 86' lang='lat' dir='ltr'>siti</span> <span class='ocrx_word' id='word_1_90' title='bbox 744 2039 777 2103; x_wconf 92' lang='lat' dir='ltr'>in</span> <span class='ocrx_word' id='word_1_91' title='bbox 794 2039 936 2105; x_wconf 89' lang='lat' dir='ltr'>ecclesia</span> <span class='ocrx_word' id='word_1_92' title='bbox 950 2038 993 2105; x_wconf 93' lang='lat' dir='ltr'>de</span> <span class='ocrx_word' id='word_1_93' title='bbox 1007 2040 1118 2120; x_wconf 87' lang='lat' dir='ltr'>Alost,</span> <span class='ocrx_word' id='word_1_94' title='bbox 1142 2038 1394 2106; x_wconf 86' lang='lat' dir='ltr'>Cameracensis</span> <span class='ocrx_word' id='word_1_95' title='bbox 1416 2038 1570 2121; x_wconf 91' lang='lat' dir='ltr'>diocesis,</span> <span class='ocrx_word' id='word_1_96' title='bbox 1594 2040 1743 2121; x_wconf 90' lang='lat' dir='ltr'>obtinet,</span> <span class='ocrx_word' id='word_1_97' title='bbox 1760 2060 1858 2125; x_wconf 88' lang='lat' dir='ltr'>quam</span> 
     </span>
     <span class='ocr_line' id='line_1_13' title="bbox 493 2142 1098 2229; baseline 0.002 -22"><span class='ocrx_word' id='word_1_98' title='bbox 493 2142 715 2229; x_wconf 90' lang='lat' dir='ltr'>capellaniam</span> <span class='ocrx_word' id='word_1_99' title='bbox 730 2142 901 2208; x_wconf 86' lang='lat' dir='ltr'>dimittere</span> <span class='ocrx_word' id='word_1_100' title='bbox 917 2144 1098 2209; x_wconf 85' lang='lat' dir='ltr'>tenebitur.</span> 
     </span>
    </p>

    <p class='ocr_par' dir='ltr' id='par_1_6' title="bbox 538 2246 834 2312">
     <span class='ocr_line' id='line_1_14' title="bbox 538 2246 834 2312; baseline 0 -2"><span class='ocrx_word' id='word_1_101' title='bbox 538 2246 719 2311; x_wconf 89' lang='lat' dir='ltr'>Probitatis</span> <span class='ocrx_word' id='word_1_102' title='bbox 734 2255 834 2312; x_wconf 88' lang='lat' dir='ltr'>tue...</span> 
     </span>
    </p>

    <p class='ocr_par' dir='ltr' id='par_1_7' title="bbox 538 2349 1113 2434">
     <span class='ocr_line' id='line_1_15' title="bbox 538 2349 1113 2434; baseline 0.002 -21"><span class='ocrx_word' id='word_1_103' title='bbox 538 2349 616 2416; x_wconf 88' lang='lat' dir='ltr'>Dat.</span> <span class='ocrx_word' id='word_1_104' title='bbox 632 2350 732 2415; x_wconf 89' lang='lat' dir='ltr'>Avin.</span> <span class='ocrx_word' id='word_1_105' title='bbox 753 2370 789 2434; x_wconf 87' lang='lat'>15</span> <span class='ocrx_word' id='word_1_106' title='bbox 806 2349 873 2415; x_wconf 89' lang='lat' dir='ltr'>kal.</span> <span class='ocrx_word' id='word_1_107' title='bbox 885 2349 959 2434; x_wconf 88' lang='lat' dir='ltr'>julii</span> <span class='ocrx_word' id='word_1_108' title='bbox 976 2370 1066 2415; x_wconf 92' lang='lat' dir='ltr'>anno</span> <span class='ocrx_word' id='word_1_109' title='bbox 1084 2368 1113 2434; x_wconf 90' lang='lat'>7.</span> 
     </span>
    </p>

    <p class='ocr_par' dir='ltr' id='par_1_8' title="bbox 493 2452 1860 2743">
     <span class='ocr_line' id='line_1_16' title="bbox 539 2452 1860 2541; baseline 0.002 -23"><span class='ocrx_word' id='word_1_110' title='bbox 539 2453 578 2518; x_wconf 94' lang='lat' dir='ltr'>In</span> <span class='ocrx_word' id='word_1_111' title='bbox 594 2475 623 2519; x_wconf 91' lang='lat' dir='ltr'>e.</span> <span class='ocrx_word' id='word_1_112' title='bbox 633 2475 678 2519; x_wconf 88' lang='lat' dir='ltr'>m.</span> <span class='ocrx_word' id='word_1_113' title='bbox 689 2454 862 2540; x_wconf 87' lang='lat' dir='ltr'>Stephano</span> <span class='ocrx_word' id='word_1_114' title='bbox 878 2453 1048 2538; x_wconf 86' lang='lat' dir='ltr'>Gaytano,</span> <span class='ocrx_word' id='word_1_115' title='bbox 1064 2453 1299 2520; x_wconf 91' lang='lat' dir='ltr'>archidiacono</span> <span class='ocrx_word' id='word_1_116' title='bbox 1315 2452 1483 2535; x_wconf 90' lang='lat' dir='ltr'>Belnensi,</span> <span class='ocrx_word' id='word_1_117' title='bbox 1495 2452 1670 2534; x_wconf 89' lang='lat' dir='ltr'>Eduensis,</span> <span class='ocrx_word' id='word_1_118' title='bbox 1682 2456 1860 2541; x_wconf 75' lang='lat' dir='ltr'>capellano</span> 
     </span>
     <span class='ocr_line' id='line_1_17' title="bbox 493 2555 1859 2645; baseline 0 -22"><span class='ocrx_word' id='word_1_119' title='bbox 493 2579 580 2645; x_wconf 90' lang='lat' dir='ltr'>pape</span> <span class='ocrx_word' id='word_1_120' title='bbox 591 2558 649 2643; x_wconf 89' lang='lat'>(¹),</span> <span class='ocrx_word' id='word_1_121' title='bbox 666 2566 700 2623; x_wconf 92' lang='lat' dir='ltr'>et</span> <span class='ocrx_word' id='word_1_122' title='bbox 716 2558 895 2624; x_wconf 86' lang='lat' dir='ltr'>Ambrosio</span> <span class='ocrx_word' id='word_1_123' title='bbox 909 2557 952 2624; x_wconf 93' lang='lat' dir='ltr'>de</span> <span class='ocrx_word' id='word_1_124' title='bbox 969 2556 1180 2643; x_wconf 87' lang='lat' dir='ltr'>Lamayrola,</span> <span class='ocrx_word' id='word_1_125' title='bbox 1198 2555 1473 2638; x_wconf 86' lang='lat' dir='ltr'>Mediolanensis,</span> <span class='ocrx_word' id='word_1_126' title='bbox 1483 2578 1523 2623; x_wconf 87' lang='lat' dir='ltr'>ac</span> <span class='ocrx_word' id='word_1_127' title='bbox 1538 2557 1702 2642; x_wconf 88' lang='lat' dir='ltr'>magistro</span> <span class='ocrx_word' id='word_1_128' title='bbox 1720 2557 1859 2645; x_wconf 86' lang='lat' dir='ltr'>Hugoni</span> 
     </span>
     <span class='ocr_line' id='line_1_18' title="bbox 493 2661 1333 2743; baseline -0.001 -13"><span class='ocrx_word' id='word_1_129' title='bbox 493 2664 534 2730; x_wconf 93' lang='lat' dir='ltr'>de</span> <span class='ocrx_word' id='word_1_130' title='bbox 544 2663 564 2742; x_wconf 94' lang='lat' dir='ltr'>J</span> <span class='ocrx_word' id='word_1_131' title='bbox 568 2663 709 2743; x_wconf 88' lang='lat' dir='ltr'>uilliaco,</span> <span class='ocrx_word' id='word_1_132' title='bbox 727 2662 904 2728; x_wconf 90' lang='lat' dir='ltr'>Remensis</span> <span class='ocrx_word' id='word_1_133' title='bbox 919 2662 1089 2729; x_wconf 91' lang='lat' dir='ltr'>canonicis</span> <span class='ocrx_word' id='word_1_134' title='bbox 1105 2661 1333 2729; x_wconf 89' lang='lat' dir='ltr'>ecclesiarum.</span> 
     </span>
    </p>
   </div>
   <div class='ocr_carea' id='block_1_5' title="bbox 526 2800 1168 2864">
    <p class='ocr_par' dir='ltr' id='par_1_9' title="bbox 526 2800 1168 2864">
     <span class='ocr_line' id='line_1_19' title="bbox 526 2800 1168 2864; baseline 0 -15"><span class='ocrx_word' id='word_1_135' title='bbox 526 2802 587 2864; x_wconf 79' lang='lat' dir='ltr'>ch.</span> <span class='ocrx_word' id='word_1_136' title='bbox 599 2803 647 2850; x_wconf 83' lang='lat' dir='ltr'>Av.</span> <span class='ocrx_word' id='word_1_137' title='bbox 661 2803 698 2862; x_wconf 85' lang='lat'>19,</span> <span class='ocrx_word' id='word_1_138' title='bbox 711 2802 730 2850; x_wconf 77' lang='grc'>1.</span> <span class='ocrx_word' id='word_1_139' title='bbox 744 2802 820 2858; x_wconf 72' lang='lat' dir='ltr'><strong>433v3</strong></span> <span class='ocrx_word' id='word_1_140' title='bbox 833 2800 892 2850; x_wconf 79' lang='lat' dir='ltr'>vat.</span> <span class='ocrx_word' id='word_1_141' title='bbox 905 2803 944 2860; x_wconf 85' lang='grc'>75,</span> <span class='ocrx_word' id='word_1_142' title='bbox 957 2801 975 2849; x_wconf 86' lang='lat' dir='ltr'>f.</span> <span class='ocrx_word' id='word_1_143' title='bbox 988 2803 1044 2859; x_wconf 60' lang='lat'>22⁴3,</span> <span class='ocrx_word' id='word_1_144' title='bbox 1057 2815 1081 2848; x_wconf 92' lang='lat' dir='ltr'>n.</span> <span class='ocrx_word' id='word_1_145' title='bbox 1097 2802 1168 2849; x_wconf 82' lang='lat'><strong>1598.</strong></span> 
     </span>
    </p>
   </div>
   <div class='ocr_carea' id='block_1_6' title="bbox 492 2969 1862 3896">
    <p class='ocr_par' dir='ltr' id='par_1_10' title="bbox 539 2969 1817 3056">
     <span class='ocr_line' id='line_1_20' title="bbox 539 2969 1817 3056; baseline 0.002 -23"><span class='ocrx_word' id='word_1_146' title='bbox 539 2970 673 3056; x_wconf 74' lang='lat'>1213,</span> <span class='ocrx_word' id='word_1_147' title='bbox 1555 2989 1651 3053; x_wconf 73' lang='lat'><em>1325,</em></span> <span class='ocrx_word' id='word_1_148' title='bbox 1667 2971 1716 3035; x_wconf 85' lang='lat'>18</span> <span class='ocrx_word' id='word_1_149' title='bbox 1725 2969 1817 3052; x_wconf 87' lang='lat' dir='ltr'>juin.</span> 
     </span>
    </p>

    <p class='ocr_par' dir='ltr' id='par_1_11' title="bbox 492 3087 1860 3485">
     <span class='ocr_line' id='line_1_21' title="bbox 537 3087 1858 3173; baseline -0.001 -19"><span class='ocrx_word' id='word_1_150' title='bbox 537 3089 686 3173; x_wconf 88' lang='lat' dir='ltr'>Hugoni,</span> <span class='ocrx_word' id='word_1_151' title='bbox 698 3088 767 3152; x_wconf 91' lang='lat' dir='ltr'>filio</span> <span class='ocrx_word' id='word_1_152' title='bbox 777 3088 909 3154; x_wconf 88' lang='lat' dir='ltr'>Geraldi</span> <span class='ocrx_word' id='word_1_153' title='bbox 928 3088 970 3153; x_wconf 94' lang='lat' dir='ltr'>de</span> <span class='ocrx_word' id='word_1_154' title='bbox 985 3087 1167 3167; x_wconf 86' lang='lat' dir='ltr'>Sabanaco,</span> <span class='ocrx_word' id='word_1_155' title='bbox 1183 3088 1296 3171; x_wconf 85' lang='lat' dir='ltr'>legum</span> <span class='ocrx_word' id='word_1_156' title='bbox 1310 3087 1470 3168; x_wconf 90' lang='lat' dir='ltr'>doctoris,</span> <span class='ocrx_word' id='word_1_157' title='bbox 1487 3087 1705 3154; x_wconf 82' lang='lat' dir='ltr'>conferuntur</span> <span class='ocrx_word' id='word_1_158' title='bbox 1720 3090 1858 3156; x_wconf 90' lang='lat' dir='ltr'>canoni·</span> 
     </span>
     <span class='ocr_line' id='line_1_22' title="bbox 492 3190 1860 3278; baseline 0 -20"><span class='ocrx_word' id='word_1_159' title='bbox 492 3201 587 3258; x_wconf 90' lang='lat' dir='ltr'>catus</span> <span class='ocrx_word' id='word_1_160' title='bbox 602 3203 637 3257; x_wconf 89' lang='lat' dir='ltr'>et</span> <span class='ocrx_word' id='word_1_161' title='bbox 653 3193 823 3278; x_wconf 90' lang='lat' dir='ltr'>prebenda</span> <span class='ocrx_word' id='word_1_162' title='bbox 838 3192 979 3258; x_wconf 87' lang='lat' dir='ltr'>ecclesie</span> <span class='ocrx_word' id='word_1_163' title='bbox 996 3191 1027 3256; x_wconf 85' lang='lat' dir='ltr'>S.</span> <span class='ocrx_word' id='word_1_164' title='bbox 1045 3190 1161 3256; x_wconf 84' lang='lat' dir='ltr'>Crucis</span> <span class='ocrx_word' id='word_1_165' title='bbox 1177 3190 1428 3257; x_wconf 88' lang='lat' dir='ltr'>Cameracensis</span> <span class='ocrx_word' id='word_1_166' title='bbox 1453 3201 1613 3257; x_wconf 87' lang='lat' dir='ltr'>vacantes</span> <span class='ocrx_word' id='word_1_167' title='bbox 1636 3212 1697 3277; x_wconf 90' lang='lat' dir='ltr'>per</span> <span class='ocrx_word' id='word_1_168' title='bbox 1713 3194 1860 3278; x_wconf 88' lang='lat' dir='ltr'>resigna·</span> 
     </span>
     <span class='ocr_line' id='line_1_23' title="bbox 492 3293 1860 3378; baseline -0.001 -16"><span class='ocrx_word' id='word_1_169' title='bbox 492 3297 621 3362; x_wconf 92' lang='lat' dir='ltr'>tionem</span> <span class='ocrx_word' id='word_1_170' title='bbox 637 3295 805 3375; x_wconf 86' lang='lat' dir='ltr'>aJacobo,</span> <span class='ocrx_word' id='word_1_171' title='bbox 821 3296 889 3360; x_wconf 88' lang='lat' dir='ltr'>filio</span> <span class='ocrx_word' id='word_1_172' title='bbox 905 3295 985 3361; x_wconf 89' lang='lat' dir='ltr'>dicti</span> <span class='ocrx_word' id='word_1_173' title='bbox 997 3294 1131 3360; x_wconf 88' lang='lat' dir='ltr'>Geraldi</span> <span class='ocrx_word' id='word_1_174' title='bbox 1145 3294 1270 3359; x_wconf 82' lang='lat' dir='ltr'>factam</span> <span class='ocrx_word' id='word_1_175' title='bbox 1281 3293 1325 3360; x_wconf 88' lang='lat' dir='ltr'>ad</span> <span class='ocrx_word' id='word_1_176' title='bbox 1334 3294 1609 3378; x_wconf 89' lang='lat' dir='ltr'>consequendum</span> <span class='ocrx_word' id='word_1_177' title='bbox 1621 3296 1860 3362; x_wconf 89' lang='lat' dir='ltr'>canonicatum</span> 
     </span>
     <span class='ocr_line' id='line_1_24' title="bbox 492 3398 1607 3485; baseline -0.001 -21"><span class='ocrx_word' id='word_1_178' title='bbox 492 3410 527 3464; x_wconf 91' lang='lat' dir='ltr'>et</span> <span class='ocrx_word' id='word_1_179' title='bbox 543 3400 748 3485; x_wconf 89' lang='lat' dir='ltr'>prebendam</span> <span class='ocrx_word' id='word_1_180' title='bbox 764 3400 906 3465; x_wconf 87' lang='lat' dir='ltr'>ecclesie</span> <span class='ocrx_word' id='word_1_181' title='bbox 923 3398 1176 3464; x_wconf 84' lang='lat' dir='ltr'>Lemovicensis</span> <span class='ocrx_word' id='word_1_182' title='bbox 1193 3399 1222 3463; x_wconf 86' lang='lat' dir='ltr'>ei</span> <span class='ocrx_word' id='word_1_183' title='bbox 1239 3418 1298 3483; x_wconf 92' lang='lat' dir='ltr'>per</span> <span class='ocrx_word' id='word_1_184' title='bbox 1314 3418 1438 3483; x_wconf 87' lang='lat' dir='ltr'>papam</span> <span class='ocrx_word' id='word_1_185' title='bbox 1454 3400 1607 3464; x_wconf 79' lang='lat' dir='ltr'>collatos</span> 
     </span>
    </p>

    <p class='ocr_par' dir='ltr' id='par_1_12' title="bbox 538 3502 1014 3568">
     <span class='ocr_line' id='line_1_25' title="bbox 538 3502 1014 3568; baseline -0.004 -1"><span class='ocrx_word' id='word_1_186' title='bbox 538 3502 720 3568; x_wconf 88' lang='lat' dir='ltr'>Laudabile</span> <span class='ocrx_word' id='word_1_187' title='bbox 736 3502 1014 3568; x_wconf 86' lang='lat' dir='ltr'>testimonium...</span> 
     </span>
    </p>

    <p class='ocr_par' dir='ltr' id='par_1_13' title="bbox 539 3605 1111 3689">
     <span class='ocr_line' id='line_1_26' title="bbox 539 3605 1111 3689; baseline 0 -21"><span class='ocrx_word' id='word_1_188' title='bbox 539 3606 616 3669; x_wconf 88' lang='lat' dir='ltr'>Dat.</span> <span class='ocrx_word' id='word_1_189' title='bbox 632 3605 732 3670; x_wconf 77' lang='lat' dir='ltr'>Avin.</span> <span class='ocrx_word' id='word_1_190' title='bbox 753 3624 789 3688; x_wconf 85' lang='lat'>14</span> <span class='ocrx_word' id='word_1_191' title='bbox 806 3605 872 3669; x_wconf 91' lang='lat' dir='ltr'>kal.</span> <span class='ocrx_word' id='word_1_192' title='bbox 886 3605 957 3689; x_wconf 88' lang='lat' dir='ltr'>julii</span> <span class='ocrx_word' id='word_1_193' title='bbox 975 3626 1064 3669; x_wconf 92' lang='lat' dir='ltr'>anno</span> <span class='ocrx_word' id='word_1_194' title='bbox 1082 3625 1111 3687; x_wconf 81' lang='lat'>7.</span> 
     </span>
    </p>

    <p class='ocr_par' dir='ltr' id='par_1_14' title="bbox 496 3706 1862 3896">
     <span class='ocr_line' id='line_1_27' title="bbox 538 3706 1862 3791; baseline 0.004 -20"><span class='ocrx_word' id='word_1_195' title='bbox 538 3708 577 3772; x_wconf 86' lang='lat' dir='ltr'>ln</span> <span class='ocrx_word' id='word_1_196' title='bbox 603 3731 630 3773; x_wconf 88' lang='lat' dir='ltr'>e.</span> <span class='ocrx_word' id='word_1_197' title='bbox 655 3731 699 3772; x_wconf 92' lang='lat' dir='ltr'>m.</span> <span class='ocrx_word' id='word_1_198' title='bbox 728 3708 873 3773; x_wconf 88' lang='lat' dir='ltr'>Geraldo</span> <span class='ocrx_word' id='word_1_199' title='bbox 900 3708 942 3773; x_wconf 92' lang='lat' dir='ltr'>de</span> <span class='ocrx_word' id='word_1_200' title='bbox 973 3708 1109 3772; x_wconf 89' lang='lat' dir='ltr'>Tilheto</span> <span class='ocrx_word' id='word_1_201' title='bbox 1137 3718 1171 3771; x_wconf 89' lang='lat' dir='ltr'>et</span> <span class='ocrx_word' id='word_1_202' title='bbox 1196 3707 1348 3772; x_wconf 74' lang='lat' dir='ltr'>Arnoldo</span> <span class='ocrx_word' id='word_1_203' title='bbox 1376 3706 1500 3791; x_wconf 81' lang='lat' dir='ltr'>Leguc,</span> <span class='ocrx_word' id='word_1_204' title='bbox 1529 3706 1796 3790; x_wconf 89' lang='lat' dir='ltr'>Cameracensis,</span> <span class='ocrx_word' id='word_1_205' title='bbox 1825 3731 1862 3776; x_wconf 90' lang='lat' dir='ltr'>ac</span> 
     </span>
     <span class='ocr_line' id='line_1_28' title="bbox 496 3810 1506 3896; baseline -0.001 -20"><span class='ocrx_word' id='word_1_206' title='bbox 496 3812 699 3896; x_wconf 86' lang='lat' dir='ltr'>Raynrundo</span> <span class='ocrx_word' id='word_1_207' title='bbox 714 3810 890 3891; x_wconf 84' lang='lat' dir='ltr'>Johannis,</span> <span class='ocrx_word' id='word_1_208' title='bbox 909 3811 1071 3896; x_wconf 85' lang='lat' dir='ltr'>Regensis</span> <span class='ocrx_word' id='word_1_209' title='bbox 1088 3812 1305 3877; x_wconf 89' lang='lat' dir='ltr'>ecclesiarum</span> <span class='ocrx_word' id='word_1_210' title='bbox 1322 3810 1506 3876; x_wconf 79' lang='lat' dir='ltr'>canonicis</span> 
     </span>
    </p>
   </div>
   <div class='ocr_carea' id='block_1_7' title="bbox 529 3950 1153 4009">
    <p class='ocr_par' dir='ltr' id='par_1_15' title="bbox 529 3950 1153 4009">
     <span class='ocr_line' id='line_1_29' title="bbox 529 3950 1153 4009; baseline -0.002 -12"><span class='ocrx_word' id='word_1_211' title='bbox 529 3951 587 4007; x_wconf 68' lang='lat' dir='ltr'>ltuu.</span> <span class='ocrx_word' id='word_1_212' title='bbox 602 3953 648 3996; x_wconf 80' lang='lat' dir='ltr'>Av.</span> <span class='ocrx_word' id='word_1_213' title='bbox 662 3953 698 3997; x_wconf 77' lang='lat' dir='ltr'>lli.</span> <span class='ocrx_word' id='word_1_214' title='bbox 713 3950 730 3997; x_wconf 81' lang='lat' dir='ltr'>f.</span> <span class='ocrx_word' id='word_1_215' title='bbox 743 3952 807 3997; x_wconf 81' lang='lat'>350:</span> <span class='ocrx_word' id='word_1_216' title='bbox 822 3950 879 3997; x_wconf 87' lang='lat' dir='ltr'>Vnt.</span> <span class='ocrx_word' id='word_1_217' title='bbox 894 3953 931 4009; x_wconf 79' lang='lat'>75,</span> <span class='ocrx_word' id='word_1_218' title='bbox 945 3950 962 3997; x_wconf 84' lang='lat' dir='ltr'>f.</span> <span class='ocrx_word' id='word_1_219' title='bbox 978 3952 1030 4008; x_wconf 76' lang='lat'>179,</span> <span class='ocrx_word' id='word_1_220' title='bbox 1044 3964 1068 3997; x_wconf 90' lang='lat' dir='ltr'>n.</span> <span class='ocrx_word' id='word_1_221' title='bbox 1083 3951 1153 3997; x_wconf 73' lang='lat'>1473.</span> 
     </span>
    </p>
   </div>
   <div class='ocr_carea' id='block_1_8' title="bbox 495 4115 1860 4820">
    <p class='ocr_par' dir='ltr' id='par_1_16' title="bbox 546 4115 1820 4214">
     <span class='ocr_line' id='line_1_30' title="bbox 546 4115 1820 4214; baseline 0.003 -22"><span class='ocrx_word' id='word_1_222' title='bbox 546 4115 678 4194; x_wconf 76' lang='lat'>1214.</span> <span class='ocrx_word' id='word_1_223' title='bbox 1565 4147 1660 4211; x_wconf 75' lang='lat'><em>1323,</em></span> <span class='ocrx_word' id='word_1_224' title='bbox 1678 4150 1721 4214; x_wconf 87' lang='lat'>19</span> <span class='ocrx_word' id='word_1_225' title='bbox 1731 4130 1820 4212; x_wconf 81' lang='lat' dir='ltr'>juin.</span> 
     </span>
    </p>

    <p class='ocr_par' dir='ltr' id='par_1_17' title="bbox 495 4230 1860 4820">
     <span class='ocr_line' id='line_1_31' title="bbox 539 4230 1859 4310; baseline 0.001 -12"><span class='ocrx_word' id='word_1_226' title='bbox 539 4231 670 4310; x_wconf 88' lang='lat' dir='ltr'>Jacobo</span> <span class='ocrx_word' id='word_1_227' title='bbox 686 4231 810 4296; x_wconf 88' lang='lat' dir='ltr'>Leonis</span> <span class='ocrx_word' id='word_1_228' title='bbox 839 4231 990 4298; x_wconf 87' lang='lat' dir='ltr'>Fannelli</span> <span class='ocrx_word' id='word_1_229' title='bbox 1007 4243 1019 4266; x_wconf 79' lang='lat'>‘⁸</span> <span class='ocrx_word' id='word_1_230' title='bbox 1047 4232 1216 4296; x_wconf 80' lang='lat' dir='ltr'>confertur</span> <span class='ocrx_word' id='word_1_231' title='bbox 1240 4231 1457 4296; x_wconf 88' lang='lat' dir='ltr'>canonicatus</span> <span class='ocrx_word' id='word_1_232' title='bbox 1473 4230 1613 4295; x_wconf 88' lang='lat' dir='ltr'>ecclesie</span> <span class='ocrx_word' id='word_1_233' title='bbox 1630 4231 1662 4297; x_wconf 91' lang='lat' dir='ltr'>S.</span> <span class='ocrx_word' id='word_1_234' title='bbox 1679 4234 1859 4302; x_wconf 86' lang='lat' dir='ltr'>Donatiani</span> 
     </span>
     <span class='ocr_line' id='line_1_32' title="bbox 498 4334 1859 4421; baseline 0.004 -20"><span class='ocrx_word' id='word_1_235' title='bbox 498 4336 685 4421; x_wconf 87' lang='lat' dir='ltr'>Brugensis,</span> <span class='ocrx_word' id='word_1_236' title='bbox 701 4335 924 4401; x_wconf 87' lang='lat' dir='ltr'>Tornacensis</span> <span class='ocrx_word' id='word_1_237' title='bbox 939 4337 1090 4417; x_wconf 68' lang='lat' dir='ltr'>diocesis</span> <span class='ocrx_word' id='word_1_238' title='bbox 1108 4338 1168 4401; x_wconf 90' lang='lat' dir='ltr'>sub</span> <span class='ocrx_word' id='word_1_239' title='bbox 1184 4335 1420 4421; x_wconf 86' lang='lat' dir='ltr'>expectatione</span> <span class='ocrx_word' id='word_1_240' title='bbox 1431 4334 1613 4419; x_wconf 90' lang='lat' dir='ltr'>prebende,</span> <span class='ocrx_word' id='word_1_241' title='bbox 1623 4356 1692 4402; x_wconf 91' lang='lat' dir='ltr'>non</span> <span class='ocrx_word' id='word_1_242' title='bbox 1705 4341 1859 4405; x_wconf 88' lang='lat' dir='ltr'>obstante</span> 
     </span>
     <span class='ocr_line' id='line_1_33' title="bbox 497 4439 1858 4526; baseline 0.003 -21"><span class='ocrx_word' id='word_1_243' title='bbox 497 4440 588 4526; x_wconf 87' lang='lat' dir='ltr'>quod</span> <span class='ocrx_word' id='word_1_244' title='bbox 604 4440 636 4503; x_wconf 90' lang='lat' dir='ltr'>in</span> <span class='ocrx_word' id='word_1_245' title='bbox 653 4439 769 4524; x_wconf 87' lang='lat' dir='ltr'>majori</span> <span class='ocrx_word' id='word_1_246' title='bbox 784 4440 1020 4505; x_wconf 92' lang='lat' dir='ltr'>canonicatum</span> <span class='ocrx_word' id='word_1_247' title='bbox 1038 4448 1073 4503; x_wconf 93' lang='lat' dir='ltr'>et</span> <span class='ocrx_word' id='word_1_248' title='bbox 1088 4439 1295 4525; x_wconf 88' lang='lat' dir='ltr'>prebendam</span> <span class='ocrx_word' id='word_1_249' title='bbox 1311 4448 1346 4504; x_wconf 92' lang='lat' dir='ltr'>et</span> <span class='ocrx_word' id='word_1_250' title='bbox 1362 4439 1395 4503; x_wconf 93' lang='lat' dir='ltr'>in</span> <span class='ocrx_word' id='word_1_251' title='bbox 1425 4440 1455 4506; x_wconf 83' lang='lat' dir='ltr'>S.</span> <span class='ocrx_word' id='word_1_252' title='bbox 1478 4440 1647 4506; x_wconf 90' lang='lat' dir='ltr'>Valentini</span> <span class='ocrx_word' id='word_1_253' title='bbox 1666 4440 1694 4505; x_wconf 89' lang='lat' dir='ltr'>F</span> <span class='ocrx_word' id='word_1_254' title='bbox 1696 4446 1858 4509; x_wconf 87' lang='lat' dir='ltr'>erentina·</span> 
     </span>
     <span class='ocr_line' id='line_1_34' title="bbox 496 4543 1859 4634; baseline 0.002 -25"><span class='ocrx_word' id='word_1_255' title='bbox 496 4546 600 4610; x_wconf 85' lang='lat' dir='ltr'>tensis</span> <span class='ocrx_word' id='word_1_256' title='bbox 616 4545 737 4618; x_wconf 85' lang='lat' dir='ltr'>locum,</span> <span class='ocrx_word' id='word_1_257' title='bbox 759 4544 849 4609; x_wconf 83' lang='lat' dir='ltr'>acin</span> <span class='ocrx_word' id='word_1_258' title='bbox 877 4544 1002 4610; x_wconf 88' lang='lat' dir='ltr'>eisdem</span> <span class='ocrx_word' id='word_1_259' title='bbox 1019 4544 1136 4628; x_wconf 88' lang='lat' dir='ltr'>majori</span> <span class='ocrx_word' id='word_1_260' title='bbox 1166 4552 1200 4608; x_wconf 90' lang='lat' dir='ltr'>et</span> <span class='ocrx_word' id='word_1_261' title='bbox 1216 4543 1247 4607; x_wconf 87' lang='lat' dir='ltr'>S.</span> <span class='ocrx_word' id='word_1_262' title='bbox 1266 4543 1437 4609; x_wconf 89' lang='lat' dir='ltr'>Valentini</span> <span class='ocrx_word' id='word_1_263' title='bbox 1466 4546 1615 4610; x_wconf 88' lang='lat' dir='ltr'>ecclesiis</span> <span class='ocrx_word' id='word_1_264' title='bbox 1642 4546 1775 4631; x_wconf 86' lang='lat' dir='ltr'>singula</span> <span class='ocrx_word' id='word_1_265' title='bbox 1791 4569 1859 4634; x_wconf 90' lang='lat' dir='ltr'>per-</span> 
     </span>
     <span class='ocr_line' id='line_1_35' title="bbox 495 4648 1860 4736; baseline 0.004 -23"><span class='ocrx_word' id='word_1_266' title='bbox 495 4657 597 4736; x_wconf 87' lang='lat' dir='ltr'>petua</span> <span class='ocrx_word' id='word_1_267' title='bbox 622 4649 796 4728; x_wconf 85' lang='lat' dir='ltr'>beneficia,</span> <span class='ocrx_word' id='word_1_268' title='bbox 813 4669 945 4714; x_wconf 86' lang='lat' dir='ltr'>necnon</span> <span class='ocrx_word' id='word_1_269' title='bbox 975 4649 1150 4714; x_wconf 88' lang='lat' dir='ltr'>ecclesiam</span> <span class='ocrx_word' id='word_1_270' title='bbox 1178 4648 1219 4712; x_wconf 93' lang='grc'>(10</span> <span class='ocrx_word' id='word_1_271' title='bbox 1245 4648 1460 4731; x_wconf 83' lang='lat' dir='ltr'>ExsculleyO,</span> <span class='ocrx_word' id='word_1_272' title='bbox 1477 4649 1682 4716; x_wconf 86' lang='lat' dir='ltr'>Turonensis</span> <span class='ocrx_word' id='word_1_273' title='bbox 1709 4651 1860 4729; x_wconf 70' lang='lat' dir='ltr'>diocesis</span> 
     </span>
     <span class='ocr_line' id='line_1_36' title="bbox 499 4754 640 4820; baseline -0.028 0"><span class='ocrx_word' id='word_1_274' title='bbox 499 4754 640 4820; x_wconf 89' lang='lat' dir='ltr'>obtinet.</span> 
     </span>
    </p>
   </div>
   <div class='ocr_carea' id='block_1_9' title="bbox 531 4891 940 4954">
    <p class='ocr_par' dir='ltr' id='par_1_18' title="bbox 531 4891 940 4954">
     <span class='ocr_line' id='line_1_37' title="bbox 531 4891 940 4954; baseline 0.005 -14"><span class='ocrx_word' id='word_1_275' title='bbox 531 4911 555 4942; x_wconf 83' lang='lat' dir='ltr'>u.</span> <span class='ocrx_word' id='word_1_276' title='bbox 568 4893 686 4941; x_wconf 78' lang='lat' dir='ltr'>Frtnttelli</span> <span class='ocrx_word' id='word_1_277' title='bbox 701 4907 806 4954; x_wconf 61' lang='lat' dir='ltr'>irritatque</span> <span class='ocrx_word' id='word_1_278' title='bbox 819 4907 868 4954; x_wconf 72' lang='lat' dir='ltr'>rip.</span> <span class='ocrx_word' id='word_1_279' title='bbox 888 4891 940 4941; x_wconf 67' lang='lat' dir='ltr'>ltu.</span> 
     </span>
    </p>
   </div>
   <div class='ocr_carea' id='block_1_10' title="bbox 501 5075 1858 5236">
    <p class='ocr_par' dir='ltr' id='par_1_19' title="bbox 501 5075 1858 5236">
     <span class='ocr_line' id='line_1_38' title="bbox 534 5075 1858 5145; baseline 0.006 -8"><span class='ocrx_word' id='word_1_280' title='bbox 534 5092 555 5137; x_wconf 90' lang='lat'>1.</span> <span class='ocrx_word' id='word_1_281' title='bbox 574 5088 700 5136; x_wconf 80' lang='lat' dir='ltr'>Labulle</span> <span class='ocrx_word' id='word_1_282' title='bbox 721 5088 753 5135; x_wconf 90' lang='grc'>(10</span> <span class='ocrx_word' id='word_1_283' title='bbox 776 5090 935 5136; x_wconf 88' lang='lat' dir='ltr'>nnmirmtion</span> <span class='ocrx_word' id='word_1_284' title='bbox 954 5075 1094 5138; x_wconf 69' lang='lat' dir='ltr'>rl&#39;llticrrno</span> <span class='ocrx_word' id='word_1_285' title='bbox 1114 5090 1225 5138; x_wconf 84' lang='lat' dir='ltr'>Gnetani</span> <span class='ocrx_word' id='word_1_286' title='bbox 1244 5093 1259 5138; x_wconf 77' lang='lat' dir='ltr'>a</span> <span class='ocrx_word' id='word_1_287' title='bbox 1277 5090 1478 5140; x_wconf 76' lang='lat' dir='ltr'>rarchidiucont·</span> <span class='ocrx_word' id='word_1_288' title='bbox 1495 5092 1527 5140; x_wconf 88' lang='lat' dir='ltr'>de</span> <span class='ocrx_word' id='word_1_289' title='bbox 1547 5093 1650 5141; x_wconf 78' lang='lat' dir='ltr'>Beaunc</span> <span class='ocrx_word' id='word_1_290' title='bbox 1670 5101 1709 5142; x_wconf 83' lang='lat' dir='ltr'>est</span> <span class='ocrx_word' id='word_1_291' title='bbox 1728 5095 1805 5145; x_wconf 77' lang='grc' dir='ltr'><strong>(101έο</strong></span> <span class='ocrx_word' id='word_1_292' title='bbox 1827 5097 1858 5145; x_wconf 86' lang='lat' dir='ltr'>du</span> 
     </span>
     <span class='ocr_line' id='line_1_39' title="bbox 501 5171 967 5236; baseline -0.004 -15"><span class='ocrx_word' id='word_1_293' title='bbox 501 5174 531 5221; x_wconf 87' lang='grc'>16</span> <span class='ocrx_word' id='word_1_294' title='bbox 542 5171 687 5236; x_wconf 75' lang='lat' dir='ltr'>septembre</span> <span class='ocrx_word' id='word_1_295' title='bbox 699 5172 770 5219; x_wconf 82' lang='grc'><strong>1323.</strong></span> <span class='ocrx_word' id='word_1_296' title='bbox 783 5171 846 5231; x_wconf 73' lang='lat' dir='ltr'>l&#39;oy.</span> <span class='ocrx_word' id='word_1_297' title='bbox 859 5185 882 5220; x_wconf 93' lang='lat' dir='ltr'>n.</span> <span class='ocrx_word' id='word_1_298' title='bbox 897 5174 967 5220; x_wconf 82' lang='lat'><strong>1233.</strong></span> 
     </span>
    </p>
   </div>
   <div class='ocr_carea' id='block_1_11' title="bbox 0 0 2215 6017">
    <p class='ocr_par' dir='ltr' id='par_1_20' title="bbox 0 0 2215 6017">
     <span class='ocr_line' id='line_1_40' title="bbox 0 0 2215 6017; baseline 0 0"><span class='ocrx_word' id='word_1_299' title='bbox 0 0 2215 6017; x_wconf 95' lang='lat' dir='ltr'> </span> 
     </span>
    </p>
   </div>
  </div>
 </body>
</html>
