<?xml version="1.0" encoding="UTF-8"?>
<!DOCTYPE html PUBLIC "-//W3C//DTD XHTML 1.0 Transitional//EN"
    "http://www.w3.org/TR/xhtml1/DTD/xhtml1-transitional.dtd">
<html xmlns="http://www.w3.org/1999/xhtml" xml:lang="en" lang="en">
 <head>
  <title>
</title>
<meta http-equiv="Content-Type" content="text/html;charset=utf-8" />
  <meta name='ocr-system' content='tesseract 3.04.00' />
  <meta name='ocr-capabilities' content='ocr_page ocr_carea ocr_par ocr_line ocrx_word'/>
</head>
<body>
  <div class='ocr_page' id='page_1' title='image "./lettresdejeanxx00xxiigoog_0499.png"; bbox 0 0 4409 6017; ppageno 0'>
   <div class='ocr_carea' id='block_1_1' title="bbox 891 654 1707 781">
    <p class='ocr_par' dir='ltr' id='par_1_1' title="bbox 891 654 1707 781">
     <span class='ocr_line' id='line_1_1' title="bbox 891 654 1707 781; baseline 0.001 -14"><span class='ocrx_word' id='word_1_1' title='bbox 891 700 1036 781; x_wconf 80' lang='lat' dir='ltr'><strong>septime</strong></span> <span class='ocrx_word' id='word_1_2' title='bbox 1057 654 1161 766; x_wconf 65' lang='lat' dir='ltr'><strong>annm.</strong></span> <span class='ocrx_word' id='word_1_3' title='bbox 1649 704 1707 769; x_wconf 77' lang='lat'><strong>413</strong></span> 
     </span>
    </p>
   </div>
   <div class='ocr_carea' id='block_1_2' title="bbox 333 848 1708 1557">
    <p class='ocr_par' dir='ltr' id='par_1_2' title="bbox 333 848 1708 1356">
     <span class='ocr_line' id='line_1_2' title="bbox 337 848 1707 930; baseline -0.004 -9"><span class='ocrx_word' id='word_1_4' title='bbox 337 855 373 923; x_wconf 88' lang='lat' dir='ltr'><strong>S.</strong></span> <span class='ocrx_word' id='word_1_5' title='bbox 387 854 543 922; x_wconf 88' lang='lat' dir='ltr'><strong>Anscarii</strong></span> <span class='ocrx_word' id='word_1_6' title='bbox 555 851 745 919; x_wconf 92' lang='lat' dir='ltr'><strong>Bremensis</strong></span> <span class='ocrx_word' id='word_1_7' title='bbox 758 851 791 917; x_wconf 92' lang='lat' dir='ltr'><strong>in</strong></span> <span class='ocrx_word' id='word_1_8' title='bbox 803 850 922 916; x_wconf 90' lang='lat' dir='ltr'><strong>eadem</strong></span> <span class='ocrx_word' id='word_1_9' title='bbox 932 850 1074 916; x_wconf 90' lang='lat' dir='ltr'><strong>ecclesia</strong></span> <span class='ocrx_word' id='word_1_10' title='bbox 1084 848 1258 914; x_wconf 88' lang='lat' dir='ltr'><strong>Bremensi</strong></span> <span class='ocrx_word' id='word_1_11' title='bbox 1268 855 1458 930; x_wconf 92' lang='lat' dir='ltr'><strong>vacantem,</strong></span> <span class='ocrx_word' id='word_1_12' title='bbox 1468 868 1537 914; x_wconf 92' lang='lat' dir='ltr'><strong>non</strong></span> <span class='ocrx_word' id='word_1_13' title='bbox 1549 851 1707 916; x_wconf 90' lang='lat' dir='ltr'><strong>obstante</strong></span> 
     </span>
     <span class='ocr_line' id='line_1_3' title="bbox 337 951 1706 1046; baseline -0.006 -19"><span class='ocrx_word' id='word_1_14' title='bbox 337 960 437 1046; x_wconf 93' lang='lat' dir='ltr'><strong>quod</strong></span> <span class='ocrx_word' id='word_1_15' title='bbox 451 957 694 1045; x_wconf 85' lang='lat' dir='ltr'><strong>parrochialem</strong></span> <span class='ocrx_word' id='word_1_16' title='bbox 710 955 888 1020; x_wconf 90' lang='lat' dir='ltr'><strong>ecclesiam</strong></span> <span class='ocrx_word' id='word_1_17' title='bbox 904 954 937 1019; x_wconf 94' lang='lat' dir='ltr'><strong>in</strong></span> <span class='ocrx_word' id='word_1_18' title='bbox 948 954 1176 1038; x_wconf 89' lang='lat' dir='ltr'><strong>Geverstorpe</strong></span> <span class='ocrx_word' id='word_1_19' title='bbox 1192 952 1323 1018; x_wconf 90' lang='lat' dir='ltr'><strong>obtinet</strong></span> <span class='ocrx_word' id='word_1_20' title='bbox 1334 960 1370 1017; x_wconf 92' lang='lat' dir='ltr'><strong>et</strong></span> <span class='ocrx_word' id='word_1_21' title='bbox 1384 951 1418 1016; x_wconf 94' lang='lat' dir='ltr'><strong>in</strong></span> <span class='ocrx_word' id='word_1_22' title='bbox 1435 952 1576 1018; x_wconf 90' lang='lat' dir='ltr'><strong>ecclesia</strong></span> <span class='ocrx_word' id='word_1_23' title='bbox 1591 953 1622 1019; x_wconf 89' lang='lat' dir='ltr'><strong>S.</strong></span> <span class='ocrx_word' id='word_1_24' title='bbox 1635 953 1706 1019; x_wconf 90' lang='lat' dir='ltr'><strong>Ser-</strong></span> 
     </span>
     <span class='ocr_line' id='line_1_4' title="bbox 337 1056 1708 1147; baseline -0.005 -18"><span class='ocrx_word' id='word_1_25' title='bbox 337 1064 426 1130; x_wconf 83' lang='lat' dir='ltr'><strong>vatii</strong></span> <span class='ocrx_word' id='word_1_26' title='bbox 442 1061 678 1147; x_wconf 78' lang='lat' dir='ltr'><strong>TrajectensiS‚</strong></span> <span class='ocrx_word' id='word_1_27' title='bbox 694 1058 886 1124; x_wconf 89' lang='lat' dir='ltr'><strong>Bremensis</strong></span> <span class='ocrx_word' id='word_1_28' title='bbox 909 1066 944 1122; x_wconf 91' lang='lat' dir='ltr'><strong>et</strong></span> <span class='ocrx_word' id='word_1_29' title='bbox 965 1056 1160 1123; x_wconf 89' lang='lat' dir='ltr'><strong>Leodiensis</strong></span> <span class='ocrx_word' id='word_1_30' title='bbox 1182 1056 1364 1137; x_wconf 89' lang='lat' dir='ltr'><strong>diocesum,</strong></span> <span class='ocrx_word' id='word_1_31' title='bbox 1389 1058 1449 1121; x_wconf 94' lang='lat' dir='ltr'><strong>sub</strong></span> <span class='ocrx_word' id='word_1_32' title='bbox 1472 1058 1708 1141; x_wconf 83' lang='lat' dir='ltr'>expectatione</span> 
     </span>
     <span class='ocr_line' id='line_1_5' title="bbox 333 1158 1708 1255; baseline -0.006 -22"><span class='ocrx_word' id='word_1_33' title='bbox 333 1166 513 1255; x_wconf 88' lang='lat' dir='ltr'><strong>prebende</strong></span> <span class='ocrx_word' id='word_1_34' title='bbox 529 1166 564 1231; x_wconf 92' lang='lat' dir='ltr'><strong>in</strong></span> <span class='ocrx_word' id='word_1_35' title='bbox 580 1164 779 1231; x_wconf 89' lang='lat' dir='ltr'><strong>canonicum</strong></span> <span class='ocrx_word' id='word_1_36' title='bbox 803 1171 855 1227; x_wconf 91' lang='lat' dir='ltr'><strong>est</strong></span> <span class='ocrx_word' id='word_1_37' title='bbox 869 1169 1033 1246; x_wconf 89' lang='lat' dir='ltr'><strong>receptus,</strong></span> <span class='ocrx_word' id='word_1_38' title='bbox 1049 1169 1109 1226; x_wconf 87' lang='lat' dir='ltr'><strong>aut</strong></span> <span class='ocrx_word' id='word_1_39' title='bbox 1124 1160 1215 1245; x_wconf 92' lang='lat' dir='ltr'><strong>quod</strong></span> <span class='ocrx_word' id='word_1_40' title='bbox 1230 1159 1348 1227; x_wconf 89' lang='lat' dir='ltr'><strong>eadem</strong></span> <span class='ocrx_word' id='word_1_41' title='bbox 1364 1158 1418 1224; x_wconf 93' lang='lat' dir='ltr'><strong>die</strong></span> <span class='ocrx_word' id='word_1_42' title='bbox 1436 1160 1481 1245; x_wconf 83' lang='lat'><strong>(¹)</strong></span> <span class='ocrx_word' id='word_1_43' title='bbox 1506 1159 1549 1224; x_wconf 91' lang='lat' dir='ltr'><strong>de</strong></span> <span class='ocrx_word' id='word_1_44' title='bbox 1572 1162 1708 1226; x_wconf 91' lang='lat' dir='ltr'><strong>canoni-</strong></span> 
     </span>
     <span class='ocr_line' id='line_1_6' title="bbox 334 1264 1509 1356; baseline -0.009 -17"><span class='ocrx_word' id='word_1_45' title='bbox 334 1280 420 1339; x_wconf 86' lang='lat' dir='ltr'><strong>catu</strong></span> <span class='ocrx_word' id='word_1_46' title='bbox 443 1280 478 1337; x_wconf 91' lang='lat' dir='ltr'><strong>et</strong></span> <span class='ocrx_word' id='word_1_47' title='bbox 501 1268 672 1356; x_wconf 90' lang='lat' dir='ltr'><strong>prebenda</strong></span> <span class='ocrx_word' id='word_1_48' title='bbox 687 1266 836 1353; x_wconf 84' lang='lat' dir='ltr'><strong>ejusdem</strong></span> <span class='ocrx_word' id='word_1_49' title='bbox 853 1264 1044 1331; x_wconf 90' lang='lat' dir='ltr'><strong>Bremensis</strong></span> <span class='ocrx_word' id='word_1_50' title='bbox 1059 1264 1201 1331; x_wconf 88' lang='lat' dir='ltr'><strong>ecclesie</strong></span> <span class='ocrx_word' id='word_1_51' title='bbox 1216 1264 1246 1328; x_wconf 92' lang='lat' dir='ltr'><strong>ei</strong></span> <span class='ocrx_word' id='word_1_52' title='bbox 1261 1264 1433 1349; x_wconf 89' lang='lat' dir='ltr'><strong>provisum</strong></span> <span class='ocrx_word' id='word_1_53' title='bbox 1448 1271 1509 1328; x_wconf 91' lang='lat' dir='ltr'><strong>est.</strong></span> 
     </span>
    </p>

    <p class='ocr_par' dir='ltr' id='par_1_3' title="bbox 387 1373 724 1460">
     <span class='ocr_line' id='line_1_7' title="bbox 387 1373 724 1460; baseline -0.012 -21"><span class='ocrx_word' id='word_1_54' title='bbox 387 1374 484 1440; x_wconf 89' lang='lat' dir='ltr'><strong>Sedis</strong></span> <span class='ocrx_word' id='word_1_55' title='bbox 498 1373 724 1460; x_wconf 90' lang='lat' dir='ltr'><strong>apostolice...</strong></span> 
     </span>
    </p>

    <p class='ocr_par' dir='ltr' id='par_1_4' title="bbox 388 1475 1048 1557">
     <span class='ocr_line' id='line_1_8' title="bbox 388 1475 1048 1557; baseline -0.008 -13"><span class='ocrx_word' id='word_1_56' title='bbox 388 1480 468 1544; x_wconf 89' lang='lat' dir='ltr'><strong>Dat.</strong></span> <span class='ocrx_word' id='word_1_57' title='bbox 484 1477 586 1543; x_wconf 84' lang='lat' dir='ltr'><strong>Avin.</strong></span> <span class='ocrx_word' id='word_1_58' title='bbox 605 1482 622 1541; x_wconf 93' lang='lat'><strong>6</strong></span> <span class='ocrx_word' id='word_1_59' title='bbox 643 1496 724 1541; x_wconf 87' lang='lat' dir='ltr'><strong>non.</strong></span> <span class='ocrx_word' id='word_1_60' title='bbox 742 1475 889 1540; x_wconf 85' lang='lat' dir='ltr'>octobris</span> <span class='ocrx_word' id='word_1_61' title='bbox 907 1493 998 1539; x_wconf 89' lang='lat' dir='ltr'><strong>anno</strong></span> <span class='ocrx_word' id='word_1_62' title='bbox 1018 1491 1048 1557; x_wconf 89' lang='lat'><strong>7.</strong></span> 
     </span>
    </p>
   </div>
   <div class='ocr_carea' id='block_1_3' title="bbox 374 1613 1003 1679">
    <p class='ocr_par' dir='ltr' id='par_1_5' title="bbox 374 1613 1003 1679">
     <span class='ocr_line' id='line_1_9' title="bbox 374 1613 1003 1679; baseline -0.013 -12"><span class='ocrx_word' id='word_1_63' title='bbox 374 1618 439 1679; x_wconf 83' lang='lat' dir='ltr'><strong>Reg.</strong></span> <span class='ocrx_word' id='word_1_64' title='bbox 451 1619 499 1666; x_wconf 82' lang='lat' dir='ltr'><strong>Av.</strong></span> <span class='ocrx_word' id='word_1_65' title='bbox 512 1618 549 1675; x_wconf 82' lang='lat'><strong>19,</strong></span> <span class='ocrx_word' id='word_1_66' title='bbox 563 1616 581 1664; x_wconf 85' lang='lat' dir='ltr'><strong>f.</strong></span> <span class='ocrx_word' id='word_1_67' title='bbox 595 1616 669 1671; x_wconf 54' lang='lat' dir='ltr'><strong>issu</strong></span> <span class='ocrx_word' id='word_1_68' title='bbox 683 1614 741 1663; x_wconf 74' lang='lat' dir='ltr'><strong>Vas.</strong></span> <span class='ocrx_word' id='word_1_69' title='bbox 756 1616 795 1672; x_wconf 78' lang='grc'><strong>75,</strong></span> <span class='ocrx_word' id='word_1_70' title='bbox 809 1614 827 1662; x_wconf 80' lang='lat' dir='ltr'><strong>i.</strong></span> <span class='ocrx_word' id='word_1_71' title='bbox 840 1614 878 1673; x_wconf 80' lang='lat'><strong>83,</strong></span> <span class='ocrx_word' id='word_1_72' title='bbox 892 1627 918 1661; x_wconf 91' lang='lat' dir='ltr'><strong>n.</strong></span> <span class='ocrx_word' id='word_1_73' title='bbox 933 1613 1003 1660; x_wconf 81' lang='lat'><strong>1218.</strong></span> 
     </span>
    </p>
   </div>
   <div class='ocr_carea' id='block_1_4' title="bbox 389 1780 1711 1980">
    <p class='ocr_par' dir='ltr' id='par_1_6' title="bbox 389 1780 1711 1980">
     <span class='ocr_line' id='line_1_10' title="bbox 390 1780 1667 1875; baseline -0.008 -9"><span class='ocrx_word' id='word_1_74' title='bbox 390 1780 539 1866; x_wconf 85' lang='grc'><strong>1093.</strong></span> <span class='ocrx_word' id='word_1_75' title='bbox 1381 1811 1477 1875; x_wconf 78' lang='lat'><em>1322,</em></span> <span class='ocrx_word' id='word_1_76' title='bbox 1490 1811 1515 1873; x_wconf 79' lang='lat'><em>3</em></span> <span class='ocrx_word' id='word_1_77' title='bbox 1530 1793 1667 1856; x_wconf 81' lang='lat' dir='ltr'><strong>octobre.</strong></span> 
     </span>
     <span class='ocr_line' id='line_1_11' title="bbox 389 1893 1711 1980; baseline -0.005 -14"><span class='ocrx_word' id='word_1_78' title='bbox 389 1898 586 1966; x_wconf 87' lang='lat' dir='ltr'><strong>Everhardo</strong></span> <span class='ocrx_word' id='word_1_79' title='bbox 615 1896 658 1962; x_wconf 93' lang='lat' dir='ltr'><strong>de</strong></span> <span class='ocrx_word' id='word_1_80' title='bbox 688 1893 924 1960; x_wconf 89' lang='lat' dir='ltr'><strong>Wildeshusen</strong></span> <span class='ocrx_word' id='word_1_81' title='bbox 959 1894 1175 1960; x_wconf 87' lang='lat' dir='ltr'><strong>conferuntur</strong></span> <span class='ocrx_word' id='word_1_82' title='bbox 1211 1894 1430 1962; x_wconf 85' lang='lat' dir='ltr'>canonicatus</span> <span class='ocrx_word' id='word_1_83' title='bbox 1466 1903 1502 1960; x_wconf 91' lang='lat' dir='ltr'><strong>et</strong></span> <span class='ocrx_word' id='word_1_84' title='bbox 1539 1894 1711 1980; x_wconf 90' lang='lat' dir='ltr'><strong>prebenda</strong></span> 
     </span>
    </p>
   </div>
   <div class='ocr_carea' id='block_1_5' title="bbox 338 1998 1715 2918">
    <p class='ocr_par' dir='ltr' id='par_1_7' title="bbox 338 1998 1714 2501">
     <span class='ocr_line' id='line_1_12' title="bbox 339 1998 1712 2085; baseline -0.007 -13"><span class='ocrx_word' id='word_1_85' title='bbox 339 2005 486 2073; x_wconf 88' lang='lat' dir='ltr'><strong>ecclesie</strong></span> <span class='ocrx_word' id='word_1_86' title='bbox 501 1998 702 2080; x_wconf 92' lang='lat' dir='ltr'><strong>Bremensis,</strong></span> <span class='ocrx_word' id='word_1_87' title='bbox 722 2006 884 2064; x_wconf 89' lang='lat' dir='ltr'><strong>vacantes</strong></span> <span class='ocrx_word' id='word_1_88' title='bbox 907 2017 967 2084; x_wconf 90' lang='lat' dir='ltr'><strong>per</strong></span> <span class='ocrx_word' id='word_1_89' title='bbox 990 1998 1240 2084; x_wconf 88' lang='lat' dir='ltr'><strong>promotionem</strong></span> <span class='ocrx_word' id='word_1_90' title='bbox 1264 1999 1406 2079; x_wconf 84' lang='lat' dir='ltr'><strong>Alberti,</strong></span> <span class='ocrx_word' id='word_1_91' title='bbox 1437 1999 1585 2085; x_wconf 88' lang='lat' dir='ltr'><strong>episcopi</strong></span> <span class='ocrx_word' id='word_1_92' title='bbox 1615 1998 1712 2064; x_wconf 89' lang='lat' dir='ltr'><strong>Pata-</strong></span> 
     </span>
     <span class='ocr_line' id='line_1_13' title="bbox 338 2102 1712 2192; baseline -0.006 -17"><span class='ocrx_word' id='word_1_93' title='bbox 338 2108 467 2175; x_wconf 86' lang='lat' dir='ltr'><strong>viensis</strong></span> <span class='ocrx_word' id='word_1_94' title='bbox 477 2108 611 2192; x_wconf 84' lang='lat' dir='ltr'><strong>(²),non</strong></span> <span class='ocrx_word' id='word_1_95' title='bbox 621 2106 778 2170; x_wconf 88' lang='lat' dir='ltr'><strong>obstante</strong></span> <span class='ocrx_word' id='word_1_96' title='bbox 788 2102 879 2188; x_wconf 94' lang='lat' dir='ltr'><strong>quod</strong></span> <span class='ocrx_word' id='word_1_97' title='bbox 890 2102 1133 2189; x_wconf 84' lang='lat' dir='ltr'><strong>parrochialem</strong></span> <span class='ocrx_word' id='word_1_98' title='bbox 1146 2104 1322 2169; x_wconf 90' lang='lat' dir='ltr'><strong>ecclesiam</strong></span> <span class='ocrx_word' id='word_1_99' title='bbox 1335 2103 1369 2168; x_wconf 92' lang='lat' dir='ltr'><strong>in</strong></span> <span class='ocrx_word' id='word_1_100' title='bbox 1380 2104 1606 2189; x_wconf 89' lang='lat' dir='ltr'><strong>Geverstorpe</strong></span> <span class='ocrx_word' id='word_1_101' title='bbox 1622 2111 1657 2168; x_wconf 90' lang='lat' dir='ltr'><strong>et</strong></span> <span class='ocrx_word' id='word_1_102' title='bbox 1680 2103 1712 2168; x_wconf 93' lang='lat' dir='ltr'><strong>in</strong></span> 
     </span>
     <span class='ocr_line' id='line_1_14' title="bbox 338 2205 1714 2291; baseline -0.005 -12"><span class='ocrx_word' id='word_1_103' title='bbox 338 2211 486 2279; x_wconf 90' lang='lat' dir='ltr'><strong>ecclesia</strong></span> <span class='ocrx_word' id='word_1_104' title='bbox 501 2210 534 2275; x_wconf 91' lang='lat' dir='ltr'><strong>S.</strong></span> <span class='ocrx_word' id='word_1_105' title='bbox 549 2208 690 2274; x_wconf 88' lang='lat' dir='ltr'><strong>Servatii</strong></span> <span class='ocrx_word' id='word_1_106' title='bbox 705 2205 939 2291; x_wconf 86' lang='lat' dir='ltr'><strong>Trajectensis,</strong></span> <span class='ocrx_word' id='word_1_107' title='bbox 956 2205 1152 2272; x_wconf 89' lang='lat' dir='ltr'><strong>Leodiensis</strong></span> <span class='ocrx_word' id='word_1_108' title='bbox 1164 2214 1199 2273; x_wconf 90' lang='lat' dir='ltr'><strong>et</strong></span> <span class='ocrx_word' id='word_1_109' title='bbox 1209 2206 1399 2273; x_wconf 90' lang='lat' dir='ltr'><strong>Bremensis</strong></span> <span class='ocrx_word' id='word_1_110' title='bbox 1414 2207 1596 2283; x_wconf 91' lang='lat' dir='ltr'><strong>diocesum,</strong></span> <span class='ocrx_word' id='word_1_111' title='bbox 1613 2227 1714 2272; x_wconf 87' lang='lat' dir='ltr'><strong>cano-</strong></span> 
     </span>
     <span class='ocr_line' id='line_1_15' title="bbox 338 2310 1714 2397; baseline -0.005 -14"><span class='ocrx_word' id='word_1_112' title='bbox 338 2318 495 2384; x_wconf 89' lang='lat' dir='ltr'><strong>nicatum</strong></span> <span class='ocrx_word' id='word_1_113' title='bbox 509 2316 570 2380; x_wconf 93' lang='lat' dir='ltr'><strong>sub</strong></span> <span class='ocrx_word' id='word_1_114' title='bbox 585 2310 821 2397; x_wconf 76' lang='lat' dir='ltr'><strong>expectatione</strong></span> <span class='ocrx_word' id='word_1_115' title='bbox 836 2310 1007 2395; x_wconf 88' lang='lat' dir='ltr'><strong>prebende</strong></span> <span class='ocrx_word' id='word_1_116' title='bbox 1024 2311 1157 2377; x_wconf 91' lang='lat' dir='ltr'><strong>obtinet</strong></span> <span class='ocrx_word' id='word_1_117' title='bbox 1171 2331 1212 2376; x_wconf 93' lang='lat' dir='ltr'><strong>ac</strong></span> <span class='ocrx_word' id='word_1_118' title='bbox 1227 2311 1345 2377; x_wconf 91' lang='lat' dir='ltr'><strong>eadem</strong></span> <span class='ocrx_word' id='word_1_119' title='bbox 1361 2311 1414 2377; x_wconf 90' lang='lat' dir='ltr'><strong>die</strong></span> <span class='ocrx_word' id='word_1_120' title='bbox 1429 2313 1474 2397; x_wconf 81' lang='lat' dir='ltr'><strong>(a)</strong></span> <span class='ocrx_word' id='word_1_121' title='bbox 1491 2314 1520 2376; x_wconf 89' lang='lat' dir='ltr'><strong>ei</strong></span> <span class='ocrx_word' id='word_1_122' title='bbox 1537 2311 1579 2377; x_wconf 90' lang='lat' dir='ltr'><strong>de</strong></span> <span class='ocrx_word' id='word_1_123' title='bbox 1595 2332 1714 2397; x_wconf 90' lang='lat' dir='ltr'><strong>prepo-</strong></span> 
     </span>
     <span class='ocr_line' id='line_1_16' title="bbox 339 2413 1326 2501; baseline -0.004 -15"><span class='ocrx_word' id='word_1_124' title='bbox 339 2422 449 2487; x_wconf 89' lang='lat' dir='ltr'><strong>situra</strong></span> <span class='ocrx_word' id='word_1_125' title='bbox 464 2416 605 2485; x_wconf 89' lang='lat' dir='ltr'><strong>ecclesie</strong></span> <span class='ocrx_word' id='word_1_126' title='bbox 621 2416 654 2481; x_wconf 90' lang='lat' dir='ltr'><strong>S.</strong></span> <span class='ocrx_word' id='word_1_127' title='bbox 669 2415 845 2480; x_wconf 87' lang='lat' dir='ltr'><strong>Anscharii</strong></span> <span class='ocrx_word' id='word_1_128' title='bbox 862 2413 1053 2481; x_wconf 90' lang='lat' dir='ltr'><strong>Bremensis</strong></span> <span class='ocrx_word' id='word_1_129' title='bbox 1067 2416 1239 2501; x_wconf 89' lang='lat' dir='ltr'><strong>provisum</strong></span> <span class='ocrx_word' id='word_1_130' title='bbox 1254 2416 1326 2482; x_wconf 86' lang='lat' dir='ltr'><strong>fuit.</strong></span> 
     </span>
    </p>

    <p class='ocr_par' dir='ltr' id='par_1_8' title="bbox 391 2522 642 2589">
     <span class='ocr_line' id='line_1_17' title="bbox 391 2522 642 2589; baseline -0.024 0"><span class='ocrx_word' id='word_1_131' title='bbox 391 2522 526 2589; x_wconf 90' lang='lat' dir='ltr'><strong>Meritis</strong></span> <span class='ocrx_word' id='word_1_132' title='bbox 540 2529 642 2588; x_wconf 73' lang='lat' dir='ltr'><strong>tue...</strong></span> 
     </span>
    </p>

    <p class='ocr_par' dir='ltr' id='par_1_9' title="bbox 391 2623 1046 2709">
     <span class='ocr_line' id='line_1_18' title="bbox 391 2623 1046 2709; baseline -0.008 -17"><span class='ocrx_word' id='word_1_133' title='bbox 391 2628 473 2692; x_wconf 90' lang='lat' dir='ltr'><strong>Dat.</strong></span> <span class='ocrx_word' id='word_1_134' title='bbox 489 2626 589 2691; x_wconf 84' lang='lat' dir='ltr'><strong>Avin.</strong></span> <span class='ocrx_word' id='word_1_135' title='bbox 615 2643 632 2709; x_wconf 87' lang='lat'><strong>5</strong></span> <span class='ocrx_word' id='word_1_136' title='bbox 649 2644 728 2689; x_wconf 94' lang='lat' dir='ltr'><strong>non.</strong></span> <span class='ocrx_word' id='word_1_137' title='bbox 745 2623 894 2689; x_wconf 85' lang='lat' dir='ltr'><strong>octobris</strong></span> <span class='ocrx_word' id='word_1_138' title='bbox 909 2642 999 2689; x_wconf 91' lang='lat' dir='ltr'><strong>anno</strong></span> <span class='ocrx_word' id='word_1_139' title='bbox 1016 2639 1046 2707; x_wconf 90' lang='lat'><strong>7.</strong></span> 
     </span>
    </p>

    <p class='ocr_par' dir='ltr' id='par_1_10' title="bbox 343 2726 1715 2918">
     <span class='ocr_line' id='line_1_19' title="bbox 391 2726 1715 2813; baseline -0.002 -18"><span class='ocrx_word' id='word_1_140' title='bbox 391 2730 433 2795; x_wconf 93' lang='lat' dir='ltr'><strong>ln</strong></span> <span class='ocrx_word' id='word_1_141' title='bbox 449 2751 479 2795; x_wconf 92' lang='lat' dir='ltr'><strong>e.</strong></span> <span class='ocrx_word' id='word_1_142' title='bbox 496 2750 541 2794; x_wconf 92' lang='lat' dir='ltr'><strong>m.</strong></span> <span class='ocrx_word' id='word_1_143' title='bbox 561 2729 693 2794; x_wconf 92' lang='lat' dir='ltr'><strong>decano</strong></span> <span class='ocrx_word' id='word_1_144' title='bbox 715 2726 895 2793; x_wconf 89' lang='lat' dir='ltr'><strong>Verdensis</strong></span> <span class='ocrx_word' id='word_1_145' title='bbox 917 2734 952 2793; x_wconf 89' lang='lat' dir='ltr'><strong>et</strong></span> <span class='ocrx_word' id='word_1_146' title='bbox 972 2728 1100 2793; x_wconf 91' lang='lat' dir='ltr'><strong>cantori</strong></span> <span class='ocrx_word' id='word_1_147' title='bbox 1124 2727 1319 2795; x_wconf 90' lang='lat' dir='ltr'><strong>Lubicensis</strong></span> <span class='ocrx_word' id='word_1_148' title='bbox 1339 2749 1378 2795; x_wconf 94' lang='lat' dir='ltr'><strong>ac</strong></span> <span class='ocrx_word' id='word_1_149' title='bbox 1400 2730 1560 2813; x_wconf 87' lang='lat' dir='ltr'><strong>magistro</strong></span> <span class='ocrx_word' id='word_1_150' title='bbox 1584 2728 1715 2806; x_wconf 89' lang='lat' dir='ltr'><strong>Jacobo</strong></span> 
     </span>
     <span class='ocr_line' id='line_1_20' title="bbox 343 2830 1549 2918; baseline -0.002 -17"><span class='ocrx_word' id='word_1_151' title='bbox 343 2836 390 2902; x_wconf 93' lang='lat' dir='ltr'><strong>de</strong></span> <span class='ocrx_word' id='word_1_152' title='bbox 409 2834 552 2915; x_wconf 88' lang='lat' dir='ltr'><strong>Mutina,</strong></span> <span class='ocrx_word' id='word_1_153' title='bbox 567 2834 743 2918; x_wconf 92' lang='lat' dir='ltr'><strong>capellano</strong></span> <span class='ocrx_word' id='word_1_154' title='bbox 758 2852 857 2917; x_wconf 82' lang='lat' dir='ltr'><strong>pape,</strong></span> <span class='ocrx_word' id='word_1_155' title='bbox 876 2830 1039 2898; x_wconf 90' lang='lat' dir='ltr'><strong>canonico</strong></span> <span class='ocrx_word' id='word_1_156' title='bbox 1055 2831 1307 2899; x_wconf 87' lang='lat' dir='ltr'><strong>Cameracensis</strong></span> <span class='ocrx_word' id='word_1_157' title='bbox 1322 2833 1549 2898; x_wconf 91' lang='lat' dir='ltr'><strong>ecclesiarum.</strong></span> 
     </span>
    </p>
   </div>
   <div class='ocr_carea' id='block_1_6' title="bbox 385 2976 1036 3039">
    <p class='ocr_par' dir='ltr' id='par_1_11' title="bbox 385 2976 1036 3039">
     <span class='ocr_line' id='line_1_21' title="bbox 385 2976 1036 3039; baseline 0 -14"><span class='ocrx_word' id='word_1_158' title='bbox 385 2981 448 3039; x_wconf 67' lang='lat' dir='ltr'><strong>neg.</strong></span> <span class='ocrx_word' id='word_1_159' title='bbox 460 2979 518 3027; x_wconf 74' lang='lat' dir='ltr'><strong>Vas.</strong></span> <span class='ocrx_word' id='word_1_160' title='bbox 533 2980 570 3036; x_wconf 82' lang='lat' dir='ltr'><strong>rs,</strong></span> <span class='ocrx_word' id='word_1_161' title='bbox 582 2978 600 3026; x_wconf 81' lang='lat' dir='ltr'><strong>r.</strong></span> <span class='ocrx_word' id='word_1_162' title='bbox 613 2979 690 3034; x_wconf 51' lang='lat' dir='ltr'><strong>ann</strong></span> <span class='ocrx_word' id='word_1_163' title='bbox 704 2977 762 3026; x_wconf 75' lang='lat' dir='ltr'><strong>vat.</strong></span> <span class='ocrx_word' id='word_1_164' title='bbox 779 2976 966 3036; x_wconf 76' lang='lat' dir='ltr'><strong>74‚t.136&#39;,n.</strong></span> <span class='ocrx_word' id='word_1_165' title='bbox 981 2978 1036 3025; x_wconf 76' lang='lat' dir='ltr'><strong>aso.</strong></span> 
     </span>
    </p>
   </div>
   <div class='ocr_carea' id='block_1_7' title="bbox 348 3139 1724 4480">
    <p class='ocr_par' dir='ltr' id='par_1_12' title="bbox 401 3139 1674 3235">
     <span class='ocr_line' id='line_1_22' title="bbox 401 3139 1674 3235; baseline 0 -16"><span class='ocrx_word' id='word_1_166' title='bbox 401 3139 549 3221; x_wconf 85' lang='grc'><strong>1094.</strong></span> <span class='ocrx_word' id='word_1_167' title='bbox 1391 3172 1484 3233; x_wconf 80' lang='lat'><em>1322,</em></span> <span class='ocrx_word' id='word_1_168' title='bbox 1496 3172 1521 3235; x_wconf 81' lang='lat'>5</span> <span class='ocrx_word' id='word_1_169' title='bbox 1536 3155 1674 3219; x_wconf 82' lang='lat' dir='ltr'><strong>octobre.</strong></span> 
     </span>
    </p>

    <p class='ocr_par' dir='ltr' id='par_1_13' title="bbox 348 3253 1724 4274">
     <span class='ocr_line' id='line_1_23' title="bbox 393 3253 1717 3342; baseline -0.002 -19"><span class='ocrx_word' id='word_1_170' title='bbox 393 3257 600 3342; x_wconf 87' lang='lat' dir='ltr'><strong>Adenulpho</strong></span> <span class='ocrx_word' id='word_1_171' title='bbox 618 3255 661 3321; x_wconf 95' lang='lat' dir='ltr'><strong>de</strong></span> <span class='ocrx_word' id='word_1_172' title='bbox 677 3255 804 3341; x_wconf 90' lang='lat' dir='ltr'><strong>Supino</strong></span> <span class='ocrx_word' id='word_1_173' title='bbox 819 3253 1035 3320; x_wconf 88' lang='lat' dir='ltr'><strong>conferuntur</strong></span> <span class='ocrx_word' id='word_1_174' title='bbox 1056 3255 1274 3321; x_wconf 88' lang='lat' dir='ltr'><strong>canonicatus</strong></span> <span class='ocrx_word' id='word_1_175' title='bbox 1296 3263 1331 3320; x_wconf 89' lang='lat' dir='ltr'><strong>et</strong></span> <span class='ocrx_word' id='word_1_176' title='bbox 1352 3255 1523 3341; x_wconf 88' lang='lat' dir='ltr'><strong>prebenda</strong></span> <span class='ocrx_word' id='word_1_177' title='bbox 1544 3277 1583 3321; x_wconf 92' lang='lat' dir='ltr'><strong>ac</strong></span> <span class='ocrx_word' id='word_1_178' title='bbox 1607 3258 1717 3341; x_wconf 87' lang='lat' dir='ltr'><strong>primi-</strong></span> 
     </span>
     <span class='ocr_line' id='line_1_24' title="bbox 348 3358 1720 3445; baseline -0.003 -16"><span class='ocrx_word' id='word_1_179' title='bbox 348 3362 495 3429; x_wconf 89' lang='lat' dir='ltr'><strong>ceriatus</strong></span> <span class='ocrx_word' id='word_1_180' title='bbox 510 3361 651 3426; x_wconf 89' lang='lat' dir='ltr'><strong>ecclesie</strong></span> <span class='ocrx_word' id='word_1_181' title='bbox 667 3358 894 3440; x_wconf 88' lang='lat' dir='ltr'><strong>Virdunensis,</strong></span> <span class='ocrx_word' id='word_1_182' title='bbox 907 3378 985 3423; x_wconf 93' lang='lat' dir='ltr'><strong>cum</strong></span> <span class='ocrx_word' id='word_1_183' title='bbox 997 3377 1086 3439; x_wconf 88' lang='lat' dir='ltr'><strong>cura,</strong></span> <span class='ocrx_word' id='word_1_184' title='bbox 1101 3367 1263 3425; x_wconf 88' lang='lat' dir='ltr'><strong>vacantes</strong></span> <span class='ocrx_word' id='word_1_185' title='bbox 1285 3379 1344 3445; x_wconf 89' lang='lat' dir='ltr'><strong>per</strong></span> <span class='ocrx_word' id='word_1_186' title='bbox 1365 3360 1615 3445; x_wconf 91' lang='lat' dir='ltr'><strong>promotionem</strong></span> <span class='ocrx_word' id='word_1_187' title='bbox 1640 3359 1720 3425; x_wconf 90' lang='lat' dir='ltr'><strong>Bar-</strong></span> 
     </span>
     <span class='ocr_line' id='line_1_25' title="bbox 349 3461 1721 3549; baseline -0.001 -18"><span class='ocrx_word' id='word_1_188' title='bbox 349 3465 495 3531; x_wconf 90' lang='lat' dir='ltr'><strong>nabonis</strong></span> <span class='ocrx_word' id='word_1_189' title='bbox 520 3464 563 3529; x_wconf 94' lang='lat' dir='ltr'><strong>ad</strong></span> <span class='ocrx_word' id='word_1_190' title='bbox 587 3463 820 3548; x_wconf 88' lang='lat' dir='ltr'><strong>episcopatum</strong></span> <span class='ocrx_word' id='word_1_191' title='bbox 855 3461 1048 3527; x_wconf 90' lang='lat' dir='ltr'><strong>Lunensem</strong></span> <span class='ocrx_word' id='word_1_192' title='bbox 1074 3461 1131 3546; x_wconf 83' lang='lat'>(4),</span> <span class='ocrx_word' id='word_1_193' title='bbox 1166 3463 1435 3528; x_wconf 89' lang='lat' dir='ltr'><strong>consideratione</strong></span> <span class='ocrx_word' id='word_1_194' title='bbox 1460 3462 1609 3542; x_wconf 89' lang='lat' dir='ltr'><strong>Roberti,</strong></span> <span class='ocrx_word' id='word_1_195' title='bbox 1636 3465 1721 3549; x_wconf 86' lang='lat' dir='ltr'><strong>regis</strong></span> 
     </span>
     <span class='ocr_line' id='line_1_26' title="bbox 350 3564 1722 3651; baseline -0.001 -17"><span class='ocrx_word' id='word_1_196' title='bbox 350 3569 474 3647; x_wconf 84' lang='lat' dir='ltr'><strong>Sicilie,</strong></span> <span class='ocrx_word' id='word_1_197' title='bbox 484 3588 554 3633; x_wconf 91' lang='lat' dir='ltr'><strong>non</strong></span> <span class='ocrx_word' id='word_1_198' title='bbox 566 3569 723 3632; x_wconf 89' lang='lat' dir='ltr'><strong>obstante</strong></span> <span class='ocrx_word' id='word_1_199' title='bbox 739 3566 829 3650; x_wconf 94' lang='lat' dir='ltr'><strong>quod</strong></span> <span class='ocrx_word' id='word_1_200' title='bbox 845 3566 879 3630; x_wconf 93' lang='lat' dir='ltr'><strong>in</strong></span> <span class='ocrx_word' id='word_1_201' title='bbox 894 3565 1036 3631; x_wconf 89' lang='lat' dir='ltr'><strong>ecclesia</strong></span> <span class='ocrx_word' id='word_1_202' title='bbox 1052 3564 1256 3651; x_wconf 86' lang='lat' dir='ltr'><strong>Lingonensi</strong></span> <span class='ocrx_word' id='word_1_203' title='bbox 1273 3567 1582 3633; x_wconf 89' lang='lat' dir='ltr'><strong>archidiaconatum</strong></span> <span class='ocrx_word' id='word_1_204' title='bbox 1600 3567 1722 3632; x_wconf 87' lang='lat' dir='ltr'><strong>Baren-</strong></span> 
     </span>
     <span class='ocr_line' id='line_1_27' title="bbox 352 3669 1722 3755; baseline -0.001 -17"><span class='ocrx_word' id='word_1_205' title='bbox 352 3694 424 3738; x_wconf 88' lang='lat' dir='ltr'><strong>sem</strong></span> <span class='ocrx_word' id='word_1_206' title='bbox 436 3692 514 3737; x_wconf 90' lang='lat' dir='ltr'><strong>cum</strong></span> <span class='ocrx_word' id='word_1_207' title='bbox 530 3670 733 3736; x_wconf 91' lang='lat' dir='ltr'><strong>canonicatu</strong></span> <span class='ocrx_word' id='word_1_208' title='bbox 745 3678 780 3735; x_wconf 91' lang='lat' dir='ltr'><strong>et</strong></span> <span class='ocrx_word' id='word_1_209' title='bbox 795 3669 974 3755; x_wconf 89' lang='lat' dir='ltr'><strong>prebenda,</strong></span> <span class='ocrx_word' id='word_1_210' title='bbox 990 3670 1068 3735; x_wconf 90' lang='lat' dir='ltr'><strong>etin</strong></span> <span class='ocrx_word' id='word_1_211' title='bbox 1084 3671 1309 3751; x_wconf 86' lang='lat' dir='ltr'><strong>Atrebatensi‚</strong></span> <span class='ocrx_word' id='word_1_212' title='bbox 1320 3672 1530 3752; x_wconf 85' lang='lat' dir='ltr'><strong>Abrincensi,</strong></span> <span class='ocrx_word' id='word_1_213' title='bbox 1544 3671 1575 3736; x_wconf 90' lang='lat' dir='ltr'><strong>S.</strong></span> <span class='ocrx_word' id='word_1_214' title='bbox 1586 3672 1722 3736; x_wconf 89' lang='lat' dir='ltr'><strong>Guillel-</strong></span> 
     </span>
     <span class='ocr_line' id='line_1_28' title="bbox 353 3772 1724 3859; baseline -0.002 -18"><span class='ocrx_word' id='word_1_215' title='bbox 353 3775 452 3841; x_wconf 89' lang='lat' dir='ltr'><strong>mide</strong></span> <span class='ocrx_word' id='word_1_216' title='bbox 467 3773 661 3853; x_wconf 86' lang='lat' dir='ltr'><strong>Moretini0,</strong></span> <span class='ocrx_word' id='word_1_217' title='bbox 678 3773 710 3838; x_wconf 90' lang='lat' dir='ltr'><strong>S.</strong></span> <span class='ocrx_word' id='word_1_218' title='bbox 727 3772 819 3837; x_wconf 91' lang='lat' dir='ltr'><strong>Pauli</strong></span> <span class='ocrx_word' id='word_1_219' title='bbox 836 3772 878 3838; x_wconf 93' lang='lat' dir='ltr'><strong>de</strong></span> <span class='ocrx_word' id='word_1_220' title='bbox 889 3773 920 3839; x_wconf 93' lang='lat' dir='ltr'><strong>S.</strong></span> <span class='ocrx_word' id='word_1_221' title='bbox 934 3773 1101 3858; x_wconf 90' lang='lat' dir='ltr'><strong>Dyonisio</strong></span> <span class='ocrx_word' id='word_1_222' title='bbox 1116 3782 1152 3839; x_wconf 92' lang='lat' dir='ltr'><strong>et</strong></span> <span class='ocrx_word' id='word_1_223' title='bbox 1163 3774 1195 3839; x_wconf 90' lang='lat' dir='ltr'><strong>S.</strong></span> <span class='ocrx_word' id='word_1_224' title='bbox 1212 3773 1387 3859; x_wconf 86' lang='lat' dir='ltr'><strong>Gaugerici</strong></span> <span class='ocrx_word' id='word_1_225' title='bbox 1397 3775 1562 3840; x_wconf 91' lang='lat' dir='ltr'><strong>Altrensis</strong></span> <span class='ocrx_word' id='word_1_226' title='bbox 1574 3776 1724 3840; x_wconf 88' lang='lat' dir='ltr'><strong>ecclesiis</strong></span> 
     </span>
     <span class='ocr_line' id='line_1_29' title="bbox 355 3876 1722 3963; baseline -0.002 -18"><span class='ocrx_word' id='word_1_227' title='bbox 355 3879 574 3945; x_wconf 86' lang='lat' dir='ltr'><strong>canonicatus</strong></span> <span class='ocrx_word' id='word_1_228' title='bbox 589 3886 623 3942; x_wconf 89' lang='lat' dir='ltr'><strong>et</strong></span> <span class='ocrx_word' id='word_1_229' title='bbox 644 3876 844 3962; x_wconf 87' lang='lat' dir='ltr'><strong>prebendas,</strong></span> <span class='ocrx_word' id='word_1_230' title='bbox 867 3897 907 3942; x_wconf 90' lang='lat' dir='ltr'><strong>ac</strong></span> <span class='ocrx_word' id='word_1_231' title='bbox 921 3876 1087 3942; x_wconf 87' lang='lat' dir='ltr'><strong>decimam</strong></span> <span class='ocrx_word' id='word_1_232' title='bbox 1110 3877 1142 3942; x_wconf 89' lang='lat' dir='ltr'><strong>S.</strong></span> <span class='ocrx_word' id='word_1_233' title='bbox 1158 3877 1272 3942; x_wconf 85' lang='lat' dir='ltr'><strong>Albini</strong></span> <span class='ocrx_word' id='word_1_234' title='bbox 1285 3877 1327 3943; x_wconf 92' lang='lat' dir='ltr'><strong>de</strong></span> <span class='ocrx_word' id='word_1_235' title='bbox 1345 3877 1538 3944; x_wconf 86' lang='lat' dir='ltr'><strong>Fonteneto</strong></span> <span class='ocrx_word' id='word_1_236' title='bbox 1554 3878 1722 3963; x_wconf 86' lang='lat' dir='ltr'><strong>Paganelli</strong></span> 
     </span>
     <span class='ocr_line' id='line_1_30' title="bbox 356 3978 1724 4069; baseline -0.001 -22"><span class='ocrx_word' id='word_1_237' title='bbox 356 3994 389 4048; x_wconf 88' lang='lat' dir='ltr'><strong>et</strong></span> <span class='ocrx_word' id='word_1_238' title='bbox 402 3983 569 4069; x_wconf 91' lang='lat' dir='ltr'><strong>capellam</strong></span> <span class='ocrx_word' id='word_1_239' title='bbox 593 3982 624 4045; x_wconf 86' lang='lat' dir='ltr'><strong>S.</strong></span> <span class='ocrx_word' id='word_1_240' title='bbox 647 3980 735 4045; x_wconf 90' lang='lat' dir='ltr'><strong>Petri</strong></span> <span class='ocrx_word' id='word_1_241' title='bbox 766 3980 809 4045; x_wconf 94' lang='lat' dir='ltr'><strong>de</strong></span> <span class='ocrx_word' id='word_1_242' title='bbox 835 3978 983 4061; x_wconf 84' lang='lat' dir='ltr'><strong>Murolo,</strong></span> <span class='ocrx_word' id='word_1_243' title='bbox 998 3981 1226 4063; x_wconf 87' lang='lat' dir='ltr'><strong>Abrincensis,</strong></span> <span class='ocrx_word' id='word_1_244' title='bbox 1243 3981 1446 4063; x_wconf 84' lang='lat' dir='ltr'><strong>Parisiensis,</strong></span> <span class='ocrx_word' id='word_1_245' title='bbox 1464 3982 1724 4062; x_wconf 86' lang='lat' dir='ltr'><strong>Cameracensis,</strong></span> 
     </span>
     <span class='ocr_line' id='line_1_31' title="bbox 359 4083 1722 4172; baseline -0.002 -20"><span class='ocrx_word' id='word_1_246' title='bbox 359 4086 552 4172; x_wconf 87' lang='lat' dir='ltr'><strong>Bajocensis</strong></span> <span class='ocrx_word' id='word_1_247' title='bbox 564 4093 599 4149; x_wconf 91' lang='lat' dir='ltr'><strong>et</strong></span> <span class='ocrx_word' id='word_1_248' title='bbox 609 4084 785 4168; x_wconf 86' lang='lat' dir='ltr'><strong>Anagnine</strong></span> <span class='ocrx_word' id='word_1_249' title='bbox 797 4083 980 4165; x_wconf 84' lang='lat' dir='ltr'><strong>diocesum,</strong></span> <span class='ocrx_word' id='word_1_250' title='bbox 997 4084 1128 4150; x_wconf 90' lang='lat' dir='ltr'><strong>obtinet</strong></span> <span class='ocrx_word' id='word_1_251' title='bbox 1141 4109 1150 4165; x_wconf 94' lang='lat'>;</span> <span class='ocrx_word' id='word_1_252' title='bbox 1166 4086 1472 4152; x_wconf 89' lang='lat' dir='ltr'><strong>archidiaconatum</strong></span> <span class='ocrx_word' id='word_1_253' title='bbox 1485 4085 1666 4151; x_wconf 86' lang='lat' dir='ltr'><strong>Barensem</strong></span> <span class='ocrx_word' id='word_1_254' title='bbox 1682 4106 1722 4149; x_wconf 92' lang='lat' dir='ltr'><strong>ac</strong></span> 
     </span>
     <span class='ocr_line' id='line_1_32' title="bbox 361 4187 1645 4274; baseline 0.002 -18"><span class='ocrx_word' id='word_1_255' title='bbox 361 4190 596 4256; x_wconf 90' lang='lat' dir='ltr'><strong>canonicatum</strong></span> <span class='ocrx_word' id='word_1_256' title='bbox 611 4197 646 4253; x_wconf 90' lang='lat' dir='ltr'><strong>et</strong></span> <span class='ocrx_word' id='word_1_257' title='bbox 660 4188 867 4274; x_wconf 91' lang='lat' dir='ltr'><strong>prebendam</strong></span> <span class='ocrx_word' id='word_1_258' title='bbox 883 4188 1023 4254; x_wconf 90' lang='lat' dir='ltr'><strong>ecclesie</strong></span> <span class='ocrx_word' id='word_1_259' title='bbox 1041 4187 1262 4273; x_wconf 87' lang='lat' dir='ltr'><strong>Lingonensis</strong></span> <span class='ocrx_word' id='word_1_260' title='bbox 1277 4190 1447 4255; x_wconf 90' lang='lat' dir='ltr'><strong>dimittere</strong></span> <span class='ocrx_word' id='word_1_261' title='bbox 1463 4192 1645 4258; x_wconf 90' lang='lat' dir='ltr'><strong>tenebitur.</strong></span> 
     </span>
    </p>

    <p class='ocr_par' dir='ltr' id='par_1_14' title="bbox 404 4292 752 4377">
     <span class='ocr_line' id='line_1_33' title="bbox 404 4292 752 4377; baseline -0.011 -18"><span class='ocrx_word' id='word_1_262' title='bbox 404 4294 509 4359; x_wconf 90' lang='lat' dir='ltr'><strong>Sedes</strong></span> <span class='ocrx_word' id='word_1_263' title='bbox 524 4292 752 4377; x_wconf 91' lang='lat' dir='ltr'><strong>apostolica...</strong></span> 
     </span>
    </p>

    <p class='ocr_par' dir='ltr' id='par_1_15' title="bbox 406 4396 1052 4480">
     <span class='ocr_line' id='line_1_34' title="bbox 406 4396 1052 4480; baseline 0 -18"><span class='ocrx_word' id='word_1_264' title='bbox 406 4399 485 4462; x_wconf 88' lang='lat' dir='ltr'><strong>Dat.</strong></span> <span class='ocrx_word' id='word_1_265' title='bbox 501 4396 601 4461; x_wconf 87' lang='lat' dir='ltr'><strong>Avin.</strong></span> <span class='ocrx_word' id='word_1_266' title='bbox 619 4416 636 4479; x_wconf 84' lang='lat'>3</span> <span class='ocrx_word' id='word_1_267' title='bbox 654 4415 733 4460; x_wconf 90' lang='lat' dir='ltr'><strong>non.</strong></span> <span class='ocrx_word' id='word_1_268' title='bbox 751 4397 897 4462; x_wconf 89' lang='lat' dir='ltr'><strong>octobris</strong></span> <span class='ocrx_word' id='word_1_269' title='bbox 914 4417 1005 4461; x_wconf 89' lang='lat' dir='ltr'><strong>anno</strong></span> <span class='ocrx_word' id='word_1_270' title='bbox 1023 4415 1052 4480; x_wconf 92' lang='lat'><strong>7.</strong></span> 
     </span>
    </p>
   </div>
   <div class='ocr_carea' id='block_1_8' title="bbox 364 4498 1725 4686">
    <p class='ocr_par' dir='ltr' id='par_1_16' title="bbox 364 4498 1725 4686">
     <span class='ocr_line' id='line_1_35' title="bbox 405 4498 1725 4567; baseline 0.001 -2"><span class='ocrx_word' id='word_1_271' title='bbox 405 4502 445 4565; x_wconf 94' lang='lat' dir='ltr'><strong>ln</strong></span> <span class='ocrx_word' id='word_1_272' title='bbox 470 4521 498 4564; x_wconf 91' lang='lat' dir='ltr'><strong>e.</strong></span> <span class='ocrx_word' id='word_1_273' title='bbox 522 4520 567 4563; x_wconf 93' lang='lat' dir='ltr'><strong>m.</strong></span> <span class='ocrx_word' id='word_1_274' title='bbox 590 4498 703 4563; x_wconf 89' lang='lat' dir='ltr'><strong>abbati</strong></span> <span class='ocrx_word' id='word_1_275' title='bbox 727 4500 922 4564; x_wconf 90' lang='lat' dir='ltr'><strong>monasterii</strong></span> <span class='ocrx_word' id='word_1_276' title='bbox 949 4500 980 4563; x_wconf 93' lang='lat' dir='ltr'><strong>S.</strong></span> <span class='ocrx_word' id='word_1_277' title='bbox 1012 4500 1126 4566; x_wconf 91' lang='lat' dir='ltr'><strong>Vitoni</strong></span> <span class='ocrx_word' id='word_1_278' title='bbox 1152 4500 1366 4567; x_wconf 88' lang='lat' dir='ltr'><strong>Virdunensis</strong></span> <span class='ocrx_word' id='word_1_279' title='bbox 1391 4511 1426 4567; x_wconf 88' lang='lat' dir='ltr'><strong>et</strong></span> <span class='ocrx_word' id='word_1_280' title='bbox 1452 4501 1659 4567; x_wconf 90' lang='lat' dir='ltr'><strong>thesaurario</strong></span> <span class='ocrx_word' id='word_1_281' title='bbox 1686 4522 1725 4566; x_wconf 92' lang='lat' dir='ltr'><strong>ac</strong></span> 
     </span>
     <span class='ocr_line' id='line_1_36' title="bbox 364 4602 978 4686; baseline -0.005 -15"><span class='ocrx_word' id='word_1_282' title='bbox 364 4603 566 4671; x_wconf 91' lang='lat' dir='ltr'><strong>cancellario</strong></span> <span class='ocrx_word' id='word_1_283' title='bbox 582 4603 725 4667; x_wconf 90' lang='lat' dir='ltr'><strong>ecclesie</strong></span> <span class='ocrx_word' id='word_1_284' title='bbox 747 4602 978 4686; x_wconf 88' lang='lat' dir='ltr'><strong>Lingonensis.</strong></span> 
     </span>
    </p>
   </div>
   <div class='ocr_carea' id='block_1_9' title="bbox 397 4735 1015 4795">
    <p class='ocr_par' dir='ltr' id='par_1_17' title="bbox 397 4735 1015 4795">
     <span class='ocr_line' id='line_1_37' title="bbox 397 4735 1015 4795; baseline -0.002 -10"><span class='ocrx_word' id='word_1_285' title='bbox 397 4739 456 4795; x_wconf 68' lang='lat' dir='ltr'><strong>aeg.</strong></span> <span class='ocrx_word' id='word_1_286' title='bbox 472 4738 519 4784; x_wconf 71' lang='lat' dir='ltr'><strong>Aa.</strong></span> <span class='ocrx_word' id='word_1_287' title='bbox 535 4736 573 4793; x_wconf 88' lang='lat'><strong>18,</strong></span> <span class='ocrx_word' id='word_1_288' title='bbox 588 4736 605 4783; x_wconf 80' lang='lat' dir='ltr'><strong>f.</strong></span> <span class='ocrx_word' id='word_1_289' title='bbox 624 4737 681 4783; x_wconf 72' lang='grc' dir='ltr'><strong>100ν</strong></span> <span class='ocrx_word' id='word_1_290' title='bbox 695 4751 700 4791; x_wconf 92' lang='grc'><strong>;</strong></span> <span class='ocrx_word' id='word_1_291' title='bbox 714 4735 772 4783; x_wconf 87' lang='lat' dir='ltr'><strong>Vat.</strong></span> <span class='ocrx_word' id='word_1_292' title='bbox 789 4737 923 4795; x_wconf 49' lang='grc'><strong>71130,</strong></span> <span class='ocrx_word' id='word_1_293' title='bbox 938 4751 962 4785; x_wconf 90' lang='lat' dir='ltr'><strong>n.</strong></span> <span class='ocrx_word' id='word_1_294' title='bbox 975 4739 1015 4790; x_wconf 73' lang='lat'><strong>67.</strong></span> 
     </span>
    </p>
   </div>
   <div class='ocr_carea' id='block_1_10' title="bbox 365 4960 1730 5188">
    <p class='ocr_par' dir='ltr' id='par_1_18' title="bbox 365 4960 1730 5188">
     <span class='ocr_line' id='line_1_38' title="bbox 398 4960 1729 5026; baseline 0.001 -14"><span class='ocrx_word' id='word_1_295' title='bbox 398 4967 421 5013; x_wconf 95' lang='lat' dir='ltr'><strong>l.</strong></span> <span class='ocrx_word' id='word_1_296' title='bbox 434 4963 472 5010; x_wconf 87' lang='lat' dir='ltr'><strong>La</strong></span> <span class='ocrx_word' id='word_1_297' title='bbox 485 4961 555 5008; x_wconf 92' lang='lat' dir='ltr'><strong>bulle</strong></span> <span class='ocrx_word' id='word_1_298' title='bbox 567 4965 605 5007; x_wconf 83' lang='lat' dir='ltr'><strong>cst</strong></span> <span class='ocrx_word' id='word_1_299' title='bbox 617 4960 692 5008; x_wconf 71' lang='lat' dir='ltr'><strong>datdc</strong></span> <span class='ocrx_word' id='word_1_300' title='bbox 704 4961 739 5006; x_wconf 89' lang='lat' dir='ltr'><strong>du</strong></span> <span class='ocrx_word' id='word_1_301' title='bbox 751 4960 908 5020; x_wconf 85' lang='lat' dir='ltr'><strong>lemlemain,</strong></span> <span class='ocrx_word' id='word_1_302' title='bbox 929 4977 985 5022; x_wconf 59' lang='grc' dir='ltr'><strong>νος.</strong></span> <span class='ocrx_word' id='word_1_303' title='bbox 1007 4977 1031 5009; x_wconf 86' lang='lat' dir='ltr'><strong>u.</strong></span> <span class='ocrx_word' id='word_1_304' title='bbox 1055 4963 1125 5009; x_wconf 90' lang='grc'><strong>1093.</strong></span> <span class='ocrx_word' id='word_1_305' title='bbox 1141 4988 1172 4996; x_wconf 82' lang='lat'>-</span> <span class='ocrx_word' id='word_1_306' title='bbox 1184 4964 1208 5009; x_wconf 83' lang='lat'><strong>2.</strong></span> <span class='ocrx_word' id='word_1_307' title='bbox 1220 4962 1311 5010; x_wconf 81' lang='lat' dir='ltr'><strong>Albert</strong></span> <span class='ocrx_word' id='word_1_308' title='bbox 1321 4962 1354 5010; x_wconf 87' lang='lat' dir='ltr'><strong>de</strong></span> <span class='ocrx_word' id='word_1_309' title='bbox 1366 4966 1438 5022; x_wconf 83' lang='lat' dir='ltr'><strong>Saxo,</strong></span> <span class='ocrx_word' id='word_1_310' title='bbox 1458 4964 1559 5013; x_wconf 71' lang='lat' dir='ltr'><strong>nomme</strong></span> <span class='ocrx_word' id='word_1_311' title='bbox 1580 4965 1605 5013; x_wconf 90' lang='lat' dir='ltr'><strong>le</strong></span> <span class='ocrx_word' id='word_1_312' title='bbox 1626 4967 1654 5013; x_wconf 82' lang='lat'><strong>14</strong></span> <span class='ocrx_word' id='word_1_313' title='bbox 1671 4965 1729 5026; x_wconf 85' lang='lat' dir='ltr'><strong>juin</strong></span> 
     </span>
     <span class='ocr_line' id='line_1_39' title="bbox 367 5042 1730 5109; baseline -0.001 -16"><span class='ocrx_word' id='word_1_314' title='bbox 367 5047 438 5093; x_wconf 81' lang='lat'><strong>1320.</strong></span> <span class='ocrx_word' id='word_1_315' title='bbox 451 5071 484 5077; x_wconf 92' lang='lat'><em>-</em></span> <span class='ocrx_word' id='word_1_316' title='bbox 496 5044 519 5090; x_wconf 84' lang='lat'><strong>3.</strong></span> <span class='ocrx_word' id='word_1_317' title='bbox 532 5042 569 5089; x_wconf 87' lang='lat' dir='ltr'><strong>La</strong></span> <span class='ocrx_word' id='word_1_318' title='bbox 582 5042 651 5088; x_wconf 92' lang='lat' dir='ltr'><strong>bulle</strong></span> <span class='ocrx_word' id='word_1_319' title='bbox 660 5048 698 5088; x_wconf 81' lang='lat' dir='ltr'><strong>est</strong></span> <span class='ocrx_word' id='word_1_320' title='bbox 710 5042 785 5089; x_wconf 71' lang='lat' dir='ltr'><strong>(lateo</strong></span> <span class='ocrx_word' id='word_1_321' title='bbox 796 5043 832 5089; x_wconf 92' lang='lat' dir='ltr'><strong>du</strong></span> <span class='ocrx_word' id='word_1_322' title='bbox 840 5042 899 5104; x_wconf 88' lang='lat' dir='ltr'><strong>jour</strong></span> <span class='ocrx_word' id='word_1_323' title='bbox 907 5043 1052 5106; x_wconf 70' lang='lat' dir='ltr'><strong>precedent,</strong></span> <span class='ocrx_word' id='word_1_324' title='bbox 1064 5058 1122 5104; x_wconf 83' lang='lat' dir='ltr'><strong>voy.</strong></span> <span class='ocrx_word' id='word_1_325' title='bbox 1138 5059 1162 5092; x_wconf 89' lang='lat' dir='ltr'><strong>n.</strong></span> <span class='ocrx_word' id='word_1_326' title='bbox 1174 5045 1276 5093; x_wconf 65' lang='lat'>1902-</span> <span class='ocrx_word' id='word_1_327' title='bbox 1288 5046 1311 5093; x_wconf 79' lang='lat' dir='ltr'><strong>l.</strong></span> <span class='ocrx_word' id='word_1_328' title='bbox 1324 5045 1444 5093; x_wconf 86' lang='lat' dir='ltr'><strong>Barnabo</strong></span> <span class='ocrx_word' id='word_1_329' title='bbox 1456 5046 1612 5109; x_wconf 81' lang='lat' dir='ltr'><strong>Malaspina‚</strong></span> <span class='ocrx_word' id='word_1_330' title='bbox 1627 5045 1730 5095; x_wconf 69' lang='lat' dir='ltr'><strong>nomme</strong></span> 
     </span>
     <span class='ocr_line' id='line_1_40' title="bbox 365 5122 1155 5188; baseline -0.001 -14"><span class='ocrx_word' id='word_1_331' title='bbox 365 5128 388 5174; x_wconf 84' lang='lat' dir='ltr'><strong>le</strong></span> <span class='ocrx_word' id='word_1_332' title='bbox 400 5130 432 5174; x_wconf 78' lang='grc'><strong>20</strong></span> <span class='ocrx_word' id='word_1_333' title='bbox 444 5126 506 5173; x_wconf 80' lang='lat' dir='ltr'><strong>aosst</strong></span> <span class='ocrx_word' id='word_1_334' title='bbox 523 5125 585 5171; x_wconf 82' lang='lat'>1320</span> <span class='ocrx_word' id='word_1_335' title='bbox 596 5122 692 5183; x_wconf 60' lang='lat' dir='ltr'><strong>evome</strong></span> <span class='ocrx_word' id='word_1_336' title='bbox 706 5124 738 5171; x_wconf 87' lang='lat' dir='ltr'><strong>dc</strong></span> <span class='ocrx_word' id='word_1_337' title='bbox 751 5125 817 5172; x_wconf 91' lang='lat' dir='ltr'><strong>Luni</strong></span> <span class='ocrx_word' id='word_1_338' title='bbox 831 5125 920 5184; x_wconf 82' lang='lat' dir='ltr'><strong>(Italic</strong></span> <span class='ocrx_word' id='word_1_339' title='bbox 932 5125 1155 5188; x_wconf 82' lang='lat' dir='ltr'><strong>septentrionale).</strong></span> 
     </span>
    </p>
   </div>
   <div class='ocr_carea' id='block_1_11' title="bbox 0 0 2247 6017">
    <p class='ocr_par' dir='ltr' id='par_1_19' title="bbox 0 0 2247 6017">
     <span class='ocr_line' id='line_1_41' title="bbox 0 0 2247 6017; baseline 0 0"><span class='ocrx_word' id='word_1_340' title='bbox 0 0 2247 6017; x_wconf 95' lang='lat' dir='ltr'><strong> </strong></span> 
     </span>
    </p>
   </div>
  </div>
 </body>
</html>
