<?xml version="1.0" encoding="UTF-8"?>
<!DOCTYPE html PUBLIC "-//W3C//DTD XHTML 1.0 Transitional//EN"
    "http://www.w3.org/TR/xhtml1/DTD/xhtml1-transitional.dtd">
<html xmlns="http://www.w3.org/1999/xhtml" xml:lang="en" lang="en">
 <head>
  <title>
</title>
<meta http-equiv="Content-Type" content="text/html;charset=utf-8" />
  <meta name='ocr-system' content='tesseract 3.04.00' />
  <meta name='ocr-capabilities' content='ocr_page ocr_carea ocr_par ocr_line ocrx_word'/>
</head>
<body>
  <div class='ocr_page' id='page_1' title='image "./lettresdejeanxx00xxiigoog_0339.png"; bbox 0 0 4409 6017; ppageno 0'>
   <div class='ocr_carea' id='block_1_1' title="bbox 936 736 1755 808">
    <p class='ocr_par' dir='ltr' id='par_1_1' title="bbox 936 736 1755 808">
     <span class='ocr_line' id='line_1_1' title="bbox 936 736 1755 808; baseline 0.009 -7"><span class='ocrx_word' id='word_1_1' title='bbox 936 736 1093 801; x_wconf 79' lang='lat' dir='ltr'>Troisitme</span> <span class='ocrx_word' id='word_1_2' title='bbox 1115 741 1217 802; x_wconf 86' lang='lat' dir='ltr'>anne&#39;e.</span> <span class='ocrx_word' id='word_1_3' title='bbox 1693 742 1755 808; x_wconf 80' lang='lat'>258</span> 
     </span>
    </p>
   </div>
   <div class='ocr_carea' id='block_1_2' title="bbox 403 877 1755 1166">
    <p class='ocr_par' dir='ltr' id='par_1_2' title="bbox 403 877 1755 1166">
     <span class='ocr_line' id='line_1_2' title="bbox 438 877 1711 993; baseline 0.009 -34"><span class='ocrx_word' id='word_1_4' title='bbox 438 877 551 960; x_wconf 80' lang='grc'>641.</span> <span class='ocrx_word' id='word_1_5' title='bbox 881 887 885 896; x_wconf 73' lang='grc'><strong>’</strong></span> <span class='ocrx_word' id='word_1_6' title='bbox 1317 902 1430 989; x_wconf 76' lang='lat'>[1318,</span> <span class='ocrx_word' id='word_1_7' title='bbox 1446 922 1489 986; x_wconf 92' lang='lat'>17</span> <span class='ocrx_word' id='word_1_8' title='bbox 1504 906 1711 993; x_wconf 64' lang='lat' dir='ltr'>septenne}</span> 
     </span>
     <span class='ocr_line' id='line_1_3' title="bbox 439 997 1755 1086; baseline 0.01 -24"><span class='ocrx_word' id='word_1_9' title='bbox 439 997 560 1064; x_wconf 83' lang='lat' dir='ltr'>Eidem</span> <span class='ocrx_word' id='word_1_10' title='bbox 577 999 752 1068; x_wconf 91' lang='lat' dir='ltr'>Ludovico</span> <span class='ocrx_word' id='word_1_11' title='bbox 767 1003 921 1068; x_wconf 81' lang='lat' dir='ltr'><strong>scribitur</strong></span> <span class='ocrx_word' id='word_1_12' title='bbox 937 1004 970 1068; x_wconf 93' lang='lat' dir='ltr'>in</span> <span class='ocrx_word' id='word_1_13' title='bbox 986 1004 1091 1069; x_wconf 85' lang='lat' dir='ltr'>forma</span> <span class='ocrx_word' id='word_1_14' title='bbox 1108 1004 1248 1086; x_wconf 90' lang='lat' dir='ltr'>diversa,</span> <span class='ocrx_word' id='word_1_15' title='bbox 1265 1026 1342 1071; x_wconf 91' lang='lat' dir='ltr'>cum</span> <span class='ocrx_word' id='word_1_16' title='bbox 1359 1008 1506 1074; x_wconf 87' lang='lat' dir='ltr'>clausula</span> <span class='ocrx_word' id='word_1_17' title='bbox 1532 1010 1755 1075; x_wconf 92' lang='lat' dir='ltr'>comminato-</span> 
     </span>
     <span class='ocr_line' id='line_1_4' title="bbox 403 1121 452 1166; baseline 0.02 -1"><span class='ocrx_word' id='word_1_18' title='bbox 403 1121 452 1166; x_wconf 83' lang='lat' dir='ltr'>ra.</span> 
     </span>
    </p>
   </div>
   <div class='ocr_carea' id='block_1_3' title="bbox 403 1295 1772 3871">
    <p class='ocr_par' dir='ltr' id='par_1_3' title="bbox 403 1295 1772 3871">
     <span class='ocr_line' id='line_1_5' title="bbox 439 1295 1754 1379; baseline 0 -20"><span class='ocrx_word' id='word_1_19' title='bbox 439 1318 457 1359; x_wconf 79' lang='lat' dir='ltr'>a</span> <span class='ocrx_word' id='word_1_20' title='bbox 476 1295 609 1361; x_wconf 91' lang='lat' dir='ltr'>Dilecto</span> <span class='ocrx_word' id='word_1_21' title='bbox 625 1296 694 1361; x_wconf 92' lang='lat' dir='ltr'>filio</span> <span class='ocrx_word' id='word_1_22' title='bbox 710 1296 814 1362; x_wconf 92' lang='lat' dir='ltr'>nobili</span> <span class='ocrx_word' id='word_1_23' title='bbox 831 1298 903 1362; x_wconf 91' lang='lat' dir='ltr'>viro</span> <span class='ocrx_word' id='word_1_24' title='bbox 920 1296 1102 1378; x_wconf 80' lang='lat' dir='ltr'>LudovicO,</span> <span class='ocrx_word' id='word_1_25' title='bbox 1120 1296 1235 1363; x_wconf 92' lang='lat' dir='ltr'>comiti</span> <span class='ocrx_word' id='word_1_26' title='bbox 1253 1295 1455 1362; x_wconf 92' lang='lat' dir='ltr'>Nivernensi</span> <span class='ocrx_word' id='word_1_27' title='bbox 1473 1303 1508 1361; x_wconf 93' lang='lat' dir='ltr'>et</span> <span class='ocrx_word' id='word_1_28' title='bbox 1526 1295 1713 1379; x_wconf 89' lang='lat' dir='ltr'>Registensi</span> <span class='ocrx_word' id='word_1_29' title='bbox 1730 1305 1754 1375; x_wconf 72' lang='lat'>⁰,</span> 
     </span>
     <span class='ocr_line' id='line_1_6' title="bbox 403 1399 1755 1486; baseline -0.001 -21"><span class='ocrx_word' id='word_1_30' title='bbox 403 1401 618 1486; x_wconf 78' lang='lat' dir='ltr'>rrimogenito</span> <span class='ocrx_word' id='word_1_31' title='bbox 643 1402 763 1468; x_wconf 90' lang='lat' dir='ltr'>nobilis</span> <span class='ocrx_word' id='word_1_32' title='bbox 784 1403 845 1467; x_wconf 91' lang='lat' dir='ltr'>viri</span> <span class='ocrx_word' id='word_1_33' title='bbox 863 1401 1011 1483; x_wconf 90' lang='lat' dir='ltr'>Roberti,</span> <span class='ocrx_word' id='word_1_34' title='bbox 1028 1401 1162 1468; x_wconf 91' lang='lat' dir='ltr'>comitis</span> <span class='ocrx_word' id='word_1_35' title='bbox 1178 1401 1206 1465; x_wconf 90' lang='lat' dir='ltr'>F</span> <span class='ocrx_word' id='word_1_36' title='bbox 1208 1400 1344 1466; x_wconf 90' lang='lat' dir='ltr'>landrie.</span> <span class='ocrx_word' id='word_1_37' title='bbox 1372 1400 1457 1485; x_wconf 87' lang='lat' dir='ltr'>Sepe</span> <span class='ocrx_word' id='word_1_38' title='bbox 1473 1399 1544 1479; x_wconf 91' lang='lat' dir='ltr'>tibi,</span> <span class='ocrx_word' id='word_1_39' title='bbox 1561 1399 1617 1480; x_wconf 86' lang='lat' dir='ltr'>fili,</span> <span class='ocrx_word' id='word_1_40' title='bbox 1633 1400 1755 1465; x_wconf 90' lang='lat' dir='ltr'>affectu</span> 
     </span>
     <span class='ocr_line' id='line_1_7' title="bbox 403 1495 1755 1590; baseline -0.002 -21"><span class='ocrx_word' id='word_1_41' title='bbox 403 1515 537 1571; x_wconf 71' lang='lat' dir='ltr'>&gt;aterno</span> <span class='ocrx_word' id='word_1_42' title='bbox 552 1505 692 1572; x_wconf 85' lang='lat' dir='ltr'>suasisse</span> <span class='ocrx_word' id='word_1_43' title='bbox 707 1495 922 1572; x_wconf 89' lang='lat' dir='ltr'>meminimus</span> <span class='ocrx_word' id='word_1_44' title='bbox 932 1513 969 1571; x_wconf 96' lang='lat' dir='ltr'>ut</span> <span class='ocrx_word' id='word_1_45' title='bbox 981 1526 1058 1590; x_wconf 87' lang='lat' dir='ltr'>erga</span> <span class='ocrx_word' id='word_1_46' title='bbox 1071 1504 1280 1572; x_wconf 89' lang='lat' dir='ltr'>carissimum</span> <span class='ocrx_word' id='word_1_47' title='bbox 1297 1504 1330 1569; x_wconf 90' lang='lat' dir='ltr'>in</span> <span class='ocrx_word' id='word_1_48' title='bbox 1341 1502 1476 1570; x_wconf 89' lang='lat' dir='ltr'>Christo</span> <span class='ocrx_word' id='word_1_49' title='bbox 1488 1503 1594 1568; x_wconf 87' lang='lat' dir='ltr'>filiurn</span> <span class='ocrx_word' id='word_1_50' title='bbox 1603 1510 1755 1568; x_wconf 91' lang='lat' dir='ltr'>nostrum</span> 
     </span>
     <span class='ocr_line' id='line_1_8' title="bbox 403 1605 1754 1696; baseline -0.003 -23"><span class='ocrx_word' id='word_1_51' title='bbox 403 1608 597 1696; x_wconf 75' lang='lat' dir='ltr'>Philippum,</span> <span class='ocrx_word' id='word_1_52' title='bbox 613 1631 725 1696; x_wconf 87' lang='lat' dir='ltr'>regem</span> <span class='ocrx_word' id='word_1_53' title='bbox 744 1609 884 1676; x_wconf 90' lang='lat' dir='ltr'>Francie</span> <span class='ocrx_word' id='word_1_54' title='bbox 906 1618 940 1676; x_wconf 91' lang='lat' dir='ltr'>et</span> <span class='ocrx_word' id='word_1_55' title='bbox 957 1609 1108 1676; x_wconf 92' lang='lat' dir='ltr'>Navarre</span> <span class='ocrx_word' id='word_1_56' title='bbox 1133 1611 1305 1691; x_wconf 83' lang='lat' dir='ltr'>illustrem,</span> <span class='ocrx_word' id='word_1_57' title='bbox 1331 1609 1383 1674; x_wconf 93' lang='lat' dir='ltr'>cui</span> <span class='ocrx_word' id='word_1_58' title='bbox 1405 1607 1529 1674; x_wconf 89' lang='lat' dir='ltr'>teneris</span> <span class='ocrx_word' id='word_1_59' title='bbox 1545 1614 1582 1672; x_wconf 91' lang='lat' dir='ltr'>ut</span> <span class='ocrx_word' id='word_1_60' title='bbox 1605 1605 1754 1685; x_wconf 91' lang='lat' dir='ltr'>domino,</span> 
     </span>
     <span class='ocr_line' id='line_1_9' title="bbox 404 1708 1755 1801; baseline -0.003 -24"><span class='ocrx_word' id='word_1_61' title='bbox 404 1714 546 1779; x_wconf 91' lang='lat' dir='ltr'>lebitum</span> <span class='ocrx_word' id='word_1_62' title='bbox 563 1714 732 1780; x_wconf 88' lang='lat' dir='ltr'>fidelitatis</span> <span class='ocrx_word' id='word_1_63' title='bbox 748 1717 938 1781; x_wconf 82' lang='lat' dir='ltr'>exsolveres</span> <span class='ocrx_word' id='word_1_64' title='bbox 953 1723 988 1780; x_wconf 94' lang='lat' dir='ltr'>et</span> <span class='ocrx_word' id='word_1_65' title='bbox 1004 1715 1046 1781; x_wconf 89' lang='lat' dir='ltr'>ad</span> <span class='ocrx_word' id='word_1_66' title='bbox 1070 1716 1141 1801; x_wconf 88' lang='lat' dir='ltr'>ejus</span> <span class='ocrx_word' id='word_1_67' title='bbox 1157 1714 1383 1781; x_wconf 87' lang='lat' dir='ltr'>obedientiam</span> <span class='ocrx_word' id='word_1_68' title='bbox 1400 1712 1524 1778; x_wconf 90' lang='lat' dir='ltr'>devote</span> <span class='ocrx_word' id='word_1_69' title='bbox 1545 1709 1679 1790; x_wconf 86' lang='lat' dir='ltr'>redires,</span> <span class='ocrx_word' id='word_1_70' title='bbox 1696 1708 1755 1774; x_wconf 91' lang='lat' dir='ltr'>sed</span> 
     </span>
     <span class='ocr_line' id='line_1_10' title="bbox 403 1813 1754 1905; baseline -0.002 -25"><span class='ocrx_word' id='word_1_71' title='bbox 403 1824 428 1882; x_wconf 72' lang='lat' dir='ltr'>et</span> <span class='ocrx_word' id='word_1_72' title='bbox 443 1837 534 1882; x_wconf 92' lang='lat' dir='ltr'>nnnc</span> <span class='ocrx_word' id='word_1_73' title='bbox 550 1815 787 1902; x_wconf 90' lang='lat' dir='ltr'>indulgencias,</span> <span class='ocrx_word' id='word_1_74' title='bbox 803 1819 1015 1885; x_wconf 86' lang='lat' dir='ltr'>remissiones</span> <span class='ocrx_word' id='word_1_75' title='bbox 1045 1827 1080 1885; x_wconf 92' lang='lat' dir='ltr'>et</span> <span class='ocrx_word' id='word_1_76' title='bbox 1094 1819 1217 1905; x_wconf 86' lang='lat' dir='ltr'>gratias</span> <span class='ocrx_word' id='word_1_77' title='bbox 1233 1818 1351 1904; x_wconf 90' lang='lat' dir='ltr'>quibus</span> <span class='ocrx_word' id='word_1_78' title='bbox 1366 1836 1424 1881; x_wconf 88' lang='lat' dir='ltr'>rex</span> <span class='ocrx_word' id='word_1_79' title='bbox 1439 1815 1510 1901; x_wconf 91' lang='lat' dir='ltr'>ipse</span> <span class='ocrx_word' id='word_1_80' title='bbox 1520 1822 1555 1879; x_wconf 91' lang='lat' dir='ltr'>te</span> <span class='ocrx_word' id='word_1_81' title='bbox 1571 1813 1754 1899; x_wconf 85' lang='lat' dir='ltr'>fuitprose·</span> 
     </span>
     <span class='ocr_line' id='line_1_11' title="bbox 403 1916 1753 1999; baseline -0.003 -14"><span class='ocrx_word' id='word_1_82' title='bbox 403 1928 490 1985; x_wconf 86' lang='lat' dir='ltr'>:utus</span> <span class='ocrx_word' id='word_1_83' title='bbox 506 1921 652 1986; x_wconf 88' lang='lat' dir='ltr'>humane</span> <span class='ocrx_word' id='word_1_84' title='bbox 676 1931 755 1988; x_wconf 92' lang='lat' dir='ltr'>ante</span> <span class='ocrx_word' id='word_1_85' title='bbox 779 1931 837 1988; x_wconf 91' lang='lat' dir='ltr'>tue</span> <span class='ocrx_word' id='word_1_86' title='bbox 863 1923 1139 1989; x_wconf 84' lang='lat' dir='ltr'>considerationis</span> <span class='ocrx_word' id='word_1_87' title='bbox 1164 1923 1279 1988; x_wconf 93' lang='lat' dir='ltr'>oculos</span> <span class='ocrx_word' id='word_1_88' title='bbox 1299 1920 1505 1987; x_wconf 89' lang='lat' dir='ltr'>adducentes</span> <span class='ocrx_word' id='word_1_89' title='bbox 1520 1916 1541 1999; x_wconf 69' lang='lat'>⁶,</span> <span class='ocrx_word' id='word_1_90' title='bbox 1557 1916 1683 1982; x_wconf 93' lang='lat' dir='ltr'>nedum</span> <span class='ocrx_word' id='word_1_91' title='bbox 1705 1917 1753 1982; x_wconf 93' lang='lat' dir='ltr'>id-</span> 
     </span>
     <span class='ocr_line' id='line_1_12' title="bbox 404 2021 1755 2113; baseline -0.002 -25"><span class='ocrx_word' id='word_1_92' title='bbox 404 2045 503 2110; x_wconf 89' lang='lat' dir='ltr'>psum</span> <span class='ocrx_word' id='word_1_93' title='bbox 518 2025 611 2109; x_wconf 91' lang='lat' dir='ltr'>quod</span> <span class='ocrx_word' id='word_1_94' title='bbox 624 2025 685 2090; x_wconf 92' lang='lat' dir='ltr'>tibi</span> <span class='ocrx_word' id='word_1_95' title='bbox 702 2047 835 2112; x_wconf 88' lang='lat' dir='ltr'>prorsus</span> <span class='ocrx_word' id='word_1_96' title='bbox 850 2026 1006 2113; x_wconf 87' lang='lat' dir='ltr'>expedire</span> <span class='ocrx_word' id='word_1_97' title='bbox 1022 2027 1243 2112; x_wconf 87' lang='lat' dir='ltr'>supponimus</span> <span class='ocrx_word' id='word_1_98' title='bbox 1259 2026 1380 2090; x_wconf 89' lang='lat' dir='ltr'>iterato</span> <span class='ocrx_word' id='word_1_99' title='bbox 1403 2021 1663 2089; x_wconf 92' lang='lat' dir='ltr'>commonitorio</span> <span class='ocrx_word' id='word_1_100' title='bbox 1683 2041 1755 2086; x_wconf 89' lang='lat' dir='ltr'>sua·</span> 
     </span>
     <span class='ocr_line' id='line_1_13' title="bbox 403 2126 1756 2213; baseline -0.001 -22"><span class='ocrx_word' id='word_1_101' title='bbox 403 2128 522 2209; x_wconf 90' lang='lat' dir='ltr'>lemus,</span> <span class='ocrx_word' id='word_1_102' title='bbox 540 2129 619 2213; x_wconf 92' lang='lat' dir='ltr'>quin</span> <span class='ocrx_word' id='word_1_103' title='bbox 637 2128 740 2193; x_wconf 90' lang='lat' dir='ltr'>etiarn</span> <span class='ocrx_word' id='word_1_104' title='bbox 757 2130 924 2194; x_wconf 91' lang='lat' dir='ltr'>nobilitati</span> <span class='ocrx_word' id='word_1_105' title='bbox 949 2137 1007 2194; x_wconf 91' lang='lat' dir='ltr'>tue</span> <span class='ocrx_word' id='word_1_106' title='bbox 1023 2128 1229 2194; x_wconf 91' lang='lat' dir='ltr'>consulimus</span> <span class='ocrx_word' id='word_1_107' title='bbox 1253 2132 1343 2194; x_wconf 90' lang='lat' dir='ltr'>bona</span> <span class='ocrx_word' id='word_1_108' title='bbox 1368 2126 1434 2192; x_wconf 89' lang='lat' dir='ltr'>fide</span> <span class='ocrx_word' id='word_1_109' title='bbox 1460 2126 1626 2211; x_wconf 87' lang='lat' dir='ltr'>quatinus,</span> <span class='ocrx_word' id='word_1_110' title='bbox 1643 2126 1756 2210; x_wconf 89' lang='lat' dir='ltr'>quieta</span> 
     </span>
     <span class='ocr_line' id='line_1_14' title="bbox 403 2230 1755 2320; baseline -0.002 -25"><span class='ocrx_word' id='word_1_111' title='bbox 403 2232 616 2298; x_wconf 90' lang='lat' dir='ltr'>neditatione</span> <span class='ocrx_word' id='word_1_112' title='bbox 632 2231 847 2298; x_wconf 89' lang='lat' dir='ltr'>considerans</span> <span class='ocrx_word' id='word_1_113' title='bbox 862 2242 919 2299; x_wconf 82' lang='lat' dir='ltr'>etc.</span> <span class='ocrx_word' id='word_1_114' title='bbox 937 2239 1090 2320; x_wconf 81' lang='lat' dir='ltr'>utsupra</span> <span class='ocrx_word' id='word_1_115' title='bbox 1108 2254 1213 2317; x_wconf 82' lang='lat' dir='ltr'>usque</span> <span class='ocrx_word' id='word_1_116' title='bbox 1227 2231 1417 2312; x_wconf 88' lang='lat' dir='ltr'>direximus,</span> <span class='ocrx_word' id='word_1_117' title='bbox 1433 2230 1658 2316; x_wconf 90' lang='lat' dir='ltr'>pendentibus</span> <span class='ocrx_word' id='word_1_118' title='bbox 1669 2238 1755 2293; x_wconf 92' lang='lat' dir='ltr'>treu-</span> 
     </span>
     <span class='ocr_line' id='line_1_15' title="bbox 403 2332 1755 2421; baseline -0.003 -20"><span class='ocrx_word' id='word_1_119' title='bbox 403 2337 440 2420; x_wconf 68' lang='lat' dir='ltr'>gis</span> <span class='ocrx_word' id='word_1_120' title='bbox 456 2356 549 2401; x_wconf 91' lang='lat' dir='ltr'>nunc</span> <span class='ocrx_word' id='word_1_121' title='bbox 564 2336 651 2401; x_wconf 91' lang='lat' dir='ltr'>inter</span> <span class='ocrx_word' id='word_1_122' title='bbox 667 2356 778 2420; x_wconf 88' lang='lat' dir='ltr'>regem</span> <span class='ocrx_word' id='word_1_123' title='bbox 795 2336 903 2421; x_wconf 92' lang='lat' dir='ltr'>ipsum</span> <span class='ocrx_word' id='word_1_124' title='bbox 919 2344 954 2401; x_wconf 90' lang='lat' dir='ltr'>et</span> <span class='ocrx_word' id='word_1_125' title='bbox 978 2344 1073 2401; x_wconf 93' lang='lat' dir='ltr'>tuum</span> <span class='ocrx_word' id='word_1_126' title='bbox 1098 2336 1188 2401; x_wconf 93' lang='lat' dir='ltr'>initis</span> <span class='ocrx_word' id='word_1_127' title='bbox 1212 2336 1409 2420; x_wconf 85' lang='lat' dir='ltr'>genitorem,</span> <span class='ocrx_word' id='word_1_128' title='bbox 1425 2353 1495 2399; x_wconf 91' lang='lat' dir='ltr'>non</span> <span class='ocrx_word' id='word_1_129' title='bbox 1516 2343 1650 2419; x_wconf 83' lang='lat' dir='ltr'>torpeas</span> <span class='ocrx_word' id='word_1_130' title='bbox 1674 2332 1755 2413; x_wconf 90' lang='lat' dir='ltr'>otio,</span> 
     </span>
     <span class='ocr_line' id='line_1_16' title="bbox 403 2436 1757 2525; baseline -0.003 -21"><span class='ocrx_word' id='word_1_131' title='bbox 403 2440 450 2506; x_wconf 80' lang='lat' dir='ltr'>ed</span> <span class='ocrx_word' id='word_1_132' title='bbox 466 2439 704 2524; x_wconf 90' lang='lat' dir='ltr'>quodcumque</span> <span class='ocrx_word' id='word_1_133' title='bbox 721 2461 839 2504; x_wconf 91' lang='lat' dir='ltr'>manus</span> <span class='ocrx_word' id='word_1_134' title='bbox 851 2448 908 2504; x_wconf 91' lang='lat' dir='ltr'>tua</span> <span class='ocrx_word' id='word_1_135' title='bbox 923 2450 1037 2525; x_wconf 88' lang='lat' dir='ltr'>potest</span> <span class='ocrx_word' id='word_1_136' title='bbox 1050 2440 1195 2525; x_wconf 88' lang='lat' dir='ltr'>opereris</span> <span class='ocrx_word' id='word_1_137' title='bbox 1208 2439 1395 2518; x_wconf 90' lang='lat' dir='ltr'>instantius,</span> <span class='ocrx_word' id='word_1_138' title='bbox 1408 2445 1446 2502; x_wconf 93' lang='lat' dir='ltr'>ut</span> <span class='ocrx_word' id='word_1_139' title='bbox 1458 2437 1528 2523; x_wconf 91' lang='lat' dir='ltr'>ipse</span> <span class='ocrx_word' id='word_1_140' title='bbox 1539 2445 1616 2502; x_wconf 93' lang='lat' dir='ltr'>tuus</span> <span class='ocrx_word' id='word_1_141' title='bbox 1626 2436 1757 2521; x_wconf 90' lang='lat' dir='ltr'>genitor</span> 
     </span>
     <span class='ocr_line' id='line_1_17' title="bbox 403 2540 1756 2628; baseline -0.003 -21"><span class='ocrx_word' id='word_1_142' title='bbox 403 2544 545 2608; x_wconf 89' lang='lat' dir='ltr'>mimum</span> <span class='ocrx_word' id='word_1_143' title='bbox 560 2563 657 2608; x_wconf 94' lang='lat' dir='ltr'>suum</span> <span class='ocrx_word' id='word_1_144' title='bbox 673 2544 828 2608; x_wconf 80' lang='lat' dir='ltr'>habilitat</span> <span class='ocrx_word' id='word_1_145' title='bbox 843 2543 885 2608; x_wconf 89' lang='lat' dir='ltr'>ad</span> <span class='ocrx_word' id='word_1_146' title='bbox 901 2563 1018 2628; x_wconf 94' lang='lat' dir='ltr'>pacem</span> <span class='ocrx_word' id='word_1_147' title='bbox 1035 2563 1113 2608; x_wconf 91' lang='lat' dir='ltr'>cum</span> <span class='ocrx_word' id='word_1_148' title='bbox 1128 2563 1205 2627; x_wconf 92' lang='lat' dir='ltr'>rege</span> <span class='ocrx_word' id='word_1_149' title='bbox 1221 2542 1371 2627; x_wconf 91' lang='lat' dir='ltr'>predicto</span> <span class='ocrx_word' id='word_1_150' title='bbox 1381 2540 1487 2607; x_wconf 92' lang='lat' dir='ltr'>solide</span> <span class='ocrx_word' id='word_1_151' title='bbox 1501 2540 1756 2620; x_wconf 84' lang='lat' dir='ltr'>reformandam,</span> 
     </span>
     <span class='ocr_line' id='line_1_18' title="bbox 403 2644 1757 2732; baseline -0.002 -22"><span class='ocrx_word' id='word_1_152' title='bbox 403 2648 439 2714; x_wconf 73' lang='lat' dir='ltr'>ric</span> <span class='ocrx_word' id='word_1_153' title='bbox 454 2646 558 2731; x_wconf 91' lang='lat' dir='ltr'>quod,</span> <span class='ocrx_word' id='word_1_154' title='bbox 571 2647 667 2731; x_wconf 86' lang='lat' dir='ltr'>juxta</span> <span class='ocrx_word' id='word_1_155' title='bbox 691 2646 803 2711; x_wconf 90' lang='lat' dir='ltr'>eximii</span> <span class='ocrx_word' id='word_1_156' title='bbox 827 2647 1066 2731; x_wconf 90' lang='lat' dir='ltr'>prophetarum</span> <span class='ocrx_word' id='word_1_157' title='bbox 1093 2646 1273 2731; x_wconf 88' lang='lat' dir='ltr'>eloquium,</span> <span class='ocrx_word' id='word_1_158' title='bbox 1289 2645 1381 2732; x_wconf 91' lang='lat' dir='ltr'>pacis</span> <span class='ocrx_word' id='word_1_159' title='bbox 1403 2647 1530 2710; x_wconf 90' lang='lat' dir='ltr'>bonum</span> <span class='ocrx_word' id='word_1_160' title='bbox 1551 2644 1642 2728; x_wconf 91' lang='lat' dir='ltr'>qnod</span> <span class='ocrx_word' id='word_1_161' title='bbox 1667 2646 1757 2708; x_wconf 89' lang='lat' dir='ltr'>bona</span> 
     </span>
     <span class='ocr_line' id='line_1_19' title="bbox 403 2747 1756 2834; baseline -0.004 -18"><span class='ocrx_word' id='word_1_162' title='bbox 403 2751 550 2816; x_wconf 61' lang='lat' dir='ltr'>eontinet</span> <span class='ocrx_word' id='word_1_163' title='bbox 566 2750 730 2831; x_wconf 90' lang='lat' dir='ltr'>universa,</span> <span class='ocrx_word' id='word_1_164' title='bbox 746 2749 957 2816; x_wconf 91' lang='lat' dir='ltr'>laudabiliter</span> <span class='ocrx_word' id='word_1_165' title='bbox 980 2752 1134 2817; x_wconf 90' lang='lat' dir='ltr'>videatur</span> <span class='ocrx_word' id='word_1_166' title='bbox 1157 2750 1321 2834; x_wconf 88' lang='lat' dir='ltr'>inquirere</span> <span class='ocrx_word' id='word_1_167' title='bbox 1338 2768 1480 2833; x_wconf 91' lang='lat' dir='ltr'>eamque</span> <span class='ocrx_word' id='word_1_168' title='bbox 1502 2747 1657 2833; x_wconf 88' lang='lat' dir='ltr'>prosequi</span> <span class='ocrx_word' id='word_1_169' title='bbox 1682 2756 1756 2812; x_wconf 93' lang='lat' dir='ltr'>toto</span> 
     </span>
     <span class='ocr_line' id='line_1_20' title="bbox 403 2851 1756 2941; baseline -0.004 -22"><span class='ocrx_word' id='word_1_170' title='bbox 403 2855 506 2920; x_wconf 79' lang='lat' dir='ltr'>:orde</span> <span class='ocrx_word' id='word_1_171' title='bbox 525 2853 589 2917; x_wconf 92' lang='lat' dir='ltr'>Per</span> <span class='ocrx_word' id='word_1_172' title='bbox 604 2854 670 2917; x_wconf 91' lang='lat' dir='ltr'>boc</span> <span class='ocrx_word' id='word_1_173' title='bbox 695 2853 821 2918; x_wconf 89' lang='lat' dir='ltr'>etenim</span> <span class='ocrx_word' id='word_1_174' title='bbox 853 2852 935 2939; x_wconf 83' lang='lat' dir='ltr'>Regi</span> <span class='ocrx_word' id='word_1_175' title='bbox 957 2856 1099 2941; x_wconf 89' lang='lat' dir='ltr'>pacifico</span> <span class='ocrx_word' id='word_1_176' title='bbox 1123 2854 1272 2940; x_wconf 91' lang='lat' dir='ltr'>placebis</span> <span class='ocrx_word' id='word_1_177' title='bbox 1296 2852 1433 2918; x_wconf 90' lang='lat' dir='ltr'>indubie</span> <span class='ocrx_word' id='word_1_178' title='bbox 1460 2859 1495 2917; x_wconf 90' lang='lat' dir='ltr'>et</span> <span class='ocrx_word' id='word_1_179' title='bbox 1518 2851 1606 2937; x_wconf 92' lang='lat' dir='ltr'>apud</span> <span class='ocrx_word' id='word_1_180' title='bbox 1629 2851 1756 2917; x_wconf 92' lang='lat' dir='ltr'>dictum</span> 
     </span>
     <span class='ocr_line' id='line_1_21' title="bbox 403 2955 1758 3043; baseline -0.002 -22"><span class='ocrx_word' id='word_1_181' title='bbox 403 2977 517 3042; x_wconf 85' lang='lat' dir='ltr'>egem,</span> <span class='ocrx_word' id='word_1_182' title='bbox 533 2955 708 3021; x_wconf 90' lang='lat' dir='ltr'>dominum</span> <span class='ocrx_word' id='word_1_183' title='bbox 724 2964 831 3036; x_wconf 92' lang='lat' dir='ltr'>tuum,</span> <span class='ocrx_word' id='word_1_184' title='bbox 846 2958 1124 3024; x_wconf 89' lang='lat' dir='ltr'>reconsiliationis</span> <span class='ocrx_word' id='word_1_185' title='bbox 1139 2966 1197 3024; x_wconf 92' lang='lat' dir='ltr'>tue</span> <span class='ocrx_word' id='word_1_186' title='bbox 1212 2958 1267 3022; x_wconf 91' lang='lat' dir='ltr'>via</span> <span class='ocrx_word' id='word_1_187' title='bbox 1281 2955 1406 3043; x_wconf 90' lang='lat' dir='ltr'>poterit</span> <span class='ocrx_word' id='word_1_188' title='bbox 1421 2963 1536 3041; x_wconf 91' lang='lat' dir='ltr'>patere</span> <span class='ocrx_word' id='word_1_189' title='bbox 1553 2955 1687 3036; x_wconf 83' lang='lat' dir='ltr'>facilior,</span> <span class='ocrx_word' id='word_1_190' title='bbox 1699 2965 1758 3019; x_wconf 91' lang='lat' dir='ltr'>tua</span> 
     </span>
     <span class='ocr_line' id='line_1_22' title="bbox 403 3058 1772 3147; baseline -0.001 -24"><span class='ocrx_word' id='word_1_191' title='bbox 403 3060 568 3126; x_wconf 63' lang='lat' dir='ltr'>avidenter</span> <span class='ocrx_word' id='word_1_192' title='bbox 582 3060 798 3144; x_wconf 91' lang='lat' dir='ltr'>promovebis</span> <span class='ocrx_word' id='word_1_193' title='bbox 815 3060 935 3126; x_wconf 87' lang='lat' dir='ltr'>exinde</span> <span class='ocrx_word' id='word_1_194' title='bbox 950 3061 1163 3147; x_wconf 92' lang='lat' dir='ltr'>compendia,</span> <span class='ocrx_word' id='word_1_195' title='bbox 1180 3081 1308 3145; x_wconf 89' lang='lat' dir='ltr'>nosque</span> <span class='ocrx_word' id='word_1_196' title='bbox 1325 3060 1380 3144; x_wconf 90' lang='lat' dir='ltr'>qni</span> <span class='ocrx_word' id='word_1_197' title='bbox 1397 3059 1440 3125; x_wconf 91' lang='lat' dir='ltr'>ad</span> <span class='ocrx_word' id='word_1_198' title='bbox 1454 3059 1547 3145; x_wconf 91' lang='lat' dir='ltr'>pacis</span> <span class='ocrx_word' id='word_1_199' title='bbox 1564 3059 1665 3144; x_wconf 92' lang='lat' dir='ltr'>ipsius</span> <span class='ocrx_word' id='word_1_200' title='bbox 1681 3058 1772 3123; x_wconf 73' lang='lat' dir='ltr'>soli·&#39;</span> 
     </span>
     <span class='ocr_line' id='line_1_23' title="bbox 403 3162 1757 3250; baseline -0.002 -22"><span class='ocrx_word' id='word_1_201' title='bbox 403 3162 566 3228; x_wconf 86' lang='lat' dir='ltr'>lationem</span> <span class='ocrx_word' id='word_1_202' title='bbox 583 3162 728 3226; x_wconf 91' lang='lat' dir='ltr'>multum</span> <span class='ocrx_word' id='word_1_203' title='bbox 742 3162 915 3243; x_wconf 87' lang='lat' dir='ltr'>afficimur,</span> <span class='ocrx_word' id='word_1_204' title='bbox 933 3173 1025 3228; x_wconf 90' lang='lat' dir='ltr'>tuam</span> <span class='ocrx_word' id='word_1_205' title='bbox 1050 3164 1127 3229; x_wconf 90' lang='lat' dir='ltr'>inde</span> <span class='ocrx_word' id='word_1_206' title='bbox 1144 3165 1315 3229; x_wconf 90' lang='lat' dir='ltr'>solertiam</span> <span class='ocrx_word' id='word_1_207' title='bbox 1336 3185 1413 3229; x_wconf 90' lang='lat' dir='ltr'>cum</span> <span class='ocrx_word' id='word_1_208' title='bbox 1436 3164 1613 3250; x_wconf 91' lang='lat' dir='ltr'>apostolici</span> <span class='ocrx_word' id='word_1_209' title='bbox 1631 3162 1757 3228; x_wconf 91' lang='lat' dir='ltr'>exhibi-</span> 
     </span>
     <span class='ocr_line' id='line_1_24' title="bbox 403 3266 1759 3352; baseline -0.001 -21"><span class='ocrx_word' id='word_1_210' title='bbox 403 3269 487 3334; x_wconf 79' lang='lat' dir='ltr'>‚ione</span> <span class='ocrx_word' id='word_1_211' title='bbox 515 3267 639 3331; x_wconf 85' lang='lat' dir='ltr'>favoris</span> <span class='ocrx_word' id='word_1_212' title='bbox 664 3267 838 3352; x_wconf 90' lang='lat' dir='ltr'>condignis</span> <span class='ocrx_word' id='word_1_213' title='bbox 865 3268 897 3331; x_wconf 93' lang='lat' dir='ltr'>in</span> <span class='ocrx_word' id='word_1_214' title='bbox 916 3267 1066 3333; x_wconf 92' lang='lat' dir='ltr'>Domino</span> <span class='ocrx_word' id='word_1_215' title='bbox 1093 3268 1245 3332; x_wconf 89' lang='lat' dir='ltr'>laudibus</span> <span class='ocrx_word' id='word_1_216' title='bbox 1261 3269 1464 3333; x_wconf 86' lang='lat' dir='ltr'>attollemus.</span> <span class='ocrx_word' id='word_1_217' title='bbox 1482 3267 1586 3333; x_wconf 91' lang='lat' dir='ltr'>Porro</span> <span class='ocrx_word' id='word_1_218' title='bbox 1613 3268 1650 3346; x_wconf 87' lang='lat' dir='ltr'>si,</span> <span class='ocrx_word' id='word_1_219' title='bbox 1667 3266 1759 3351; x_wconf 92' lang='lat' dir='ltr'>quod</span> 
     </span>
     <span class='ocr_line' id='line_1_25' title="bbox 403 3370 1759 3456; baseline -0.003 -19"><span class='ocrx_word' id='word_1_220' title='bbox 403 3374 490 3451; x_wconf 82' lang='lat' dir='ltr'>rbsit,</span> <span class='ocrx_word' id='word_1_221' title='bbox 506 3370 639 3456; x_wconf 89' lang='lat' dir='ltr'>genitor</span> <span class='ocrx_word' id='word_1_222' title='bbox 664 3370 733 3455; x_wconf 92' lang='lat' dir='ltr'>ipse</span> <span class='ocrx_word' id='word_1_223' title='bbox 750 3372 927 3436; x_wconf 88' lang='lat' dir='ltr'>consilium</span> <span class='ocrx_word' id='word_1_224' title='bbox 943 3371 1034 3456; x_wconf 92' lang='lat' dir='ltr'>pacis</span> <span class='ocrx_word' id='word_1_225' title='bbox 1058 3372 1228 3455; x_wconf 89' lang='lat' dir='ltr'>abjecerit,</span> <span class='ocrx_word' id='word_1_226' title='bbox 1245 3371 1406 3456; x_wconf 90' lang='lat' dir='ltr'>patientia</span> <span class='ocrx_word' id='word_1_227' title='bbox 1431 3371 1544 3437; x_wconf 90' lang='lat' dir='ltr'>divine</span> <span class='ocrx_word' id='word_1_228' title='bbox 1561 3371 1759 3454; x_wconf 85' lang='lat' dir='ltr'>longanimi-</span> 
     </span>
     <span class='ocr_line' id='line_1_26' title="bbox 403 3472 1757 3559; baseline -0.003 -18"><span class='ocrx_word' id='word_1_229' title='bbox 403 3477 474 3542; x_wconf 85' lang='lat' dir='ltr'>·atis</span> <span class='ocrx_word' id='word_1_230' title='bbox 500 3477 654 3552; x_wconf 86' lang='lat' dir='ltr'>abutens,</span> <span class='ocrx_word' id='word_1_231' title='bbox 671 3495 736 3556; x_wconf 92' lang='lat' dir='ltr'>que</span> <span class='ocrx_word' id='word_1_232' title='bbox 754 3475 863 3559; x_wconf 90' lang='lat' dir='ltr'>ipsum</span> <span class='ocrx_word' id='word_1_233' title='bbox 890 3473 932 3539; x_wconf 89' lang='lat' dir='ltr'>ad</span> <span class='ocrx_word' id='word_1_234' title='bbox 947 3474 1169 3559; x_wconf 92' lang='lat' dir='ltr'>penitentiam</span> <span class='ocrx_word' id='word_1_235' title='bbox 1194 3474 1236 3538; x_wconf 92' lang='lat' dir='ltr'>de</span> <span class='ocrx_word' id='word_1_236' title='bbox 1253 3472 1438 3539; x_wconf 91' lang='lat' dir='ltr'>commissis</span> <span class='ocrx_word' id='word_1_237' title='bbox 1465 3475 1566 3539; x_wconf 93' lang='lat' dir='ltr'>debet</span> <span class='ocrx_word' id='word_1_238' title='bbox 1582 3474 1757 3554; x_wconf 90' lang='lat' dir='ltr'>adducere,</span> 
     </span>
     <span class='ocr_line' id='line_1_27' title="bbox 403 3577 1759 3657; baseline 0 -17"><span class='ocrx_word' id='word_1_239' title='bbox 403 3579 580 3644; x_wconf 87' lang='lat' dir='ltr'>verendum</span> <span class='ocrx_word' id='word_1_240' title='bbox 597 3585 706 3641; x_wconf 90' lang='lat' dir='ltr'>estne</span> <span class='ocrx_word' id='word_1_241' title='bbox 723 3579 783 3643; x_wconf 91' lang='lat' dir='ltr'>sibi</span> <span class='ocrx_word' id='word_1_242' title='bbox 812 3580 843 3642; x_wconf 93' lang='lat' dir='ltr'>in</span> <span class='ocrx_word' id='word_1_243' title='bbox 861 3579 914 3643; x_wconf 92' lang='lat' dir='ltr'>die</span> <span class='ocrx_word' id='word_1_244' title='bbox 931 3578 977 3642; x_wconf 91' lang='lat' dir='ltr'>irc</span> <span class='ocrx_word' id='word_1_245' title='bbox 1003 3578 1084 3642; x_wconf 88' lang='lat' dir='ltr'>iram</span> <span class='ocrx_word' id='word_1_246' title='bbox 1110 3578 1246 3643; x_wconf 92' lang='lat' dir='ltr'>Domini</span> <span class='ocrx_word' id='word_1_247' title='bbox 1268 3577 1505 3657; x_wconf 88' lang='lat' dir='ltr'>thesaurizans,</span> <span class='ocrx_word' id='word_1_248' title='bbox 1522 3598 1598 3641; x_wconf 91' lang='lat' dir='ltr'>eum</span> <span class='ocrx_word' id='word_1_249' title='bbox 1623 3578 1675 3643; x_wconf 90' lang='lat' dir='ltr'>cui</span> <span class='ocrx_word' id='word_1_250' title='bbox 1699 3579 1759 3641; x_wconf 92' lang='lat' dir='ltr'>im-</span> 
     </span>
     <span class='ocr_line' id='line_1_28' title="bbox 403 3680 1759 3768; baseline -0.003 -20"><span class='ocrx_word' id='word_1_251' title='bbox 403 3685 650 3768; x_wconf 77' lang='lat' dir='ltr'>pedimentum‘</span> <span class='ocrx_word' id='word_1_252' title='bbox 664 3703 838 3747; x_wconf 89' lang='lat' dir='ltr'>succursus</span> <span class='ocrx_word' id='word_1_253' title='bbox 848 3682 987 3766; x_wconf 86' lang='lat' dir='ltr'>predicti</span> <span class='ocrx_word' id='word_1_254' title='bbox 998 3703 1067 3746; x_wconf 91' lang='lat' dir='ltr'>nou</span> <span class='ocrx_word' id='word_1_255' title='bbox 1078 3682 1207 3762; x_wconf 90' lang='lat' dir='ltr'>leviter,</span> <span class='ocrx_word' id='word_1_256' title='bbox 1219 3690 1257 3746; x_wconf 93' lang='lat' dir='ltr'>ut</span> <span class='ocrx_word' id='word_1_257' title='bbox 1273 3680 1427 3762; x_wconf 91' lang='lat' dir='ltr'>creditur,</span> <span class='ocrx_word' id='word_1_258' title='bbox 1438 3680 1603 3767; x_wconf 88' lang='lat' dir='ltr'>displicet,</span> <span class='ocrx_word' id='word_1_259' title='bbox 1617 3684 1759 3746; x_wconf 89' lang='lat' dir='ltr'>ultorem</span> 
     </span>
     <span class='ocr_line' id='line_1_29' title="bbox 403 3785 1475 3871; baseline -0.003 -20"><span class='ocrx_word' id='word_1_260' title='bbox 403 3790 606 3869; x_wconf 90' lang='lat' dir='ltr'>acerrimum,</span> <span class='ocrx_word' id='word_1_261' title='bbox 623 3809 699 3854; x_wconf 92' lang='lat' dir='ltr'>cnm</span> <span class='ocrx_word' id='word_1_262' title='bbox 717 3786 749 3850; x_wconf 90' lang='lat' dir='ltr'>in</span> <span class='ocrx_word' id='word_1_263' title='bbox 765 3786 857 3851; x_wconf 89' lang='lat' dir='ltr'>brevi</span> <span class='ocrx_word' id='word_1_264' title='bbox 875 3786 921 3850; x_wconf 91' lang='lat' dir='ltr'>ira</span> <span class='ocrx_word' id='word_1_265' title='bbox 937 3786 1007 3871; x_wconf 90' lang='lat' dir='ltr'>ejus</span> <span class='ocrx_word' id='word_1_266' title='bbox 1023 3785 1190 3864; x_wconf 87' lang='lat' dir='ltr'>exarserit,</span> <span class='ocrx_word' id='word_1_267' title='bbox 1205 3786 1293 3870; x_wconf 91' lang='lat' dir='ltr'>juste</span> <span class='ocrx_word' id='word_1_268' title='bbox 1309 3787 1440 3870; x_wconf 88' lang='lat' dir='ltr'>probet.</span> <span class='ocrx_word' id='word_1_269' title='bbox 1459 3804 1475 3856; x_wconf 68' lang='lat' dir='ltr'>p</span> 
     </span>
    </p>
   </div>
   <div class='ocr_carea' id='block_1_4' title="bbox 431 3923 1296 3987">
    <p class='ocr_par' dir='ltr' id='par_1_4' title="bbox 431 3923 1296 3987">
     <span class='ocr_line' id='line_1_30' title="bbox 431 3923 1296 3987; baseline 0 -15"><span class='ocrx_word' id='word_1_270' title='bbox 431 3926 491 3986; x_wconf 71' lang='lat' dir='ltr'>ling.</span> <span class='ocrx_word' id='word_1_271' title='bbox 507 3926 566 3973; x_wconf 83' lang='lat' dir='ltr'>l&#39;at.</span> <span class='ocrx_word' id='word_1_272' title='bbox 581 3928 634 3973; x_wconf 81' lang='lat' dir='ltr'>llo.</span> <span class='ocrx_word' id='word_1_273' title='bbox 648 3941 706 3987; x_wconf 77' lang='lat' dir='ltr'>pars</span> <span class='ocrx_word' id='word_1_274' title='bbox 719 3926 738 3972; x_wconf 93' lang='lat' dir='ltr'>l.</span> <span class='ocrx_word' id='word_1_275' title='bbox 752 3926 769 3973; x_wconf 82' lang='lat' dir='ltr'>f.</span> <span class='ocrx_word' id='word_1_276' title='bbox 782 3927 822 3982; x_wconf 82' lang='lat'>33,</span> <span class='ocrx_word' id='word_1_277' title='bbox 838 3939 861 3971; x_wconf 89' lang='lat' dir='ltr'>n.</span> <span class='ocrx_word' id='word_1_278' title='bbox 874 3927 913 3974; x_wconf 68' lang='lat' dir='ltr'>bx,</span> <span class='ocrx_word' id='word_1_279' title='bbox 931 3953 960 3959; x_wconf 81' lang='lat'><em>-</em></span> <span class='ocrx_word' id='word_1_280' title='bbox 973 3924 1078 3982; x_wconf 70' lang='lat' dir='ltr'>Conlon,</span> <span class='ocrx_word' id='word_1_281' title='bbox 1093 3940 1117 3972; x_wconf 90' lang='lat' dir='ltr'>n.</span> <span class='ocrx_word' id='word_1_282' title='bbox 1131 3925 1178 3970; x_wconf 78' lang='lat'>715</span> <span class='ocrx_word' id='word_1_283' title='bbox 1190 3923 1296 3985; x_wconf 83' lang='lat' dir='ltr'>(texte).</span> 
     </span>
    </p>
   </div>
   <div class='ocr_carea' id='block_1_5' title="bbox 416 4090 1760 4481">
    <p class='ocr_par' dir='ltr' id='par_1_5' title="bbox 445 4090 1716 4191">
     <span class='ocr_line' id='line_1_31' title="bbox 445 4090 1716 4191; baseline -0.001 -21"><span class='ocrx_word' id='word_1_284' title='bbox 445 4090 557 4171; x_wconf 79' lang='grc'>642.</span> <span class='ocrx_word' id='word_1_285' title='bbox 1359 4106 1452 4187; x_wconf 76' lang='lat'><em>1318,</em></span> <span class='ocrx_word' id='word_1_286' title='bbox 1472 4123 1513 4187; x_wconf 84' lang='lat'>17</span> <span class='ocrx_word' id='word_1_287' title='bbox 1528 4106 1716 4191; x_wconf 80' lang='lat' dir='ltr'>septembre.</span> 
     </span>
    </p>

    <p class='ocr_par' dir='ltr' id='par_1_6' title="bbox 416 4206 1760 4481">
     <span class='ocr_line' id='line_1_32' title="bbox 446 4206 1760 4294; baseline 0.002 -23"><span class='ocrx_word' id='word_1_288' title='bbox 446 4207 602 4288; x_wconf 88' lang='lat' dir='ltr'>Robert0,</span> <span class='ocrx_word' id='word_1_289' title='bbox 617 4207 684 4273; x_wconf 91' lang='lat' dir='ltr'>filio</span> <span class='ocrx_word' id='word_1_290' title='bbox 697 4208 847 4288; x_wconf 90' lang='lat' dir='ltr'>Roberti,</span> <span class='ocrx_word' id='word_1_291' title='bbox 861 4207 993 4272; x_wconf 93' lang='lat' dir='ltr'>comitis</span> <span class='ocrx_word' id='word_1_292' title='bbox 1005 4206 1171 4287; x_wconf 86' lang='lat' dir='ltr'>Flandrie,</span> <span class='ocrx_word' id='word_1_293' title='bbox 1183 4207 1334 4272; x_wconf 90' lang='lat' dir='ltr'>scribitur</span> <span class='ocrx_word' id='word_1_294' title='bbox 1347 4216 1382 4272; x_wconf 91' lang='lat' dir='ltr'>ut</span> <span class='ocrx_word' id='word_1_295' title='bbox 1393 4209 1435 4273; x_wconf 90' lang='lat' dir='ltr'>ad</span> <span class='ocrx_word' id='word_1_296' title='bbox 1445 4230 1563 4294; x_wconf 91' lang='lat' dir='ltr'>pacem</span> <span class='ocrx_word' id='word_1_297' title='bbox 1576 4230 1611 4273; x_wconf 92' lang='lat' dir='ltr'>se</span> <span class='ocrx_word' id='word_1_298' title='bbox 1626 4228 1760 4294; x_wconf 90' lang='lat' dir='ltr'>promp-</span> 
     </span>
     <span class='ocr_line' id='line_1_33' title="bbox 416 4311 1760 4397; baseline 0.004 -27"><span class='ocrx_word' id='word_1_299' title='bbox 416 4320 473 4374; x_wconf 88' lang='lat' dir='ltr'>tum</span> <span class='ocrx_word' id='word_1_300' title='bbox 491 4313 610 4378; x_wconf 88' lang='lat' dir='ltr'>reddat</span> <span class='ocrx_word' id='word_1_301' title='bbox 626 4322 660 4377; x_wconf 91' lang='lat' dir='ltr'>et</span> <span class='ocrx_word' id='word_1_302' title='bbox 676 4321 806 4397; x_wconf 92' lang='lat' dir='ltr'>patrem</span> <span class='ocrx_word' id='word_1_303' title='bbox 832 4333 928 4376; x_wconf 91' lang='lat' dir='ltr'>snum</span> <span class='ocrx_word' id='word_1_304' title='bbox 952 4312 1155 4395; x_wconf 87' lang='lat' dir='ltr'>nuntiosque</span> <span class='ocrx_word' id='word_1_305' title='bbox 1180 4312 1251 4394; x_wconf 89' lang='lat' dir='ltr'>ejus</span> <span class='ocrx_word' id='word_1_306' title='bbox 1275 4320 1310 4376; x_wconf 93' lang='lat' dir='ltr'>et</span> <span class='ocrx_word' id='word_1_307' title='bbox 1332 4313 1578 4378; x_wconf 91' lang='lat' dir='ltr'>comunitatum</span> <span class='ocrx_word' id='word_1_308' title='bbox 1603 4311 1760 4377; x_wconf 88' lang='lat' dir='ltr'>Flandrie</span> 
     </span>
     <span class='ocr_line' id='line_1_34' title="bbox 418 4412 695 4481; baseline 0.014 -6"><span class='ocrx_word' id='word_1_309' title='bbox 418 4412 531 4480; x_wconf 88' lang='lat' dir='ltr'>adeam</span> <span class='ocrx_word' id='word_1_310' title='bbox 547 4415 695 4481; x_wconf 86' lang='lat' dir='ltr'>inducat.</span> 
     </span>
    </p>
   </div>
   <div class='ocr_carea' id='block_1_6' title="bbox 424 4615 1760 5016">
    <p class='ocr_par' dir='ltr' id='par_1_7' title="bbox 424 4615 1760 5016">
     <span class='ocr_line' id='line_1_35' title="bbox 458 4615 1760 4701; baseline 0.004 -21"><span class='ocrx_word' id='word_1_311' title='bbox 458 4616 613 4682; x_wconf 75' lang='lat' dir='ltr'>(Dilecto</span> <span class='ocrx_word' id='word_1_312' title='bbox 635 4616 704 4680; x_wconf 87' lang='lat' dir='ltr'>filio</span> <span class='ocrx_word' id='word_1_313' title='bbox 719 4615 732 4650; x_wconf 73' lang='lat'>‘³</span> <span class='ocrx_word' id='word_1_314' title='bbox 747 4617 850 4681; x_wconf 92' lang='lat' dir='ltr'>nobili</span> <span class='ocrx_word' id='word_1_315' title='bbox 879 4617 950 4682; x_wconf 91' lang='lat' dir='ltr'>viro</span> <span class='ocrx_word' id='word_1_316' title='bbox 973 4616 1134 4696; x_wconf 89' lang='lat' dir='ltr'>Robert0,</span> <span class='ocrx_word' id='word_1_317' title='bbox 1160 4616 1274 4682; x_wconf 91' lang='lat' dir='ltr'>dilecti</span> <span class='ocrx_word' id='word_1_318' title='bbox 1302 4617 1359 4683; x_wconf 89' lang='lat' dir='ltr'>filii</span> <span class='ocrx_word' id='word_1_319' title='bbox 1383 4619 1503 4684; x_wconf 89' lang='lat' dir='ltr'>nobilis</span> <span class='ocrx_word' id='word_1_320' title='bbox 1528 4619 1588 4683; x_wconf 92' lang='lat' dir='ltr'>viri</span> <span class='ocrx_word' id='word_1_321' title='bbox 1613 4620 1760 4701; x_wconf 90' lang='lat' dir='ltr'>Roberti,</span> 
     </span>
     <span class='ocr_line' id='line_1_36' title="bbox 424 4719 1760 4809; baseline 0.005 -29"><span class='ocrx_word' id='word_1_322' title='bbox 424 4720 531 4786; x_wconf 82' lang='lat' dir='ltr'>comitis</span> <span class='ocrx_word' id='word_1_323' title='bbox 545 4720 710 4800; x_wconf 89' lang='lat' dir='ltr'>Flandrie,</span> <span class='ocrx_word' id='word_1_324' title='bbox 728 4721 806 4786; x_wconf 89' lang='lat' dir='ltr'>filio.</span> <span class='ocrx_word' id='word_1_325' title='bbox 819 4719 962 4786; x_wconf 89' lang='lat' dir='ltr'>Grandis</span> <span class='ocrx_word' id='word_1_326' title='bbox 979 4721 1128 4802; x_wconf 86' lang='lat' dir='ltr'>affectus,</span> <span class='ocrx_word' id='word_1_327' title='bbox 1141 4743 1240 4806; x_wconf 88' lang='lat' dir='ltr'>quem</span> <span class='ocrx_word' id='word_1_328' title='bbox 1257 4722 1298 4787; x_wconf 91' lang='lat' dir='ltr'>ad</span> <span class='ocrx_word' id='word_1_329' title='bbox 1314 4723 1523 4788; x_wconf 90' lang='lat' dir='ltr'>solidandam</span> <span class='ocrx_word' id='word_1_330' title='bbox 1533 4745 1651 4809; x_wconf 92' lang='lat' dir='ltr'>pacem</span> <span class='ocrx_word' id='word_1_331' title='bbox 1663 4724 1760 4789; x_wconf 90' lang='lat' dir='ltr'>Flan-</span> 
     </span>
     <span class='ocr_line' id='line_1_37' title="bbox 425 4814 1760 4913; baseline 0.007 -30"><span class='ocrx_word' id='word_1_332' title='bbox 425 4814 479 4883; x_wconf 76' lang='lat' dir='ltr'>‹lrie</span> <span class='ocrx_word' id='word_1_333' title='bbox 492 4827 630 4908; x_wconf 88' lang='lat' dir='ltr'>gerimus</span> <span class='ocrx_word' id='word_1_334' title='bbox 655 4846 717 4890; x_wconf 91' lang='lat' dir='ltr'>nos</span> <span class='ocrx_word' id='word_1_335' title='bbox 734 4825 862 4890; x_wconf 86' lang='lat' dir='ltr'>inducit</span> <span class='ocrx_word' id='word_1_336' title='bbox 887 4846 927 4889; x_wconf 91' lang='lat' dir='ltr'>ea</span> <span class='ocrx_word' id='word_1_337' title='bbox 944 4825 1031 4890; x_wconf 91' lang='lat' dir='ltr'>circa</span> <span class='ocrx_word' id='word_1_338' title='bbox 1047 4826 1138 4890; x_wconf 88' lang='lat' dir='ltr'>illam</span> <span class='ocrx_word' id='word_1_339' title='bbox 1163 4826 1222 4891; x_wconf 91' lang='lat' dir='ltr'>tibi</span> <span class='ocrx_word' id='word_1_340' title='bbox 1240 4848 1413 4912; x_wconf 90' lang='lat' dir='ltr'>suggerere</span> <span class='ocrx_word' id='word_1_341' title='bbox 1435 4827 1469 4891; x_wconf 92' lang='lat' dir='ltr'>in</span> <span class='ocrx_word' id='word_1_342' title='bbox 1493 4828 1621 4911; x_wconf 90' lang='lat' dir='ltr'>quibus,</span> <span class='ocrx_word' id='word_1_343' title='bbox 1644 4828 1670 4892; x_wconf 93' lang='lat' dir='ltr'>si</span> <span class='ocrx_word' id='word_1_344' title='bbox 1686 4848 1760 4913; x_wconf 91' lang='lat' dir='ltr'>pru-</span> 
     </span>
     <span class='ocr_line' id='line_1_38' title="bbox 426 4917 1759 5016; baseline 0.006 -30"><span class='ocrx_word' id='word_1_345' title='bbox 426 4917 520 4991; x_wconf 83' lang='lat' dir='ltr'>denter</span> <span class='ocrx_word' id='word_1_346' title='bbox 543 4930 698 5009; x_wconf 90' lang='lat' dir='ltr'>advertis,</span> <span class='ocrx_word' id='word_1_347' title='bbox 716 4940 865 4993; x_wconf 88' lang='lat' dir='ltr'>nostram</span> <span class='ocrx_word' id='word_1_348' title='bbox 893 4938 926 4993; x_wconf 91' lang='lat' dir='ltr'>et</span> <span class='ocrx_word' id='word_1_349' title='bbox 954 4930 1097 5014; x_wconf 88' lang='lat' dir='ltr'>cujusvis</span> <span class='ocrx_word' id='word_1_350' title='bbox 1121 4930 1223 4995; x_wconf 92' lang='lat' dir='ltr'>debes</span> <span class='ocrx_word' id='word_1_351' title='bbox 1248 4931 1443 4996; x_wconf 91' lang='lat' dir='ltr'>instantiam</span> <span class='ocrx_word' id='word_1_352' title='bbox 1470 4932 1652 5016; x_wconf 88' lang='lat' dir='ltr'>prevenire.</span> <span class='ocrx_word' id='word_1_353' title='bbox 1672 4930 1759 4996; x_wconf 90' lang='lat' dir='ltr'>Ecce</span> 
     </span>
    </p>
   </div>
   <div class='ocr_carea' id='block_1_7' title="bbox 451 5163 1758 5233">
    <p class='ocr_par' dir='ltr' id='par_1_8' title="bbox 451 5163 1758 5233">
     <span class='ocr_line' id='line_1_39' title="bbox 451 5163 1758 5233; baseline 0.002 -18"><span class='ocrx_word' id='word_1_354' title='bbox 451 5175 471 5205; x_wconf 79' lang='lat'>“·</span> <span class='ocrx_word' id='word_1_355' title='bbox 483 5163 610 5228; x_wconf 42' lang='lat' dir='ltr'>ligii-tensi</span> <span class='ocrx_word' id='word_1_356' title='bbox 623 5188 671 5233; x_wconf 70' lang='lat' dir='ltr'>rep.</span> <span class='ocrx_word' id='word_1_357' title='bbox 700 5202 714 5205; x_wconf 33' lang='grc' dir='ltr'><em>κ</em></span> <span class='ocrx_word' id='word_1_358' title='bbox 726 5172 885 5219; x_wconf 65' lang='lat' dir='ltr'>taddaeum</span> <span class='ocrx_word' id='word_1_359' title='bbox 894 5187 942 5231; x_wconf 72' lang='lat' dir='ltr'>rep.</span> <span class='ocrx_word' id='word_1_360' title='bbox 954 5200 983 5204; x_wconf 76' lang='lat'>—-</span> <span class='ocrx_word' id='word_1_361' title='bbox 992 5187 1012 5219; x_wconf 72' lang='lat' dir='ltr'>c.</span> <span class='ocrx_word' id='word_1_362' title='bbox 1026 5172 1209 5233; x_wconf 79' lang='lat' dir='ltr'>impedimento</span> <span class='ocrx_word' id='word_1_363' title='bbox 1218 5186 1266 5233; x_wconf 71' lang='lat' dir='ltr'>rap.</span> <span class='ocrx_word' id='word_1_364' title='bbox 1276 5198 1307 5204; x_wconf 90' lang='lat'>--</span> <span class='ocrx_word' id='word_1_365' title='bbox 1314 5170 1340 5221; x_wconf 79' lang='lat' dir='ltr'>d.</span> <span class='ocrx_word' id='word_1_366' title='bbox 1353 5170 1511 5218; x_wconf 84' lang='lat' dir='ltr'>Dilectotilio</span> <span class='ocrx_word' id='word_1_367' title='bbox 1525 5185 1631 5233; x_wconf 71' lang='lat' dir='ltr'>armaque</span> <span class='ocrx_word' id='word_1_368' title='bbox 1644 5186 1692 5231; x_wconf 75' lang='lat' dir='ltr'>rep.</span> <span class='ocrx_word' id='word_1_369' title='bbox 1705 5170 1758 5218; x_wconf 82' lang='lat'>110.</span> 
     </span>
    </p>
   </div>
   <div class='ocr_carea' id='block_1_8' title="bbox 0 0 2213 6017">
    <p class='ocr_par' dir='ltr' id='par_1_9' title="bbox 0 0 2213 6017">
     <span class='ocr_line' id='line_1_40' title="bbox 0 0 2213 6017; baseline 0 0"><span class='ocrx_word' id='word_1_370' title='bbox 0 0 2213 6017; x_wconf 95' lang='lat' dir='ltr'> </span> 
     </span>
    </p>
   </div>
  </div>
 </body>
</html>
